3764 5922
266 407 323 458 497
745 391 1088 454 ΡΥΤΗΑῦΟίλΕΟίλίίΜ
1110 393 1158 454 ΕΤ
1181 392 1358 454 ALIORUM

362 524 518 603 (Antonius
531 537 558 581 et
578 522 721 582 Maximus
743 523 840 598 Eciog.
856 523 914 582 Lvt
934 544 963 601 p.
979 524 1034 596 275
1142 524 1296 598 (Antonius
1307 536 1336 580 et
1347 521 1489 582 Maximus
1499 521 1597 596 Eclog.
1610 521 1730 580 cxcix
1748 543 1769 600 p
1785 525 1855 580 8551·

323 611 496 690 Σωκράτους.)
1080 630 1116 670 ss.
1141 611 1284 688 Σωκράτης
1305 608 1366 668 ἰδὼν
1380 607 1503 666 πλούσιον
1523 610 1679 667 ἀπαίδευτον
1707 610 1779 685 ἔφη·
1801 611 1858 668 'tiri

262 721 299 762 ts.
323 697 450 778 ίίριῖσσάν
465 701 519 756 ism
538 699 576 775 τῷ
592 697 651 756 ποθὶ
666 693 819 754 ὀλισθαίνιιν
833 695 850 766 ἢ
864 720 896 772 τη
917 695 1034 773 γλώσσῃ.
1140 695 1184 754 καί
1203 695 1233 754 τὸ
1245 701 1357 774 χρυσοῦν
1369 695 1543 772 ἀνδράποδον.

364 785 516 860 (domnius
540 797 568 842 et
586 783 727 840 Maximus
747 781 844 858 Eelog.
862 780 954 840 xcttt
976 784 1036 842 Σω-
1182 784 1338 858 (Antonius
1349 796 1377 840 et
1391 781 1533 840 Maximus
1547 781 1645 858 Eclog.
1662 781 1767 854 (ΙΕΧ.)

323 869 452 952 κράτους.)
1080 887 1116 928 ss.
1141 870 1225 946 Ψυχῇ
1250 871 1347 935 ζῶντας
1369 873 1440 942 ἡμᾶς
1460 873 1492 942 τῇ
1509 868 1603 937 ταύτης
1625 871 1709 946 ἀρετῇ
1728 865 1822 946 ῥητέον
1837 860 1858 925 εἶ

263 983 298 1022 ts.
323 959 465 1040 Σωκράτης
485 956 543 1023 τοθς
568 957 616 1035 μίν
636 954 793 1022 πλεονάκιας
816 955 901 1023 είκαζε
916 963 972 1021 ταῖς
994 954 1035 1034 ὄρ·
1140 955 1196 1030 ζῇν,
1210 957 1244 1018 ὡς
1253 955 1393 1031 ὄρθαλμοῖς
1403 956 1517 1030 ὁρῶντας
1527 959 1559 1030 τῇ
1570 951 1669 1011 τούτων
1681 958 1771 1031 ἀρετῇ
1783 957 1858 1014 καλῶς

322 1069 398 1122 νισιν,
414 1035 450 1104 ῶν
473 1050 490 1116 ἡ
514 1043 561 1117 μίν
586 1044 723 1102 καταπίνει
742 1043 769 1114 ὅ,
784 1065 809 1099 τι
832 1040 864 1100 ἂν
886 1041 1035 1122 προσεύχῃ,
1140 1043 1212 1120 θρᾷν.

323 1134 367 1192 καί
388 1132 458 1192 ίστιν
473 1131 516 1188 ὅτε
537 1131 671 1206 πνίγεται·
687 1131 714 1186 αἱ
730 1131 752 1188 δ’
769 1129 846 1188 σίλλαι
869 1131 1037 1207 περιακολου-
1080 1147 1116 1186 st.
1136 1126 1206 1188 Οὔτε
1230 1133 1327 1206 χρυσοῦ
1347 1125 1482 1204 νομιστίον
1507 1127 1557 1201 ίόν,
1577 1125 1635 1186 οὗτε
1652 1129 1754 1205 ἀρετῆς
1779 1117 1857 1205 αἶσχος

322 1225 408 1278 θοῦσιν
424 1219 526 1298 ἇρελεῗν
546 1215 609 1276 αιἰτθ
624 1217 796 1292 σπεύδουσαι,
812 1214 854 1276 ἵνα
872 1213 944 1294 παρὰ
959 1215 1037 1296 μέρος
1140 1212 1278 1271 ἅπτεσθαι.

323 1309 457 1384 πνιγῶσιν.
1079 1321 1116 1362 ss.
1140 1301 1266 1378 Καθάπερ
1290 1302 1325 1366 είς
1339 1299 1434 1358 ἄσυλον
1458 1299 1563 1375 τέμενος
1587 1299 1635 1370 τὴν
1661 1299 1765 1378 ἀρετὴν
1786 1304 1857 1377 ὀρμη-

365 1390 516 1466 (Αιιῑοιιὶυε
548 1402 576 1446 et
610 1387 753 1446 Maximus
786 1387 885 1463 Eclog.
915 1387 975 1445 le
1003 1409 1034 1464 p.
1138 1385 1204 1458 τίον,
1227 1385 1297 1452 ὅπως
1321 1385 1385 1466 πρθς
1407 1388 1538 1464 μηδεμίαν
1567 1389 1663 1464 ἀγεννῆ
1685 1390 1778 1466 ψινχῆς
1793 1387 1855 1464 ῦάριι

324 1480 404 1553 225.)
477 1543 482 1553 γ
1139 1461 1333 1548 ῶμενίκδοτοι.

263 1588 301 1626 ιιι.
322 1565 365 1626 Τὰ
380 1569 430 1623 τῶν
445 1563 531 1622 καλῶν
547 1559 681 1643 φιλήματα
698 1559 870 1640 φυλάττεσθαι
886 1562 938 1632 δεῖ,
954 1564 988 1628 ὥς
1002 1563 1034 1621 τά
1179 1559 1372 1641 (Jamblichus
1382 1561 1504 1620 Adhort.
1516 1561 1551 1618 ad
1564 1561 1677 1620 Phiios.
1694 1581 1722 1620 c.
1738 1560 1768 1618 Ιί
1783 1583 1812 1639 p.
1829 1575 1856 1629 rt

321 1657 372 1712 τῶν
387 1650 495 1711 inicius
509 1649 640 1726 δήγματα.
1138 1648 1184 1705 ed.
1202 1647 1306 1706 Xiessl.
1323 1647 1360 1708 cf.
1374 1647 1505 1706 Stobaeus
1518 1647 1593 1706 Fior.
1609 1647 1636 1717 1,
1650 1647 1775 1722 58-59.)

362 1738 515 1814 (Antonius
552 1749 580 1794 et
610 1735 752 1794 Maximus
791 1733 889 1811 Eciog.
918 1733 980 1794 CIX
1003 1757 1033 1815 p.
1079 1753 1115 1794 ss.
1137 1731 1228 1812 Ἀρετῇ
1243 1731 1290 1808 μίν
1311 1734 1452 1813 θαρσητίον
1471 1737 1506 1799 ὡς
1518 1733 1630 1812 σώφρονι
1645 1738 1778 1812 γαμετῇ,
1796 1735 1856 1812 rip

324 1825 403 1902 565.)
1140 1819 1162 1878 δ’
1174 1824 1209 1885 ὡς
1222 1820 1327 1898 ἄστάτιρ
1340 1819 1488 1880 πιστευτέον
1504 1821 1607 1900 ίταίρρ.

167 1951 176 1962 -
263 1933 299 1974 ει.
322 1913 357 1972 Oi
373 1907 496 1986 ιἰδελροθς
508 1907 641 1984 παριέντες
652 1907 696 1965 καί
706 1907 798 1974 ἄλλους
807 1907 894 1987 φίλους
904 1911 1037 1978 ζητοῦντες
1079 1926 1117 1968 uo.
1141 1905 1856 1985 ίίρεῗττονμετθπινίαςάρετλνὑποληπτέονῆπλοῦτοι

322 1993 502 2076 παραπλήσιοί
525 1995 574 2052 είσι
589 1993 641 2058 τοῖς
655 1993 703 2063 τὴν
719 1996 817 2054 ίαυτῶν
836 1999 886 2072 γῆν
900 1997 977 2067 ἐῶσι,
989 1994 1035 2066 τὴν
1140 1993 1206 2071 μετά
1220 1993 1328 2072 κακίας,
1340 1991 1497 2071 ὀλιγοσιτίαν
1512 1994 1577 2070 μετὰ
1592 1993 1691 2070 ὑγιείας
1704 1991 1724 2062 ἢ
1738 1997 1857 2073 πυλωρε-

323 2083 350 2141 δθ
365 2081 503 2160 άλλοτρίσν
518 2085 684 2160 γεωργοῦσιν.
1138 2081 1198 2154 γίαν
1216 2079 1283 2156 μετὰ
1296 2079 1381 2141 νόσου.
1516 2137 1521 2146 ,

362 2169 516 2236 (Antonius
529 2180 558 2225 et
575 2166 718 2226 Maximus
743 2165 839 2243 Eclog.
857 2165 981 2224 CXXXV
1003 2187 1033 2245 p.
1079 2189 1115 2230 st.
1139 2166 1261 2246 Βλαῦερίτ
1278 2167 1392 2241 μάλιστα
1409 2169 1504 2247 τροφῆς
1516 2165 1563 2241 μὲν
1574 2165 1683 2246 ἀφθονία
1693 2171 1734 2244 τῷ
1745 2167 1856 2242 σώματι,

325 2253 401 2334 776.)
1139 2253 1253 2323 κτήσεως
1267 2250 1295 2310 δὲ
1307 2257 1345 2329 τῷ
1356 2251 1403 2324 τὴν
1417 2252 1502 2332 ψυχὴν
1516 2253 1671 2332 διακειμένῳ
1682 2256 1784 2319 κακῶς.

263 2362 299 2402 ευ.
322 2341 362 2402 Τὸ
376 2344 457 2419 priris
473 2339 587 2418 ἀκαίρως
601 2338 655 2398 ἴσον
668 2337 724 2398 ἐστὶ
736 2342 772 2416 τῷ
785 2348 879 2414 μισεῖν.
1178 2337 1366 2417 (Jambiichus
1381 2339 1500 2398 Adhort
1518 2339 1553 2396 ad
1568 2339 1679 2397 Phiios.
1693 2360 1721 2396 c.
1737 2338 1765 2396 11
1780 2359 1809 2417 p.
1826 2351 1852 2406 rt

365 2431 517 2504 (Antonius
541 2441 569 2486 et
591 2427 733 2487 Maximus
759 2427 856 2504 Eelog,
883 2426 1034 2486 cxxxvii
1139 2428 1182 2484 ed.
1197 2427 1362 2503 Kiessiing.)

322 2535 350 2592 p.
367 2518 443 2592 723.)
1080 2533 1117 2575 ss.
1143 2512 1196 2572 ίία)
1217 2512 1356 2592 ἐπισφαλὲς
1369 2511 1413 2569 καί
1427 2510 1514 2588 ίμοιον
1536 2513 1688 2591 μαινομίνιρ
1701 2515 1793 2571 δὸῦναι
1810 2515 1854 2588 μα’-

264 2621 302 2660 sa,
325 2601 369 2660 Τίε
390 2605 441 2660 τῶν
455 2599 585 2658 πλουσίοιν
599 2600 644 2658 καί
659 2598 767 2658 άσώτων
781 2599 907 2678 χρήματα
924 2609 980 2667 ταῖς
994 2602 1036 2658 ἐπ)
1139 2621 1247 2677 χαιραν,
1260 2599 1305 2657 καί
1323 2601 1447 2678 μοχθηρῷ
1461 2599 1579 2673 δύναμιν.

322 2691 373 2744 τῶν
388 2689 510 2766 κρημνῶν
526 2687 630 2751 συκέαις
643 2685 742 2753 είκαζιν
760 2687 784 2762 (ὁ
798 2687 971 2762 Σωκράτης),
993 2688 1037 2767 ἄρ’
1080 2705 1116 2745 ta.
1143 2685 1266 2763 ίίαθάπερ
1279 2689 1316 2762 τῷ
1329 2685 1420 2764 ἒμπιίιρ
1437 2684 1536 2763 βέλτιον
1550 2685 1580 2744 τθ
1600 2684 1723 2744 καίεσθαι
1737 2691 1783 2745 τοῦ
1803 2689 1852 2744 διτ-

322 2765 358 2831 ῶν
374 2775 509 2850 ἄνθρωπον
527 2773 574 2848 μίν
590 2772 627 2848 μι)
651 2771 802 2848 λαμὸάνιιν,
817 2771 929 2848 κόρακας
942 2769 970 2827 δί
991 2773 1036 2830 κα)
1140 2770 1234 2848 μένειν,
1247 2770 1292 2830 καλ
1309 2773 1345 2851 τῷ
1362 2774 1486 2850 μοχθηρῷ
1502 2772 1533 2829 τὸ
1546 2771 1667 2830 τεθνάναι
1682 2777 1729 2830 τοῦ
1745 2777 1800 2850 ζῇν.

322 2859 445 2931 ίκτίνους,
469 2857 558 2937 ῶσπερ
583 2857 656 2938 παρὰ
680 2857 776 2915 τούτων
802 2857 904 2938 ἑταίρας
925 2857 969 2914 καί
988 2859 1035 2917 κά·
1080 2877 1116 2918 οι.
1139 2861 1199 2918 Τῶν
1216 2857 1284 2917 κατά
1308 2860 1401 2938 σοφίαν
1419 2858 1595 2936 θεωρημάτων
1620 2859 1801 2918 ἀπολαυστέον
1816 2859 1852 2934 ἐρ’

321 2947 414 3011 λακας.
1138 2945 1196 3004 ὅσον
1219 2937 1334 3021 οἷόντε,
1351 2946 1469 3025 καθάπερ
1489 2945 1635 3024 σἰμάροσίας
1657 2947 1704 3004 καί
1724 2945 1851 3024 νέκταρος
1874 2962 1875 2966 ’

362 3031 517 3111 (Antonius
526 3043 554 3088 et
562 3029 705 3089 Maximus
714 3027 810 3106 Eclog.
825 3029 897 3087 CXL
911 3051 938 3108 p.
957 3031 1034 3108 757.)
1139 3033 1269 3114 ἀκήρατόν
1280 3055 1308 3094 τι
1321 3033 1373 3112 γίιρ
1385 3033 1415 3091 τὸ
1430 3032 1474 3092 drr'
1489 3035 1573 3091 αὐτῶν
1586 3031 1635 3104 ἡδὺ
1647 3033 1695 3090 καί
1707 3035 1738 3092 τὸ
1751 3041 1814 3091 θεῖαι
1827 3033 1850 3090 τι

262 3139 300 3180 ει.
322 3117 389 3178 ‘flod
399 3121 479 3195 ἐστιν,
490 3116 578 3197 ῶσπερ
589 3117 656 3196 ρίλιρ
670 3117 820 3196 σπουδαίῳ,
832 3116 900 3176 οὕτω
913 3118 957 3176 καί
966 3117 1036 3200 λόγῳ
1140 3121 1320 3201 μεγαλόψυχον
1336 3119 1443 3178 δύναταί
1459 3143 1487 3180 τε
1500 3130 1594 3192 ποιεῖν,
1608 3119 1654 3177 καὶ
1664 3121 1688 3176 τί
1701 3121 1739 3190 μὴ
1754 3119 1850 3188 didisse,

324 3208 397 3285 καλῷ
412 3205 613 3284 συγγηράσκειν.
1142 3206 1230 3266 ἀϊδίων
1246 3231 1274 3284 γε
1289 3206 1474 3284 ἐπιστήμονας.

294 3425 332 3472 ts.
350 3423 452 3471 Prrcstat
464 3421 524 3484 pedo
539 3433 610 3484 ροισι
619 3421 698 3482 lingua
714 3420 768 3469 labi.
1114 3425 1153 3470 si.
1169 3423 1252 3483 Neque
1263 3433 1323 3470 euro
1335 3419 1521 3470 existimandum
1537 3426 1574 3470 est
1586 3420 1754 3471 adherescere
1775 3423 1853 3482 robigi

293 3514 333 3559 79.
351 3512 460 3559 Socrates
479 3521 564 3558 avaros
582 3507 668 3556 avibus
689 3506 853 3568 comparabat,
875 3519 975 3569 quarum
992 3507 1037 3556 niia
1082 3519 1152 3566 nem,
1167 3520 1245 3570 neque
1256 3507 1338 3556 virtuti
1349 3507 1530 3570 turpitudinem.

263 3596 361 3645 devorat
373 3594 491 3657 quidquid
504 3593 619 3652 occurrit,
631 3591 809 3656 siquandoque
820 3590 951 3640 suiiocatnr
965 3607 972 3640 ε
985 3593 1038 3641 alim
1112 3597 1151 3643 tis.
1168 3595 1235 3642 Sicut
1257 3593 1281 3642 in
1303 3591 1384 3643 tutum
1406 3593 1533 3642 delubrum
1555 3593 1586 3642 ad
1610 3593 1725 3642 virtutem
1747 3601 1784 3643 est
1803 3609 1852 3642 τοο-

263 3681 485 3742 verommitantor,
504 3683 532 3729 ut
552 3679 617 3742 quod
637 3679 708 3729 habet
723 3679 744 3728 ei
761 3681 968 3740 extorquemus
980 3681 1038 3743 ipsse
1081 3681 1240 3743 tendendum,
1255 3695 1286 3731 ne
1306 3681 1348 3730 uiti
1368 3682 1465 3744 ignobili
1489 3681 1562 3730 animi
1584 3682 1719 3731 inscientiae
1738 3683 1811 3731 dediti
1828 3689 1853 3730 si

263 3781 360 3832 quoque
369 3767 421 3817 aliae
433 3769 485 3829 post
498 3766 557 3815 aiios
569 3765 729 3815 eniterentur,
1081 3781 1143 3816 mus.

295 3861 333 3906 80.
351 3837 518 3905 sor'mosomn
541 3853 623 3902 oscula
645 3854 673 3902 ut
698 3851 834 3902 animalium
867 3853 1036 3903 venenatorum
1111 3859 1149 3903 iu.
1166 3853 1255 3904 Virtuti
1266 3853 1432 3903 confidendum
1446 3855 1497 3914 esi.
1512 3858 1540 3904 ut
1550 3859 1625 3903 castse
1636 3854 1748 3916 conjugi,
1761 3857 1853 3904 fortuna

264 3954 357 3990 nrorsus
371 3941 439 3989 vitari
452 3942 556 4002 oportet.
1081 3939 1240 4000 credendum,
1255 3942 1281 3989 ui
1297 3940 1404 3989 mutabili
1419 3940 1545 3989 meretrici.

294 4031 333 4076 iit.
350 4027 396 4086 Qui
418 4026 531 4075 iratribus
552 4025 664 4088 neglectis
677 4024 736 4074 aiios
755 4025 843 4074 amicos
865 4027 992 4088 qrrmruui,
1008 4027 1037 4078 iis
1111 4031 1149 4075 90.
1168 4027 1322 4075 prestantior
1343 4040 1399 4075 eum
1425 4029 1563 4088 paupertate
1586 4027 1665 4076 virtus
1691 4029 1729 4076 est
1754 4027 1852 4075 Ιιεοεοάι

263 4112 353 4162 similes
362 4115 418 4161 sunt
427 4113 468 4174 qui
479 4113 560 4162 relicto
573 4125 617 4160 suo
628 4125 684 4171 agro
696 4113 800 4161 alienum
813 4111 904 4162 colunt.
1080 4123 1152 4172 qrsam
1164 4111 1255 4161 dividas
1264 4125 1319 4161 cum
1332 4113 1495 4176 impmbitate,
1506 4113 1662 4174 temperentia
1682 4113 1709 4162 in
1721 4113 1788 4162 rictu
1806 4127 1851 4160 οιιπ

295 4205 333 4248 87.
351 4203 424 4247 Amor
435 4199 614 4260 intempestivus
626 4197 707 4246 odium
717 4199 805 4259 ποσοί.
1081 4197 1143 4247 bona
1152 4199 1288 4248 valetudine
1297 4211 1369 4261 quam
1381 4199 1487 4249 edacitas
1497 4212 1553 4248 cum
1568 4199 1662 4248 morbo.

294 4285 333 4332 8³,
348 4281 455 4330 iiisitum
468 4285 492 4331 ei
504 4283 654 4344 profusormn
670 4283 793 4331 hominum
806 4283 867 4331 bona
886 4281 936 4332 ficis
948 4281 1036 4332 arbori·
1097 4289 1150 4334 cnr.
1168 4288 1288 4334 Domnosa
1303 4287 1416 4351 ¹inprimis
1428 4285 1521 4348 corpori
1532 4286 1629 4348 quidem
1644 4287 1770 4344 ciborum,
1783 4285 1852 4334 enims

264 4369 309 4419 bus
320 4371 343 4417 in
355 4369 408 4417 loco
420 4367 534 4430 praecipiti
546 4371 569 4417 ei
579 4369 680 4430 abrupto
694 4369 775 4430 positis
785 4370 935 4430 comparabat
946 4369 1037 4432 (Socra-
1081 4385 1193 4421 veronen
1206 4377 1269 4424 recte
1281 4375 1411 4423 constituto
1423 4373 1562 4423 divitiamm
1572 4375 1640 4434 copia
1652 4375 1699 4422 est.

250 4447 321 4518 'tes)‚
335 4455 398 4506 unde
417 4455 525 4503 hominos
540 4455 597 4504 nihii
619 4455 752 4516 accipiant,
765 4455 806 4504 sed
825 4456 890 4504 cerri
909 4459 933 4505 et
954 4457 1037 4518 mitri,
1112 4465 1150 4509 97.
1170 4463 1246 4522 AEqoe
1269 4461 1429 4522 periculosum
1451 4466 1487 4511 est
1507 4459 1637 4509 furibundo
1658 4459 1769 4520 gladium
1789 4459 1851 4514 dam.

262 4541 467 4607 quemadmodum
479 4541 509 4590 ab
522 4541 568 4590 iilis
577 4545 654 4590 scoria
668 4543 693 4590 et
708 4541 851 4591 adoratores.
1080 4549 1152 4610 atque
1167 4548 1275 4608 improbo
1287 4549 1424 4609 punientiam.

294 4634 332 4680 si,
349 4627 488 4679 iucundum
500 4629 552 4689 esi,
564 4630 655 4677 uicum
672 4629 749 4677 amico
768 4627 890 4689 iton0‚sio
902 4643 958 4679 oum
977 4631 1037 4680 bona
1111 4637 1150 4683 ⁹³.
1166 4634 1374 4695 Quemadmodum
1395 4635 1487 4683 semies
1508 4635 1626 4683 laboranti
1650 4635 1728 4696 magis
1749 4631 1852 4682 conducit

263 4718 355 4768 ratione
368 4729 500 4767 senescere.
1081 4721 1149 4770 uicus
1170 4721 1224 4782 uri,
1239 4735 1311 4784 quam
1332 4735 1376 4785 pus
1397 4721 1496 4783 rettnqm
1508 4739 1514 4768 ι
1527 4721 1561 4770 sic
1579 4721 1691 4782 improbo
1706 4735 1772 4771 mors
1786 4733 1850 4782 qnam

294 4811 332 4854 us.
350 4805 460 4853 Socrates
472 4802 569 4852 diuitem
579 4803 697 4866 quendem
721 4803 843 4852 indoctum
864 4805 1035 4866 conspicatus:
1082 4807 1131 4856 vita
1144 4807 1223 4856 utilior
1237 4811 1284 4858 est.

264 4891 336 4948 Ecce,
348 4889 439 4950 inquit,
453 4891 525 4938 etiam
539 4902 636 4938 aureum
651 4889 807 4949 mancipium.
1111 4895 1151 4943 m.
1170 4895 1295 4954 sapientiae
1307 4893 1431 4956 preceptis
1450 4893 1576 4943 fruendum
1591 4895 1641 4952 est,
1654 4895 1774 4953 errantum
1789 4895 1850 4948 tinet.

293 4980 332 5025 us.
348 4979 427 5033 erum
437 4977 517 5025 anima
526 4975 653 5045 vivemus,
663 4975 715 5038 eius
725 4988 769 5025 nus
783 4977 870 5025 virtute
880 4980 944 5025 recte
956 4977 1037 5027 sisere
1081 4983 1109 5027 ut
1118 4979 1237 5029 ambrosia
1248 4982 1273 5029 et
1283 4986 1386 5030 nectare,
1397 4983 1457 5030 Nom
1468 4985 1492 5030 et
1502 4981 1593 5028 sincera
1603 4983 1640 5028 esi
1651 4993 1735 5028 eorum
1745 4979 1850 5037 dulcedo,

262 5061 388 5111 dicendum
403 5065 454 5124 est,
468 5064 530 5114 sicut
543 5064 619 5114 oculis
633 5064 754 5115 cernentes
766 5075 849 5112 eorum
869 5063 959 5115 uirtute
979 5064 1037 5114 bene
1081 5066 1105 5114 et
1126 5065 1231 5135 divinam
1252 5069 1361 5117 naturam
1381 5067 1487 5116 arrimnm
1507 5079 1618 5129 megnum
1632 5067 1728 5116 eiicere
1740 5069 1851 5128 possunt,

263 5147 343 5200 vidore
353 5149 463 5200 dicimur·
1081 5159 1166 5215 atqne,
1181 5157 1200 5203 si
1216 5167 1263 5204 non
1277 5159 1391 5218 antemos,
1407 5159 1431 5205 at
1445 5169 1525 5205 rerum
1541 5158 1685 5205 {eumarum
1699 5155 1796 5216 peritos.
