3690 5924
307 401 856 538 ΑΝΑΞΑΓΟΡΟΥ
900 408 1061 534 ΤΟΥ
1107 403 1704 532 ΚΛΑΖΟΜΕΝΙΟΥ

725 655 1297 758 annuntiantum.
1331 711 1334 718 ·

874 863 1158 900 ψ

188 1087 193 1108 ,
251 1036 318 1094 llaec
330 1034 365 1094 de
383 1033 447 1111 ejus
463 1034 577 1112 placitis
590 1033 719 1092 breviter
733 1033 811 1090 dicta
822 1033 987 1091 sufficiant:

213 1125 351 1200 reliquae
364 1122 554 1197 fragminibus
569 1121 778 1196 intelliguntur.

228 1232 249 1270 t.
265 1211 351 1286 Ὁμοῦ
365 1211 451 1268 πάντα
468 1209 594 1288 χρήματα
606 1199 646 1281 ἧν,
660 1207 754 1286 ἄπειρα
772 1207 816 1266 καὶ
831 1209 926 1276 πλῆθος
947 1205 991 1262 καί

274 1296 451 1376 σμικρότητα·
471 1294 580 1373 καὶγὰρ
596 1295 625 1354 τὸ
640 1295 746 1372 σμικρὸν
761 1293 866 1372 ἄπειρον
881 1285 921 1364 ἦν.
940 1292 991 1352 Καί

263 1385 379 1442 ’πόντων
399 1387 463 1459 όμοῦ
485 1383 577 1440 ἐόντων
596 1381 667 1440 οὐδὲν
682 1381 786 1452 ἔνδηλον
808 1372 839 1451 ἦν
862 1379 911 1438 int
928 1403 991 1454 σμι-

276 1470 407 1549 κρότητος·
421 1469 507 1527 πάντα
527 1469 577 1547 γὰρ
592 1467 642 1546 οίηρ
658 1491 685 1526 τε
708 1467 753 1525 καὶ
774 1466 850 1546 αἰθὴρ
867 1475 989 1544 κατεῖχε,

277 1557 410 1637 α’μρότερα
425 1555 520 1635 ἄπειρα
535 1556 618 1615 ἐόντα·
632 1560 713 1612 ταῦτα
727 1553 776 1633 γδρ
788 1554 898 1631 μέγιστα
908 1551 992 1612 ἔνεστι

276 1646 302 1701 ἐν
316 1651 383 1702 τοῖσι
395 1641 515 1718 σύμπασι
526 1641 570 1700 καί
585 1643 678 1712 πλήθεϊ
693 1643 737 1698 καί
752 1641 868 1716 μεγόθεί.

318 1731 496 1810 (Simplicius
510 1730 671 1788 Comment.
691 1729 723 1787 in
747 1729 834 1786 Arist.
857 1728 945 1804 Phys.
962 1747 991 1804 p.

281 1819 316 1874 33
331 1817 362 1876 b.
375 1819 426 1893 qui
439 1817 494 1874 hoc
507 1817 578 1874 libri
590 1815 655 1892 Περὶ
670 1815 767 1894 ρόοεως
776 1815 891 1872 initium
908 1813 995 1870 luisse

279 1917 397 1962 testatur
413 1927 420 1960 :
438 1902 608 1982 Ἀναξαγόρας
622 1902 703 1979 λέγων
725 1901 770 1960 ἀπ’
794 1905 887 1980 ἀρχῆς·
909 1900 994 1974 Ὁμοῦ

279 1991 365 2048 πάντα
388 1992 446 2050 κτλ.
472 1990 550 2048 ldem
572 1988 608 2047 tle
628 1989 702 2048 Coel.
723 1989 773 2046 iot.
791 1990 845 2045 150
861 2011 868 2045 ε
883 1987 953 2064 λέγει
968 1986 994 2044 δὲ

280 2077 457 2156 Ἀναξαγόρας
475 2077 616 2156 ἀρχόμενος
630 2081 675 2132 τοῦ
691 2075 907 2154 συγγράμματος·
931 2077 995 2149 ὁμοῦ

280 2162 406 2242 χρήματα
429 2155 472 2234 ἦν,
498 2163 591 2242 ἄπειρα
618 2162 703 2219 πάντα
718 2163 821 2220 καλπλ.
844 2164 892 2219 κτλ
918 2161 998 2217 Plato

280 2251 377 2310 l’lued.
397 2272 429 2322 17
444 2249 530 2326 τταχίι
551 2249 581 2307 διν
603 2248 632 2306 τό
652 2255 696 2308 τοῦ
712 2247 881 2327 Ἀναξαγόρου
896 2247 998 2326 γεγονός

281 2335 339 2408 εἴη,
354 2340 419 2412 όμοῦ
431 2337 517 2393 ποίντα
536 2335 676 2415 χρήματα,
691 2336 742 2394 ubi
764 2337 823 2396 vid.
847 2337 997 2394 Heindorf.

282 2436 310 2478 et
325 2421 523 2498 Wyttenbach.
544 2423 626 2479 udde
639 2422 805 2480 Valckenar.
826 2423 952 2480 Diatrib.
969 2425 999 2480 in

285 2508 385 2586 Eurip.
415 2510 516 2581 fragm.
550 2530 580 2586 p.
610 2517 655 2576 [το.
678 2509 722 2567 Cl.
748 2510 821 2567 Plat.
853 2509 942 2585 Gorg.
967 2531 997 2587 p.

286 2597 342 2662 465
359 2596 383 2651 l)
399 2618 406 2666 3
421 2597 539 2658 Ariston
561 2595 643 2672 phys.
661 2595 685 2671 l,
701 2595 729 2668 53
743 2595 786 2655 ld.
803 2597 928 2673 llletaph.
945 2596 999 2668 lll‚

286 2693 314 2750 4.
331 2684 422 2739 Aliter
442 2683 586 2756 Diogenes
605 2683 735 2741 Laertius
750 2683 802 2740 lib.
819 2683 858 2750 ll,
874 2686 889 2742 3
905 2687 1002 2762 operis

285 2769 462 2852 principium
477 2770 555 2839 citat,
565 2769 647 2845 cujus
661 2769 845 2828 verbasunt:
861 2770 1003 2850 ἀρξάμενος

289 2857 312 2931 (ὁ
328 2853 514 2933 Ἀναξαγόρας)
529 2855 596 2914 ellam
609 2861 655 2913 τοῦ
675 2857 893 2934 συγγράμματος,
907 2855 922 2912 ό
934 2861 1002 2915 ἐστιν

287 2939 368 3010 ἡδέως
393 2941 436 2999 καὶ
460 2941 657 3021 μεγαλοφρόνως
681 2941 892 3020 ἑρμηνευόμενον*
918 2943 1003 3002 πόντα

287 3028 412 3106 χρήματα
436 3019 468 3098 ἦν
489 3033 567 3104 ὁμοῦ,
587 3019 642 3087 εἶτα
655 3033 714 3096 νοῦς
733 3031 813 3087 ἐλθὼν
833 3029 899 3088 αῦτόι
918 3033 1005 3091 διεκό-

289 3137 385 3186 σμησε.
417 3115 498 3172 llunc
523 3116 611 3173 multa
633 3117 765 3174 omisisse
793 3118 1006 3194 clausulamque

290 3191 346 3258 alra
369 3201 424 3267 νόος
448 3205 506 3262 κτλ.
527 3223 562 3260 ex
586 3203 643 3260 alio
664 3203 729 3260 loco
753 3205 809 3262 huc
828 3205 1006 3264 transtulisse

291 3309 375 3347 nemo
389 3310 447 3347 non
461 3290 549 3348 videt.
572 3291 656 3360 Quod
681 3305 773 3348 autem
796 3293 961 3371 Simplicius
976 3295 1005 3351 in

292 3377 379 3436 Arist.
392 3377 480 3452 Pltys.
499 3397 562 3455 pag.
577 3379 630 3434 τοῦ
644 3397 670 3438 a.
684 3378 782 3452 alleri,
796 3379 894 3436 dicens
911 3402 917 3436 ι
929 3379 1007 3446 οὕτως

292 3460 389 3538 ἤρξατο
403 3467 447 3518 τοῦ
464 3463 678 3539 συγγράμματος·
693 3491 705 3513 «ι
716 3456 748 3534 ἦν
763 3469 827 3539 όμοῦ
842 3466 928 3522 πόντα
942 3467 1007 3545 χρή·

185 3585 188 3590 -
293 3569 377 3627 ματα,
390 3547 457 3614 ὥστε
473 3552 560 3606 ὁτιοῦν
583 3541 634 3609 οἷον
656 3548 699 3606 τόν
720 3549 796 3628 ἄρτον
818 3552 890 3610 τόνδε
905 3553 949 3611 καί
963 3558 1008 3624 τῆς

294 3634 388 3712 σαρκός
410 3636 488 3705 τῆσδε
511 3635 556 3693 καὶ
578 3639 651 3694 τοῦδε
674 3643 719 3695 τοῦ
742 3641 817 3696 όοτοῦ
835 3631 1009 3717 μῖγμαέίναι

294 3720 387 3792 ὁμοίοις
402 3724 438 3798 τῷ
457 3721 545 3792 παντί,
561 3749 572 3774 ι
588 3724 617 3780 id
637 3738 756 3802 excepto
773 3727 950 3801 Anaxagorae
968 3728 1010 3784 ef-

296 3801 352 3855 fato
369 3792 399 3870 'lp
421 3803 486 3875 ὁμοῦ
509 3802 594 3860 πάντα
614 3803 738 3881 χρήματα
753 3805 825 3861 nibil
845 3806 902 3863 nisi
918 3807 1011 3883 ipsius

296 3885 462 3963 interpretis
478 3887 698 3966 explicationem
713 3908 774 3946 esse
786 3904 916 3966 apparet.
953 3891 1012 3948 Po-

1096 1041 1199 1089 statum
1209 1027 1368 1086 referenda.
1379 1025 1498 1103 Semper
1508 1025 1586 1082 enim
1596 1024 1671 1081 aeris
1684 1037 1711 1080 et
1722 1025 1806 1081 ethe-

1100 1117 1141 1174 ris
1155 1116 1265 1173 semina
1278 1113 1454 1192 praevalent.)

1051 1223 1073 1262 a.
1098 1200 1151 1262 Kal
1169 1200 1220 1280 γὰρ
1243 1205 1256 1260 ό
1280 1201 1330 1280 ἀήρ
1353 1223 1381 1258 τε
1399 1199 1444 1258 καὶ
1459 1204 1472 1259 δ
1486 1197 1561 1278 αἰθὴρ
1582 1199 1744 1280 ἀποκρίνεται
1756 1199 1809 1254 eei

1096 1293 1140 1348 τοῦ
1163 1288 1301 1347 τὰπολλὰ
1321 1287 1498 1366 περιέχοντος·
1521 1286 1566 1346 καὶ
1590 1286 1622 1346 τό
1641 1309 1670 1362 γε
1694 1287 1809 1364 περιέχον

1099 1375 1202 1455 ἄπειρόν
1217 1376 1316 1436 ἔστιτὸ
1331 1378 1436 1447 πλῆθος.

1138 1464 1316 1544 (Simplicius
1331 1464 1491 1522 Comment.
1515 1462 1544 1519 in
1560 1460 1649 1518 Arist.
1662 1461 1744 1536 Phys.
1759 1461 1808 1518 sol.

1100 1552 1135 1609 33
1150 1551 1182 1610 b.
1198 1551 1308 1627 Scripsi
1322 1571 1386 1608 cum
1402 1549 1543 1608 Schornio
1556 1548 1665 1606 ἀπὸτοῦ
1687 1547 1812 1604 τὰπολλὰ

1099 1633 1810 1715 περιέχοντοςζνιιίςοόπδτοῦπεριόχοντοςτοῦπολλοῦ.

1100 1724 1169 1782 Esse
1181 1725 1256 1781 inter
1268 1725 1328 1781 haec
1341 1737 1369 1780 et
1382 1724 1574 1800 praecedentia
1583 1723 1717 1796 exiguum
1729 1723 1813 1778 inter-

1100 1812 1207 1869 vallum
1221 1812 1379 1887 sequiture
1394 1810 1536 1888 Simplicii
1557 1808 1658 1867 verbis
1680 1831 1688 1864 ε
1703 1809 1744 1866 καὶ
1758 1808 1812 1883 μετ’

1102 1897 1196 1975 ὀλίγον.
1205 1897 1346 1956 Caeterum
1360 1901 1456 1968 πλῆθος
1469 1897 1524 1955 boc
1537 1897 1602 1953 loco
1617 1907 1730 1952 nonest
1744 1896 1813 1951 mul·

1103 1986 1214 2056 titudo,
1229 1986 1279 2042 sed
1295 1990 1472 2059 magnitudo,
1490 1998 1522 2044 ut
1544 1983 1621 2062 apud
1646 1983 1812 2042 Herodotum

1103 2073 1156 2132 lib.
1172 2072 1201 2143 l,
1218 2076 1273 2130 203
1289 2087 1317 2132 et
1331 2071 1408 2152 aot.)

1075 2205 1080 2218 .
1103 2158 1222 2218 Τουτέων
1244 2159 1270 2218 δὲ
1294 2160 1374 2227 οότως
1399 2160 1511 2240 ἐχόντων
1536 2157 1588 2239 χριλΙ
1613 2157 1709 2217 δοκέειν
1729 2161 1814 2216 ἐνεῖναι

1104 2245 1188 2304 πολλοί
1202 2269 1231 2304 τε
1248 2247 1292 2304 καὶ
1306 2247 1416 2306 παντοῖα
1436 2249 1461 2305 ἐν
1484 2255 1550 2305 πᾶσι
1566 2255 1633 2304 τοῖσι
1654 2248 1814 2322 συγκρινομέ-

1104 2353 1170 2389 νοιοι
1183 2333 1228 2390 καί
1242 2334 1382 2411 σπέρματα
1403 2333 1508 2392 πόντων
1528 2332 1674 2412 χρημάτων
1689 2333 1732 2389 καί
1753 2333 1815 2398 ἰδέας

1106 2419 1228 2484 παντοίας
1244 2420 1337 2497 ἔχοντα
1349 2421 1394 2478 καλ
1407 2419 1498 2500 χροιδις
1512 2420 1557 2478 καί
1570 2419 1670 2490 ἡδονάς.

1147 2505 1325 2584 (Simplicius
1340 2507 1503 2566 Comment.
1519 2508 1550 2565 in
1565 2507 1653 2566 Arist.
1669 2505 1754 2581 Phys.
1771 2506 1815 2562 sol.

1108 2591 1179 2648 33b
1201 2614 1208 2648 :
1229 2592 1273 2650 καί
1293 2599 1351 2670 μετ’
1373 2594 1462 2673 ὀλίγα·
1476 2592 1586 2652 τουτέων
1607 2593 1634 2648 δὲ
1655 2595 1714 2652 κτλ.
1738 2593 1814 2650 l‘osut'

1111 2679 1815 2759 lustratquodpauloinferiusexhibetSimplicius‚

1108 2766 1175 2822 licet
1187 2766 1236 2824 hic
1249 2760 1314 2826 εἶναι
1331 2769 1500 2828 exaraverit.
1517 2770 1596 2827 Idem
1612 2769 1706 2826 ἐνεῖναι
1720 2769 1816 2846 praebet

1110 2851 1145 2909 de
1157 2849 1299 2913 Coelolfol.
1317 2857 1394 2933 150.)

1081 2985 1086 2996 .
1110 2941 1178 3018 Πρλν
1193 2941 1219 2998 δὲ
1241 2944 1413 3021 ἀποκριθῆναι
1427 2947 1523 3016 ταῦτα,
1536 2942 1641 3001 πόντων
1657 2946 1722 3016 ὁμοῦ
1736 2942 1817 3001 ἐόντων

1110 3026 1168 3084 οὐδὲ
1189 3029 1264 3106 χροιὴ
1289 3030 1392 3100 ἔνδηλος
1411 3021 1443 3102 ἦν
1458 3029 1579 3104 οῦδεμίη·
1599 3030 1735 3088 ἀπεκώλυε
1748 3031 1815 3106 pipi

1110 3113 1233 3190 σόμμιξις
1250 3115 1373 3174 ἁπάντων
1397 3117 1541 3196 χρημάτων
1563 3125 1608 3176 τοῦ
1628 3141 1657 3174 τε
1679 3120 1763 3195 διεροῦ
1782 3119 1818 3174 ταὶ

1111 3205 1155 3258 τοῦ
1173 3200 1248 3280 ξηροῦ
1262 3203 1306 3262 καὶ
1320 3209 1366 3263 τοῦ
1380 3209 1475 3283 θερμοῦ
1496 3204 1541 3262 καί
1555 3209 1599 3261 τοῦ
1614 3207 1714 3282 ψυχροῦ
1729 3205 1770 3262 καὶ
1780 3211 1817 3260 τοῦ

1111 3287 1235 3366 λαμπροῦ
1248 3291 1292 3348 καί
1306 3297 1351 3349 τοῦ
1366 3293 1472 3370 ζοφεροῦ
1486 3289 1530 3347 καὶ
1541 3293 1588 3364 γῆς
1606 3292 1705 3361 πολλῆς
1717 3291 1818 3357 Eveniunt

1113 3374 1158 3430 καὶ
1179 3376 1336 3454 σπερμάτων
1360 3379 1473 3456 ἀπείρων
1501 3380 1597 3445 πλῆθος
1617 3377 1688 3436 οὐδὲν
1714 3379 1817 3435 ἐοικότων

1115 3453 1262 3523 ἀλλήλοισι·
1286 3457 1344 3514 οὐδὲ
1365 3456 1415 3534 γὰρ
1437 3459 1489 3513 τῶν
1515 3456 1602 3513 ἄλλοιν
1617 3455 1690 3514 οῦδὲν
1710 3457 1773 3513 ἔοικε
1790 3458 1818 3530 τῷ

1115 3539 1194 3620 ἑτέρῳ
1216 3543 1245 3600 τδ
1269 3541 1366 3623 ἕτερον.
1390 3542 1510 3602 Ὶόυτίων
1536 3541 1563 3600 δὲ
1584 3541 1665 3610 οὕτως
1683 3545 1787 3622 ἐχόντων
1799 3545 1817 3598 ἓν

1121 3631 1157 3707 τῷ
1168 3628 1300 3701 αόμπαντι
1311 3628 1362 3708 χρὴ
1375 3630 1471 3687 δοκέειν
1481 3628 1506 3686 ἓν
1519 3618 1584 3685 εἶναι
1599 3628 1686 3687 ποίντα
1696 3653 1717 3708 χ
1719 3630 1817 3706 pipam.

1158 3718 1336 3794 (Simplicius
1351 3717 1512 3774 Comment.
1528 3717 1558 3774 iu
1573 3717 1662 3774 Arist„
1680 3717 1764 3793 Phys.
1779 3717 1816 3772 iol.

1118 3809 1153 3864 33
1168 3805 1188 3862 b
1206 3805 1286 3881 :nplr
1313 3805 1340 3862 δὲ
1357 3807 1545 3883 ἀποκριθῆναι,
1561 3803 1639 3881 ρηοί,
1655 3803 1759 3861 πόντων
1769 3807 1819 3870 iuni

1119 3895 1177 3951 κτλ.
1193 3892 1304 3949 lnserui
1320 3905 1414 3950 autem
1426 3896 1509 3950 ταῦτα
1523 3911 1539 3948 a
1552 3891 1602 3948 sol.
1622 3894 1686 3968 aa.)

297 3982 402 4027 strema
421 3978 501 4029 ταῦτα
518 3973 566 4050 γὰρ
581 3973 691 4050 μέγιστα
705 3977 765 4036 κτλ.
788 3977 822 4033 τιό
837 3997 901 4033 eum
914 3978 962 4053 qui
986 3989 1013 4034 et

298 4056 368 4114 olim
384 4057 437 4116 suit
458 4073 487 4119 et
506 4079 581 4118 nunc
602 4074 644 4119 est
666 4081 834 4139 semperque
848 4065 904 4120 erit
918 4084 1012 4122 rerum

1073 4003 1096 4040 ε.
1118 3979 1166 4038 Ἐν
1182 3977 1261 4034 παντί
1275 3977 1371 4044 παντὸς
1393 3981 1472 4057 μοῖρα
1492 3977 1574 4036 ἔνεστι
1592 3978 1662 4049 πλὴν
1685 3977 1757 4035 νόου·
1777 3976 1819 4034 ἔστι

1119 4055 1169 4125 οἶοι
1184 4064 1210 4122 δὲ
1224 4065 1268 4122 καί
1279 4063 1335 4130 νόος
1350 4062 1398 4122 ἔνι.

272 4277 294 4319 t.
312 4273 358 4320 Res
369 4285 451 4322 omnes
460 4275 566 4322 couinsoe
577 4289 652 4325 unum
661 4277 686 4326 in
695 4291 781 4342 carpus
792 4282 872 4341 erant,
884 4281 1016 4330 innumerae
1061 4282 1086 4330 et
1105 4279 1170 4328 varia
1189 4279 1214 4327 in
1235 4278 1300 4327 omni
1318 4277 1364 4326 ista
1380 4277 1488 4338 magade
1500 4278 1525 4326 et
1535 4276 1628 4326 semina
1639 4277 1749 4326 omnium
1760 4285 1819 4324 rerum

240 4361 265 4406 et
277 4357 406 4406 admodum
415 4371 508 4421 parvm,
519 4375 593 4422 quum
606 4363 710 4423 parvitas
719 4364 769 4426 ipsa
778 4365 1018 4428 incomprehensibilis
1061 4369 1086 4415 ct
1102 4367 1189 4416 tornius
1200 4364 1277 4412 variat
1287 4368 1311 4412 et
1320 4363 1410 4413 colores
1423 4368 1448 4413 et
1459 4363 1596 4413 affectiones
1610 4363 1734 4413 labentia.

241 4446 311 4494 esset.
332 4448 362 4493 Et
384 4446 407 4494 in
427 4447 471 4494 lrac
487 4448 583 4509 quidam
599 4451 706 4498 omnium
727 4453 826 4501 mistura
844 4455 901 4502 nitril
922 4459 1017 4516 propter
1093 4458 1117 4502 4.
1135 4451 1398 4513 Antequamrerolraec
1412 4457 1599 4512 secernerentur,
1610 4451 1690 4500 tuisto
1702 4452 1820 4500 murana

243 4545 320 4579 rerum
335 4532 488 4594 exiguitatem
502 4536 611 4584 exstabat
621 4539 693 4598 atque
703 4539 847 4600 apparebat:
861 4545 946 4589 cuncta
955 4541 1018 4590 enim
1063 4551 1141 4586 rerum
1148 4550 1233 4586 acervo
1239 4549 1268 4587 ne
1274 4537 1441 4597 calorquldem
1451 4537 1513 4586 ullus
1520 4537 1709 4598 conspiciebatur
1718 4533 1819 4585 :cuntai

243 4631 284 4666 aer
294 4621 317 4667 et
329 4619 413 4682 aether,
429 4621 499 4669 amba
514 4621 610 4682 inirniti,
622 4625 811 4686 peragebantur
820 4639 825 4673 :
835 4626 921 4686 quippe
932 4626 955 4674 tu
968 4627 1019 4675 uni·
1065 4624 1128 4672 enim
1145 4624 1252 4672 omnium
1271 4623 1395 4684 ernincia,
1411 4623 1694 4685 teneraetenerae,
1712 4622 1787 4672 calaris
1802 4625 1819 4666 et

243 4705 318 4754 versis
331 4705 433 4756 immitti
448 4708 550 4769 partium
565 4709 718 4760 multitudiue
729 4716 753 4760 et
763 4712 925 4774 magnitudine
934 4717 1019 4762 caetera
1065 4714 1168 4776 trigoris,
1180 4714 1239 4763 lucis
1252 4718 1276 4764 et
1285 4713 1390 4774 caliginis
1399 4714 1576 4774 multarumque
1587 4715 1658 4761 terras
1672 4711 1818 4775 particularum

243 4797 365 4854 superant·
1027 4858 1034 4873 ⁸
1065 4814 1092 4849 ac
1098 4802 1217 4850 seminum
1227 4801 1406 4848 innumerorum
1422 4799 1482 4847 inter
1493 4813 1519 4848 se
1530 4799 1680 4849 dissimilium
1692 4819 1697 4848 ι
1713 4800 1789 4862 quippe
1798 4805 1818 4840 tte

275 4887 297 4932 2.
316 4885 409 4934 Etenim
420 4898 460 4935 aar
473 4889 544 4946 atque
554 4886 630 4936 aettrer
639 4887 768 4937 secernitur
777 4888 928 4952 acoeloquad
939 4901 1019 4938 rerum
1065 4887 1817 4950 caeterarumqntdemrerumuttaatttnuncstmtttsestQuanta

245 4971 423 5024 multitudinem
435 4973 511 5022 ambit
524 4990 530 5020 :
545 4973 630 5022 eoelum
646 4987 704 5024 vero
715 4975 837 5026 immense
854 4977 1021 5040 magnitudinis
1066 4975 1162 5036 iterim,
1173 4974 1304 5036 {trundum
1316 4977 1352 5024 est
1362 4974 1384 5023 in
1396 4973 1440 5024 hac
1450 4973 1602 5023 universitate
1611 4986 1687 5022 unum
1698 4969 1816 5024 monna.

245 5061 287 5108 ast.
1098 5067 1120 5110 5.
1137 5063 1163 5110 tn
1180 5063 1265 5123 quavis
1282 5074 1308 5110 re
1323 5062 1399 5110 omnis
1419 5061 1522 5110 materian
1541 5061 1657 5122 particula
1678 5063 1740 5112 ineat
1753 5059 1817 5122 prata

279 5151 300 5198 i.
317 5147 376 5202 Quae
390 5161 464 5208 quum
479 5148 511 5196 ita
526 5149 573 5196 sint
580 5182 588 5208 ,
600 5147 785 5219 existimandum
798 5156 847 5213 est,
860 5152 936 5202 inesse
947 5152 1022 5202 multa
1068 5152 1170 5202 mentem
1182 5167 1188 5200 :
1202 5150 1321 5200 nonnullis
1335 5151 1473 5203 remelium
1484 5163 1550 5201 mens
1561 5150 1631 5200 inest.

1007 5248 1064 5300 248
