3696 5922
218 387 275 441 tot

280 507 309 568 di
322 505 368 573 ri<
383 505 512 588 ἀπορροάς
524 507 612 572 vuisit
624 503 670 566 καί
681 504 852 586 remitae·
861 505 990 587 διαρίριιν

280 593 332 675 γάρ
344 616 369 651 τι
378 593 423 652 καί
441 593 488 666 τὴν
499 591 642 675 άσοῤῥοιίν,
653 597 692 675 τῷ
703 591 780 652 παιάν
791 583 857 652 εἶναι
869 593 934 672 πρὸς
943 592 990 666 τὴν

283 678 443 761 φαντασίαν,
465 679 497 750 ἣν
514 677 629 758 γίνισθαι
643 678 686 737 διὰ
702 676 750 752 τὴν
764 677 924 759 ίναιτιίληψιν
945 681 991 737 τοῦ

279 765 353 846 άίρος
365 767 480 824 άλλοίαν.

319 853 552 932 (Theophrastus
561 851 633 912 ibid.
643 860 690 925 qt.
702 853 713 929 )

220 959 259 1002 sa.
281 941 391 1020 Πρῶτον
408 937 456 1016 μίν
468 928 512 998 σύν
525 937 556 997 τὸ
568 938 671 1006 πλείους
681 939 821 999 ἀποδοῦναι
833 937 880 1008 τάς
893 937 989 1019 άρχάς,

278 1025 335 1106 ίχιι
348 1025 407 1084 τινά
421 1024 548 1106 ἀπορίαν·
559 1026 583 1084 oi
598 1023 649 1105 γάρ
663 1025 737 1085 ἄλλοι
749 1025 779 1085 τὸ
796 1025 888 1087 λευκὸν
901 1028 947 1086 καί
960 1026 991 1086 τὸ

278 1115 378 1192 μίλαν,
393 1115 429 1180 ὣς
442 1111 541 1172 τούτων
556 1111 648 1172 ἇπλῶν
660 1111 740 1172 ὄντων
751 1111 846 1188 μάντιν.
876 1111 990 1172 Ἐπιιτα

277 1201 308 1260 τὸ
319 1199 357 1274 μὴ
368 1207 434 1258 πᾶσι
445 1201 499 1264 τοῖς
513 1199 612 1264 λευκοῖς
627 1200 689 1275 μίαν
699 1201 806 1264 ποιῆσαι
817 1196 866 1269 τὴν
880 1196 991 1277 (mppria,

279 1285 338 1346 itt’
353 1286 444 1364 ίτίραν
467 1292 521 1352 τοῖς
546 1287 667 1363 σκληροῖς
679 1283 724 1342 καὶ
745 1292 798 1350 τοῖς
810 1287 946 1364 ψαθυροῐς·
961 1285 990 1342 οὗ

278 1373 329 1452 (tp
341 1371 409 1440 εἰκάς
432 1371 514 1443 άλλην
530 1370 614 1430 αἰτίαν
628 1363 760 1436 εἶναιτοῖς
774 1369 903 1450 διαφόροις
922 1370 990 1429 κατά

277 1458 326 1530 τὴν
340 1457 422 1537 ipris·
448 1457 501 1516 οὐδ’
516 1455 546 1515 dr
561 1457 600 1516 ίτι
621 1457 650 1516 τὸ
665 1461 757 1536 σχῆμα
771 1456 851 1517 αίτιον
865 1447 933 1515 εἶναι
945 1461 991 1529 τῆς

278 1545 415 1625 διαφοράς,
439 1544 506 1604 ἀλλὰ
529 1546 628 1620 μᾶλλον
647 1543 695 1616 τὴν
718 1545 796 1605 θίσιν.
838 1542 991 1622 Ἐνδίχτται

277 1631 328 1709 γάρ
341 1631 385 1689 καί
396 1631 428 1690 τά
441 1635 567 1710 περιρερῆ
579 1631 623 1690 καλ
638 1631 726 1698 ἁπλῶς
734 1630 820 1688 πάντα
834 1631 990 1698 ίπισιιιάζειν

278 1722 395 1784 ίαυτοῖς·
416 1725 523 1792 σημεῖον
538 1717 582 1778 δι’·
602 1717 647 1777 καί
668 1718 718 1798 γάρ
737 1717 812 1785 αὐτὸς
826 1717 924 1790 ταύτην
939 1717 991 1799 ρί-

279 1827 318 1883 ρει
335 1803 382 1876 τὴν
397 1803 500 1874 πίστιν,
520 1803 569 1862 ὅσα
583 1807 635 1862 τῶν
650 1805 726 1862 λιίων
748 1805 849 1880 μέλανα
863 1805 990 1886 ραίνεται.

276 1888 328 1951 Διὰ
348 1889 399 1970 γάρ
412 1890 459 1961 τὴν
474 1889 604 1970 σύρρυσιν
615 1889 660 1950 καλ
674 1889 721 1960 τὴν
736 1891 827 1962 τάξιν,
843 1891 933 1961 ῶςτλν
948 1891 991 1950 αὖ·

277 1976 325 2049 τὴν
348 1975 442 2054 ίχοντα
465 1979 503 2054 τῷ
527 1974 635 2050 μίλσνι,
654 1975 788 2055 ραίνεσθαι
809 1981 932 2035 τοιαῦτα·
946 1976 991 2034 καί

277 2063 358 2122 πάλιν
377 2061 426 2123 ὅσα
447 2061 527 2122 λευκά
541 2067 594 2122 τῶν
613 2061 747 2142 τραχέων·
761 2063 791 2121 lx
804 2062 924 2140 μεγάλων
940 2062 991 2140 γὰρ

277 2139 344 2206 εἶναι
357 2153 454 2223 ταῦτα,
468 2149 512 2206 καί
522 2147 568 2215 τάς
578 2149 682 2206 συνδίσι
687 2173 707 2214 ις
717 2151 745 2208 οὔ
754 2157 910 2229 πιριρερεῑς,
924 2149 991 2208 ἀλλά

276 2233 438 2315 προκρόσσας
452 2235 497 2294 καὶ
508 2239 560 2293 τῶν
571 2235 715 2313 σχημάτων
730 2234 776 2301 τὰς
791 2233 890 2314 μορρίις
903 2258 992 2312 μιγνυ-

278 2321 369 2398 μάνας,
391 2320 479 2400 ῶσπερ
500 2320 680 2397 metatque<
703 2320 737 2379 rit
755 2319 806 2400 πρὸ
829 2325 881 2380 τῶν
898 2325 991 2400 τειχῶν

276 2406 332 2484 lysi
346 2405 458 2484 χεύματα
469 2428 476 2443 ·
488 2411 603 2465 τοιοῦτον
613 2405 664 2484 γάρ
681 2406 728 2486 ὄν,
744 2407 835 2467 ἄσκιον
846 2397 929 2481 sinor,
945 2405 990 2466 καί

275 2493 306 2550 οὐ
317 2490 462 2551 κωλύεσθαι
475 2490 505 2548 τὸ
519 2491 651 2570 λαμπράν.

318 2579 554 2656 (Theophrastus
566 2578 640 2639 ibid.
655 2579 721 2658 79.)

218 2687 256 2728 aa.
278 2663 402 2744 Ἐρυίρῦν
414 2667 436 2722 δ’
451 2664 477 2732 ίξ
492 2663 605 2743 οίωνπιρ
618 2665 647 2723 τὸ
662 2663 769 2743 θερμόν,
784 2663 853 2737 πλὴν
865 2665 895 2724 ior
909 2664 992 2742 μειζύ·

275 2772 338 2810 νων.
381 2748 446 2809 Ἐάν
459 2749 510 2828 γάρ
525 2752 552 2806 ai
570 2749 714 2830 συγκρίσεις
723 2738 773 2808 nior
784 2749 885 2825 μείζους
896 2751 992 2828 ὁμοίων

766 375 981 440 nnuocam
1000 372 1248 438 FRAGMENTA.
1298 311 1310 340 i

1094 505 1209 582 Σημεῖον
1225 503 1260 579 δ’,
1274 501 1314 563 ὅτι
1328 503 1359 563 ia
1377 503 1543 564 τοιαύτωντδ
1557 505 1675 586 ίρυῦράν·
1687 511 1757 584 (pir
1773 534 1798 568 τι

1092 591 1143 672 γάρ
1165 589 1380 672 θερμαιναμίναος
1393 591 1600 670 ἐρυθραίνεσθαι,
1615 593 1662 652 καλ
1682 593 1714 652 τά
1736 597 1801 654 ἄλλα

1092 678 1126 737 τά
1137 675 1297 759 πυραύμενα,
1309 675 1400 756 μίχρις
1410 675 1441 735 dr
1452 668 1481 736 ού
1491 675 1542 758 ίχῃ
1551 677 1582 737 τὸ
1591 683 1637 737 τοῦ
1646 683 1801 754 πυροειδῶς.

1094 762 1265 844 Έρνῦρύτερα
1281 765 1309 823 di
1326 766 1360 822 rh
1374 765 1405 823 ία
1427 763 1548 841 μεγάλων
1562 768 1626 824 ὄντα
1643 769 1802 845 σχημάτων,
1841 756 1842 796 ³

1092 841 1145 910 οἷον
1158 849 1206 922 τὴν
1218 848 1302 930 ρλίγα
1323 848 1369 908 καί
1385 849 1430 908 τὸν
1449 849 1565 930 ἄνθρακα
1578 855 1630 910 τῶν
1642 855 1751 932 χλωρῶν
1763 854 1806 922 ξύ-

1095 941 1149 999 λινν
1163 936 1241 1009 irriso
1262 935 1346 1009 αύων,
1360 934 1459 996 καὶτὸν
1472 937 1578 1018 σίδηρον
1591 935 1620 996 di
1633 941 1681 997 arri
1694 941 1724 998 rit
1739 943 1806 1000 ἄλλα

1092 1024 1126 1084 τά
1138 1019 1483 1102 πυραύμινα·λαμπρύτατα
1495 1023 1541 1100 μίν
1554 1023 1607 1104 γάρ
1618 1016 1685 1084 εἶναι
1693 1026 1724 1084 τά
1734 1031 1808 1086 πλεῖ·

1092 1131 1152 1170 στον
1166 1108 1260 1188 ίχοντα
1274 1108 1319 1168 καί
1327 1108 1483 1168 λεπτότατον
1492 1117 1556 1192 πῦρ,
1573 1111 1762 1192 ίρυθράττραδί
1777 1115 1808 1171 τά

1092 1194 1239 1276 παχύτερον
1266 1194 1311 1254 καί
1336 1197 1453 1258 ίλαττον.
1495 1197 1544 1256 Διὸ
1568 1197 1616 1255 καὶ
1640 1189 1718 1268 ἧττον
1745 1190 1808 1258 εἶναι

1093 1281 1178 1362 θερμά
1191 1281 1225 1339 τὰ
1240 1280 1411 1361 ίρυθρύτερα·
1423 1281 1516 1362 θερμὸν
1527 1283 1580 1362 γὰρ
1591 1284 1624 1342 τὸ
1638 1284 1742 1343 λεπτόν.
1772 1286 1808 1342 Ti

1093 1367 1120 1426 δί
1134 1367 1237 1448 χλωρὸν
1247 1371 1277 1428 ἐκ
1290 1365 1336 1444 μίν
1350 1373 1396 1427 τοῦ
1410 1374 1514 1448 στερεοῦ
1528 1372 1574 1428 καὶ
1588 1375 1636 1428 τοῦ
1651 1377 1725 1428 κενοῦ
1737 1393 1809 1428 συνε-

1093 1455 1201 1527 στάναι,
1215 1456 1244 1513 ίκ
1257 1455 1378 1535 μεγάλων
1397 1456 1422 1514 δ’
1433 1458 1540 1537 άμροῐν.
1584 1458 1630 1536 Τῇ
1653 1457 1681 1514 δὲ
1694 1457 1760 1516 θέσει
1769 1458 1810 1514 καί

1093 1540 1206 1622 τῇτάξει
1223 1543 1307 1599 αὐτῶν
1320 1540 1368 1613 τὴν
1382 1541 1463 1619 χρόαν
1476 1542 1622 1620 γίγνεσθαι.

1135 1629 1178 1706 (T
1179 1629 1345 1707 heophrast.
1355 1629 1428 1688 ibid.
1442 1629 1491 1702 75.
1504 1632 1513 1707 )

1034 1735 1071 1777 aa.
1092 1713 1201 1776 Ἄτοπον
1217 1715 1244 1773 di
1255 1714 1301 1774 καί
1314 1715 1344 1772 τὸ
1361 1718 1413 1773 τῶν
1424 1717 1534 1795 χλωρῶν
1549 1715 1588 1792 μὴ
1599 1717 1741 1776 ἀποδοῦναι
1754 1741 1812 1795 μορ-

1094 1801 1159 1882 pris,
1178 1801 1246 1862 diti
1262 1801 1340 1880 μόνον
1362 1803 1394 1860 iat
1417 1807 1462 1861 τοῦ
1477 1807 1583 1882 στερεοῦ
1602 1803 1715 1863 καὶτοῦ
1739 1810 1812 1862 κενοῦ

1093 1892 1186 1948 ποιεῖν.

1134 1974 1368 2052 (Theophrastus
1383 1974 1456 2035 ibid.
1470 1975 1539 2056 iia.)

1065 2105 1071 2120 .
1093 2059 1136 2122 Ti
1161 2059 1209 2137 μίν
1228 2051 1273 2119 oin
1292 2062 1364 2119 ἁπλᾶ
1385 2060 1517 2140 χρώματα
1544 2062 1648 2130 τούτοις
1670 2068 1813 2141 κεχρῆσθαι

1094 2155 1148 2213 τοῖς
1160 2145 1311 2226 σχήμασιν·
1324 2145 1434 2207 ίκαστον
1449 2147 1477 2206 di
1490 2148 1696 2229 καθαρώτερον,
1717 2151 1773 2232 dorp
1787 2153 1813 2210 άι

1095 2234 1120 2302 ἐξ
1135 2233 1312 2314 άμιγιστίρων
1334 2225 1363 2312 ᾖ.
1404 2235 1448 2294 'sd
1463 2235 1490 2294 δὲ
1504 2235 1573 2294 ἄλλα
1591 2237 1661 2294 κατά
1686 2237 1737 2306 τὴν
1759 2241 1811 2296 τού·

1093 2343 1145 2378 των
1159 2319 1244 2396 μῖξιν·
1260 2311 1312 2378 οἷον
1323 2321 1353 2379 τ“ο
1364 2317 1411 2396 μὲν
1426 2323 1573 2399 χρυσοειδίς
1585 2324 1630 2380 καί
1644 2325 1677 2381 τὸ
1691 2331 1741 2381 τοῦ
1751 2331 1814 2404 χαλ-

1096 2411 1144 2465 κοῦ
1165 2407 1210 2466 καί
1230 2417 1282 2466 πᾶν
1303 2406 1335 2466 τ“ο
1354 2414 1468 2466 τοιοῦτον
1482 2410 1512 2466 la
1530 2413 1575 2467 τοῦ
1595 2411 1695 2469 λευκοῦ
1710 2413 1757 2468 καὶ
1776 2419 1815 2470 τοῦ

1095 2495 1212 2572 ἐρυθροῦ·
1222 2495 1251 2554 τὸ
1267 2493 1314 2572 μίν
1328 2493 1378 2573 γάρ
1386 2493 1508 2574 λαμπρὸν
1521 2494 1590 2574 ίχιιν
1603 2497 1635 2553 ἐκ
1646 2503 1698 2554 τοῦ
1712 2499 1812 2568 λευκοῦ,

1095 2579 1125 2638 τῦ
1139 2579 1166 2638 di
1183 2580 1324 2659 ὑπέρυθρον
1341 2579 1394 2639 άπὸ
1406 2587 1452 2639 τοῦ
1466 2581 1709 2660 ίρυθροῦ·πίπτειν
1724 2583 1776 2661 γὰρ
1786 2587 1816 2644 εἶτ
1846 2607 1847 2610 ’

1096 2664 1129 2723 τά
1144 2665 1206 2725 κενά
1218 2668 1409 2742 τσῦλιυκοῦτῇ
1425 2664 1493 2741 μίξει
1507 2664 1537 2722 τί
1550 2665 1668 2746 ἐρυθρόν.
1717 2667 1814 2725 ’EM

1095 2757 1225 2833 προστιθῇ
1235 2752 1334 2817 τούτοις
1346 2751 1376 2808 τὸ
1391 2751 1508 2830 χλωράν,
1520 2752 1653 2830 γίγνεσθαι
1674 2753 1710 2812 τὸ
1725 2755 1816 2811 κάλλι-

276 2835 357 2896 ύντων
379 2839 432 2896 τῶν
464 2836 627 2916 σχημάτων,
656 2839 755 2912 μᾶλλον
783 2835 887 2916 ίρυθρλν
914 2829 991 2900 εἶναι.
1098 2861 1159 2899 στον
1173 2839 1344 2918 (papa-&tv
1359 2839 1387 2896 δὲ
1397 2837 1493 2918 μικράς
1503 2845 1547 2898 τοῦ
1567 2841 1673 2918 χλωρῶ
1690 2841 1743 2906 τάς
1756 2865 1815 2918 συγ-

219 3134 326 3198 ιοτλιίάις
336 3134 432 3186 (itura
443 3135 507 3186 euim
517 3135 667 3198 atiquatenus
676 3137 701 3186 at
711 3135 809 3186 ettinria
819 3147 849 3186 eo
860 3135 933 3186 ruodo
941 3150 991 3200 qno
1041 3137 1227 3197 nonoreremut,
1247 3137 1314 3186 tanto
1327 3135 1460 3187 mbriorern
1472 3149 1524 3186 oasa
1539 3137 1655 3186 notorem.
1690 3139 1768 3200 staro
1779 3149 1818 3185 aa·

217 3225 303 3270 namra
313 3234 357 3272 aaa
371 3222 402 3271 ad
421 3223 595 3286 pereeptiooenr
608 3222 749 3286 retentatur,
764 3236 820 3286 qua
830 3223 891 3273 aeria
905 3223 991 3286 inirem
1040 3227 1088 3272 tem
1100 3235 1165 3285 ease,
1178 3223 1291 3272 etaiihnr
1305 3224 1407 3274 ruhrnm
1420 3237 1517 3287 quoque
1530 3228 1657 3283 oomtaro,
1669 3223 1746 3286 qood
1760 3223 1817 3272 rate·

219 3310 391 3358 commutetur.
1041 3309 1096 3358 tanti
1118 3309 1261 3372 moranus,
1283 3311 1389 3372 itemque
1411 3310 1501 3372 reliqna
1523 3311 1602 3360 omnia
1627 3309 1677 3371 igni
1704 3311 1817 3367 wate.

251 3396 289 3446 st.
304 3400 339 3444 Ασ
353 3395 457 3456 primurn
474 3394 572 3458 quidem
592 3394 656 3458 quod
679 3394 747 3456 ptura
767 3395 881 3458 principia
898 3407 994 3445 mame·
1039 3396 1153 3458 quamdiu
1166 3397 1259 3458 igneam
1274 3397 1378 3459 speeiem
1397 3409 1446 3460 prro
1466 3397 1591 3446 aeteram.
1624 3401 1690 3454 Qore
1707 3411 1768 3446 τετυ
1780 3409 1817 3444 rn-

219 3482 312 3540 raatur,
326 3481 350 3530 id
365 3479 538 3531 dubitationem
550 3481 668 3543 quandam
681 3481 768 3541 iubet3
785 3481 868 3544 miiqui
884 3481 948 3531 enirn
959 3481 994 3530 ai·
1040 3484 1117 3534 briora
1129 3485 1187 3545 sint,
1198 3485 1311 3546 emaguia
1322 3484 1437 3533 ooaiuisse
1451 3483 1543 3544 figuris,
1557 3486 1584 3532 ut
1596 3483 1726 3532 tammam
1737 3488 1762 3534 et
1774 3497 1817 3532 tar·

221 3567 316 3616 humet
333 3568 428 3628 nigrum
444 3568 509 3618 aoios
521 3580 573 3617 eoae
591 3567 711 3630 oimptioes
723 3567 813 3618 τοίοισι
823 3568 916 3618 roiuut.
948 3570 993 3618 ite·
1040 3571 1127 3620 bonem
1146 3571 1264 3632 tignorum
1280 3570 1392 3619 rtrtdtnm
1405 3570 1442 3619 rei
1458 3570 1577 3618 aridorum
1588 3573 1612 3619 et
1625 3569 1722 3618 tamum
1735 3577 1760 3619 et
1773 3583 1815 3618 oe·

219 3655 274 3705 inde
284 3655 349 3718 quod
361 3669 408 3706 non
420 3656 532 3706 omuibus
544 3656 605 3706 aihta
618 3655 701 3706 aedem
719 3657 796 3706 torma
809 3657 931 3718 tribuitur,
950 3658 991 3707 aad
1040 3661 1090 3707 tera
1104 3669 1159 3719 qnia
1173 3658 1197 3707 in
1209 3657 1263 3718 igne
1275 3659 1412 3720 ponuntur:
1426 3656 1593 3705 candidissima
1604 3657 1669 3705 enirn
1683 3671 1755 3713 esse.
1767 3669 1815 3719 que

217 3741 264 3790 nita
277 3741 358 3802 durio,
372 3743 417 3792 aiia
427 3743 575 3804 triabitihus;
585 3755 661 3805 oeque
671 3744 735 3792 enim
748 3747 950 3804 rontonnacum,
963 3744 994 3792 iis
1042 3744 1171 3804 pinrimnm
1183 3743 1261 3804 ipsein
1280 3746 1304 3793 et
1323 3741 1488 3792 tenuissimum
1506 3741 1622 3802 habeant,
1635 3742 1750 3792 rubriore
1766 3755 1816 3790 rem

218 3839 274 3887 qua
284 3829 392 3891 (ooiore)
412 3827 538 3890 diiternnt,
555 3828 627 3878 etism
646 3841 699 3878 esse
712 3828 852 3880 diiterentie
864 3843 962 3880 oanmrn
980 3845 993 3880 e
1040 3843 1095 3891 qna
1111 3830 1251 3881 munionem
1264 3833 1289 3878 et
1300 3830 1426 3878 minorem.
1458 3827 1515 3878 ideo
1528 3825 1593 3889 deri,
1608 3831 1636 3877 nt
1648 3827 1764 3878 morton
1776 3829 1815 3876 ni-

221 3915 287 3962 iaetu
306 3915 451 3976 protentam,
467 3927 545 3978 neque
570 3916 668 3978 figuram
692 3929 746 3965 ease
764 3915 835 3978 hujus
855 3916 995 3966 ditterentire
1041 3925 1087 3962 nus
1105 3913 1181 3963 satida
1196 3913 1257 3974 aint;
1272 3913 1376 3962 oaiidum
1390 3914 1453 3963 enim
1478 3917 1558 3963 tenua.
1589 3913 1701 3962 Virid-
1719 3915 1816 3974 deamo

218 4013 330 4062 aarum,
342 4000 384 4050 aod
396 4001 470 4063 magio
482 4001 564 4052 situm.
596 4001 689 4064 Quippe
701 4005 725 4052 et
737 4001 838 4052 rotunda
850 4003 995 4066 omninoque
1041 4001 1145 4049 cotorrrn
1156 4013 1171 4050 a
1182 3999 1259 4049 aoiido
1272 3999 1369 4062 quidem
1381 4001 1407 4050 et
1415 4012 1508 4060 saeuo,
1519 4005 1621 4061 utroque
1630 4005 1717 4049 autern
1737 4013 1815 4060 marso

219 4087 301 4136 omnia
315 4099 341 4136 aa
356 4088 408 4149 ipsa
421 4087 563 4138 obumbrare
577 4090 676 4152 possum
689 4109 696 4138 ι
711 4089 749 4138 oui
768 4089 804 4140 ret
822 4090 909 4140 indicio
926 4093 994 4152 aunt,
1041 4087 1149 4136 eontiart.
1181 4088 1302 4138 cetemm
1320 4086 1369 4135 ritu
1381 4087 1408 4137 et
1419 4085 1503 4136 ordine
1519 4098 1602 4136 eornm
1615 4085 1699 4148 ipsum
1716 4089 1815 4136 ooioren

221 4183 278 4234 quse
290 4171 340 4234 ipse
352 4173 502 4222 Democritus
512 4172 541 4223 ad
553 4172 622 4223 fldem
635 4173 767 4224 indendam
783 4175 867 4237 atteri,
879 4187 995 4238 quaeeun-
1041 4173 1115 4222 nasot.

221 4271 269 4320 qne
284 4257 346 4307 inter
357 4258 425 4308 iteris
436 4259 501 4321 nigra
513 4259 631 4310 ridentur.
664 4261 702 4310 oh
713 4261 887 4313 concretionem
896 4263 959 4313 enim
971 4267 995 4314 et
1071 4265 1112 4309 do.
1127 4259 1211 4321 inepte
1224 4258 1296 4308 etiam
1308 4257 1369 4320 oqlt,
1381 4257 1446 4320 qnod
1461 4257 1543 4307 viridis
1553 4258 1639 4308 notorio
1654 4259 1764 4308 tormam
1775 4271 1817 4307 noo

221 4347 329 4396 ordinem
342 4346 460 4408 eundem,
474 4361 545 4410 quem
557 4347 622 4408 niqra
638 4347 753 4410 habeant,
769 4350 838 4412 (ait)
854 4351 910 4400 tatia
921 4364 994 4416 appa·
1040 4347 1155 4409 exponit,
1178 4345 1220 4398 aad
1247 4347 1342 4396 tantuna
1360 4359 1376 4396 e
1396 4344 1472 4395 solido
1489 4347 1514 4396 et
1527 4357 1604 4394 τιουο
1625 4357 1682 4395 euna
1709 4345 1817 4408 componi

223 4447 290 4494 τινος
303 4439 327 4483 et
337 4437 451 4495 pretereo
461 4445 610 4496 quecunque
621 4434 683 4485 inter
694 4447 776 4500 aspera
791 4436 903 4487 ridentur
917 4439 971 4487 atha
986 4456 993 4488 ι
1040 4433 1108 4482 dicit.

223 4521 275 4570 trare
285 4519 349 4568 enim
361 4533 376 4568 e
389 4519 840 4582 magniaooaatara,eornmqnenosua
852 4536 899 4574 non
913 4527 995 4574 rotun·
1071 4526 1111 4574 37.
1125 4519 1540 4583 stmpttoeotp'turooioreahtaeara
1551 4518 1698 4580 tigurium
1715 4527 1748 4570 nt
1759 4519 1817 4582 quio

221 4607 265 4654 dos
279 4617 344 4667 ease,
355 4605 397 4654 aad
407 4605 578 4668 prominentes,
592 4605 768 4669 ignotarumque
780 4609 992 4660 ooaiormationem
1041 4622 1116 4672 quea
1138 4607 1237 4657 minimo
1251 4606 1332 4657 mixtis
1349 4606 1465 4656 oonitmuo
1477 4606 1522 4666 sit,
1539 4606 1572 4655 ita
1584 4618 1637 4655 assa
1651 4607 1816 4672 purissimum.

223 4692 339 4743 mixtione
352 4691 416 4754 tieri,
431 4690 633 4754 quemadmodum
649 4695 744 4754 aggesta
763 4695 818 4743 anta
835 4707 917 4744 muros
932 4701 995 4746 terra
1041 4695 1155 4758 fleiiqnoa
1168 4707 1213 4758 pro
1230 4693 1331 4755 (saria)
1347 4691 1434 4744 horum
1451 4692 1567 4742 mixtione
1581 4691 1654 4752 oriri,
1673 4695 1704 4740 ut
1718 4706 1779 4742 auro
1789 4693 1816 4739 ri·

223 4780 309 4840 gradus
319 4777 457 4838 contineam
468 4780 563 4840 propter
581 4777 643 4827 hano
653 4779 763 4827 naturam
780 4779 884 4828 colorem
903 4779 994 4830 umbrae
1042 4781 1123 4831 mitem
1139 4783 1164 4832 et
1177 4781 1232 4830 toria
1245 4780 1349 4830 ooioronn
1366 4781 1513 4841 oeterosque
1524 4778 1662 4839 hujusmodi
1672 4791 1708 4827 ex
1734 4779 1816 4828 aihort

220 4878 324 4914 vaenum
336 4878 401 4926 esse,
409 4863 603 4927 nequeirnpediri
612 4864 750 4915 eandidnm.
1043 4868 1118 4917 mitro
1132 4881 1139 4912 ι
1156 4881 1199 4918 eor
1208 4867 1272 4916 enirn
1283 4865 1411 4916 oandidum
1426 4867 1529 4916 retinere
1539 4878 1570 4915 ex
1585 4865 1655 4926 atho,
1669 4865 1814 4913 ruhrnhrau

252 4959 292 5004 os.
305 4953 413 5004 Rubrum
424 4955 505 5004 autern
517 4965 547 5004 εκ
559 4953 643 5004 iisdem
652 4953 749 5016 quidem
760 4955 919 5018 oompoaitom
933 4967 993 5017 aare,
1043 4967 1071 5004 es
1085 4954 1172 5014 rubro,
1183 4967 1259 5016 qnam
1282 4955 1307 5003 tn
1319 4955 1399 5016 partes
1409 4953 1458 5003 athi
1474 4964 1563 5002 saeuas
1582 4951 1682 5000 mbram
1705 4951 1816 5000 mirdane

222 5037 511 5102 equthnsoatidnm,ood
523 5040 604 5090 tamen
621 5052 636 5090 a
652 5039 788 5102 maioribus.
821 5045 916 5100 Quanto
930 5041 993 5092 enim
1043 5041 1141 5092 incidat.
1173 5039 1265 5100 Qnihua
1284 5039 1304 5090 si
1329 5038 1407 5090 viride
1431 5039 1598 5098 admhoeatm,
1628 5035 1815 5098 poteramus

221 5127 248 5175 in
263 5125 390 5190 tignrsrnm
404 5127 540 5192 equalitate
556 5127 657 5191 maiores
668 5128 716 5179 sint
726 5129 864 5192 partiente,
883 5129 999 5194 aquibus
1045 5131 1109 5180 naret
1121 5130 1224 5180 columns
1238 5141 1244 5178 :
1259 5128 1369 5192 oportere
1380 5127 1460 5178 autem
1471 5125 1568 5190 exiguas
1582 5123 1665 5174 viridia
1686 5125 1816 5187 partientes
