3840 5924
247 401 285 453 τε
897 387 1207 454 COMMENTARIUS

247 511 430 584 cohibemus,
457 505 531 588 sugit
553 511 649 570 virum
669 511 899 572 eruditissimum
922 512 1025 573 discri·
1071 512 1204 595 άκήρὰτον
1224 513 1269 575 καί
1282 517 1309 574 έν
1325 521 1405 575 πᾶσιν
1420 513 1535 583 amuel<
1549 515 1640 586 σώζειν
1661 518 1690 576 οὔ
1705 517 1872 596 δυνάμεθα.

247 623 326 682 men,
338 601 416 680 quod
428 602 504 659 inter
514 598 660 680 ’λστέμφης
669 599 851 679 ειἏστεμφής
861 601 1025 674 intercedit,
1071 602 1221 680 Expressit
1234 603 1321 662 'limo'
1340 603 1486 681 Phliasius
1508 622 1555 683 ap.
1570 604 1677 664 Euseb.
1697 605 1794 685 Praep.
1808 625 1874 664 ev.

247 691 283 749 de
298 711 357 768 quo
370 691 416 766 egi
427 689 463 746 ad
475 709 519 750 vs.
532 690 580 748 αθ.
592 689 665 748 Mihi
677 688 755 748 enim
765 689 847 749 locus
857 690 901 746 sic
912 691 1028 750 videtur
1071 688 1146 766 lllV,
1165 692 1236 768 τδρ.
1253 693 1309 764 763
1319 693 1432 770 (fragm.
1443 689 1493 770 V.)
1507 691 1630 770 Σχίτλιοι
1640 691 1785 772 ἄνθρωποι,
1795 693 1876 750 κάκ’

247 778 432 854 relingendus
447 799 454 834 ι
509 827 513 836 .
1072 775 1193 856 ίλέγχεα,
1206 777 1329 858 γαστέρες
1339 769 1404 853 οἶον,
1419 777 1496 838 τοίων
1502 777 1532 836 ἔκ
1541 781 1565 836 τ’
1576 779 1668 858 ἐρίδων
1680 779 1711 837 ἔκ
1719 801 1749 837 τε
1762 791 1876 837 crosa·

1071 869 1126 943 χῶν
1141 864 1286 928 πέπλασθε.
1300 867 1379 943 (leg.
1393 887 1429 926 ea
1441 866 1613 944 Empedocle
1625 865 1707 944 οἵων).
1724 867 1877 944 Scaliger

1072 955 1149 1033 apud
1159 956 1335 1035 Stephanum
1344 957 1374 1015 in
1382 976 1461 1035 poes.
1475 956 1548 1034 pbil.
1559 977 1588 1034 p.
1599 959 1655 1014 τιό
1667 957 1876 1018 scribendum

1072 1062 1134 1102 esse
1145 1046 1221 1104 vidit
1231 1035 1253 1104 ii
1263 1046 1358 1116 δειλὸν,
1375 1065 1465 1123 quum
1479 1046 1569 1121 vulgo
1584 1045 1661 1123 apud
1674 1046 1872 1104 Clementem

1073 1121 1089 1209 ή
1109 1131 1192 1190 δειλὸν
1207 1134 1328 1208 legatur.
1348 1133 1523 1211 Sylburgius
1538 1133 1737 1211 reponendum
1750 1135 1874 1192 existi-

247 1221 297 1280 Vs.
315 1241 353 1297 αφ
367 1220 680 1299 citatu1·aP01phyrio
703 1219 739 1277 de
762 1232 846 1278 antro
860 1219 986 1298 Nymph.
1003 1240 1028 1279 c.
1073 1217 1170 1278 mahat
1181 1221 1227 1278 vel
1242 1211 1260 1277 d
1274 1222 1320 1280 vel
1334 1210 1367 1282 ὦ.
1382 1221 1524 1297 scaligeri
1538 1221 1768 1280 emendationem
1797 1241 1875 1279 me-

249 1312 279 1382 8,
304 1310 355 1368 ubi
377 1308 438 1367 baec
461 1310 596 1384 leguntur
618 1329 625 1366 ι
648 1309 683 1368 Oi
700 1306 873 1387 Πυθαγόρειοι
891 1307 937 1366 καί
961 1308 1029 1384 μετὰ
1073 1307 1130 1366 rito
1142 1308 1304 1386 probarunt
1317 1309 1447 1368 Sturzius
1459 1322 1488 1367 et
1499 1309 1679 1371 Karstenius.
1701 1311 1760 1368 Pro
1774 1310 1873 1368 δυσά-

247 1397 354 1463 τυότυυς
367 1396 482 1456 Πλάτων
494 1396 587 1475 ἄντρον
600 1395 645 1453 καὶ
656 1397 786 1463 σπήλαιον
797 1393 841 1453 τὸν
852 1395 950 1472 κόσμον
960 1398 1027 1454 άπε-
1073 1395 1164 1454 νολόον
1179 1417 1238 1456 non
1252 1411 1330 1476 erat,
1347 1399 1426 1476 quod
1437 1398 1553 1458 Naekius
1564 1398 1685 1459 (Ptoeril.
1696 1397 1874 1475 conjiceret

248 1485 375 1566 φήναντα.
393 1483 475 1563 [lapi
492 1482 542 1562 γάρ
556 1483 735 1561 Ἐμπεδοκλεῖ
749 1485 776 1542 αἱ
796 1483 967 1564 ψυχοπομποί
985 1485 1030 1542 δυ·
1074 1481 1110 1550 δίς
1132 1484 1254 1559 άνολὸον,
1279 1487 1424 1565 siquidem
1446 1485 1603 1553 dardanidae
1617 1487 1718 1545 eodem
1733 1507 1874 1565 prorsus

247 1576 339 1653 νάμεις
349 1573 479 1651 λέγουσιν·
487 1571 637 1648 ’Πλύθομεν
651 1571 705 1631 τόδ’
718 1570 762 1628 ὑπ’
774 1570 867 1650 ἄντρον
874 1571 1028 1650 θπόστεγον.
1074 1574 1159 1632 modo
1169 1575 1321 1634 formatum
1332 1588 1376 1634 est
1385 1595 1444 1653 quo
1454 1574 1619 1654 δυσάμμορος
1626 1577 1671 1634 vel
1683 1575 1868 1654 δυσάμοιρος.

248 1663 458 1742 conjungenda
480 1682 545 1720 cum
569 1661 625 1719 boc
644 1662 710 1719 loco
734 1660 844 1718 Plotini
860 1659 950 1718 verba
971 1660 1028 1718 En·
1074 1661 1206 1721 Alterum
1228 1663 1306 1740 quod
1321 1662 1492 1724 Karstenius
1512 1664 1706 1742 comparavit,
1728 1683 1790 1720 non
1814 1665 1874 1721 in-

248 1752 333 1811 nead.
345 1748 393 1820 lV,
409 1751 440 1825 8,
455 1771 465 1806 ι
479 1770 510 1827 p.
523 1751 611 1825 46913
624 1769 630 1810 :
645 1747 815 1820 Τδαῖσθητδν
828 1757 880 1806 πᾶν
892 1753 1029 1828 πανταχοῦ
1075 1748 1210 1826 frequens
1224 1751 1300 1829 apud
1315 1765 1414 1828 poetas
1429 1764 1483 1812 est.
1497 1751 1533 1809 cl.
1553 1752 1635 1810 lliad.
1647 1777 1681 1831 χ,
1698 1754 1768 1824 428,
1785 1754 1872 1810 alte·

248 1838 381 1914 άτιμάσας
394 1840 418 1915 (θ
433 1838 560 1917 Πλάτων)
573 1839 618 1897 καὶ
630 1837 677 1909 τὴν
691 1837 754 1916 πρδς
764 1837 793 1895 τὸ
804 1841 882 1915 σῶμα
891 1838 1028 1897 κοινωνίαν
1074 1857 1138 1895 rum
1154 1837 1191 1896 ab
1206 1838 1352 1916 llesychio
1362 1841 1521 1917 exponitur
1532 1840 1701 1920 κακόμοιρος,
1717 1840 1870 1917 δύστηνος,

248 1933 295 1999 τῆς
309 1931 396 2006 ψυχῆς
412 1926 581 2007 μεμψάμενος
595 1929 621 1986 ἐν
635 1928 725 2004 δεσμῷ
739 1948 766 1982 τε
776 1915 840 1983 εἶναι
850 1925 895 1983 καί
905 1925 1029 2005 τεθάφθαι
1074 1925 1214 2006 δυστυχής.
1229 1963 1267 1973 -
1277 1928 1338 1987 οῖων
1351 1927 1376 1996 ἐξ
1389 1927 1480 2008 ἐρίδων
1492 1929 1618 1987 κτίσσειεν
1630 1929 1666 1987 ad
1678 1930 1872 1988 calamitates

249 2019 277 2075 ἐν
289 2017 361 2092 αὐτῷ
377 2014 424 2085 τήν
439 2012 526 2093 ψυχήν
538 2014 623 2090 λέγει,
637 2012 738 2072 καὶτὸν
752 2015 777 2071 lv
792 2013 947 2093 ἀπορρήτοις
959 2013 1030 2090 λεγό·
1074 2034 1146 2091 quas
1161 2016 1293 2076 homines
1314 2017 1360 2074 vel
1383 2017 1481 2096 potius
1504 2017 1547 2076 dii
1560 2037 1577 2076 e
1591 2019 1665 2076 coelo
1687 2017 1772 2094 ejecti
1796 2019 1870 2096 jam

156 2144 161 2155 .
251 2125 327 2179 μενον
339 2101 415 2179 λόγον
426 2100 508 2179 μέγαν
517 2092 637 2181 εἶναι,θς
648 2104 675 2160 έν
685 2110 786 2182 φρουρᾷ
795 2101 842 2171 τήν
852 2101 940 2182 ψυχήν
951 2125 1030 2181 φησιν
1074 2103 1267 2181 priusquam
1290 2106 1430 2163 mundum
1453 2104 1691 2179 ingrederentur,
1717 2107 1871 2182 pertulis-

249 2183 326 2252 εἶναι.
340 2191 396 2251 Καὶ
416 2189 446 2247 τὸ
461 2190 589 2260 σπήλαιον
612 2193 683 2268 αὐτῷ
697 2187 787 2269 ὥσπερ
802 2188 981 2266 Ἐμπεδοκλεῖ
999 2191 1030 2250 τδ
1075 2205 1148 2251 sent.
1172 2191 1335 2250 Mirandum
1362 2205 1456 2251 autem
1480 2192 1653 2250 Steiniume
1673 2193 1869 2270 Porphyrio‚

250 2278 355 2357 ἄντρον.
381 2275 414 2334 ln
442 2276 561 2334 eandem
592 2277 762 2334 sententiam
786 2276 888 2334 AEneas
911 2277 1031 2336 Gazaeus
1074 2280 1125 2356 qui
1141 2278 1325 2358 Empedoclis
1338 2279 1430 2339 verba
1442 2281 1608 2338 memoriter
1618 2280 1701 2352 citat,
1715 2279 1796 2340 τοίων
1816 2282 1872 2340 hic

250 2364 400 2442 Tlieophr.
413 2365 444 2423 in
459 2364 498 2423 hl.
509 2364 585 2422 Bibl.
600 2365 658 2425 PP.
669 2363 704 2424 Τ.
722 2363 776 2422 llll
789 2385 818 2441 p.
831 2366 888 2421 620
902 2365 946 2421 A:
962 2365 1030 2424 Τόδε
1076 2365 1236 2424 rescribere
1245 2367 1383 2425 voluisse.
1395 2367 1475 2424 Alios
1485 2365 1572 2442 hujus
1582 2367 1696 2442 generis
1704 2381 1870 2444 poetarum

249 2452 279 2511 τὸ
292 2459 344 2509 πᾶν
358 2451 542 2527 Ἐμπεδοκλῆς
554 2451 646 2530 ἄντρον
663 2451 815 2523 πεποίηκεν·
830 2453 856 2509 ίν
869 2453 989 2532 πολιτείρ
1002 2451 1030 2510 δὲ
1076 2451 1155 2511 locos
1169 2454 1301 2513 Clemens
1316 2455 1335 2514 l.
1350 2476 1374 2513 c.
1390 2453 1519 2513 exhibet.
1535 2452 1599 2515 Vas.
1613 2455 1721 2512 32-35.
1742 2469 1872 2514 exstant

252 2538 366 2600 Πλάτων
394 2538 567 2615 μεταθάλλων
594 2539 724 2610 σπήλαιον
748 2540 879 2615 ὀνομάζει.
903 2539 967 2598 Non
988 2555 1031 2600 est
1075 2540 1152 2616 apud
1166 2541 1352 2600 Plutarchum
1364 2542 1401 2599 de
1415 2540 1530 2600 lsid.et
1540 2542 1657 2620 Osinp.
1674 2543 1801 2614 3613de
1817 2546 1870 2601 vi·

251 2628 331 2705 quod
356 2639 490 2706 putemus
514 2623 560 2692 τίς
585 2625 776 2705 ψυχοπομποθς
796 2624 936 2702 δυνάμεις,
959 2647 1031 2705 quas
1076 2628 1163 2686 tando
1183 2648 1239 2686 aere
1259 2630 1356 2688 alieno
1369 2650 1398 2707 p.
1417 2630 1475 2687 830
1497 2627 1572 2706 (vol.
1594 2629 1648 2687 Vll
1670 2650 1701 2709 p.
1724 2635 1805 2703 λαός
1826 2632 1870 2688 lx

250 2715 419 2793 Porphyrio
434 2727 504 2772 teste
517 2714 669 2791 loquentes
687 2715 802 2772 inducit
822 2714 1029 2793 Empedocles,
1045 2717 1046 2722 ’
1075 2733 1106 2792 p.
1121 2717 1177 2773 302
1190 2717 1236 2778 ed.
1248 2716 1365 2795 lichia).
1379 2716 1424 2774 ab
1434 2716 1491 2775 hoc
1502 2729 1648 2776 mutuatus
1659 2731 1703 2776 est
1714 2717 1871 2778 Eusebius

251 2803 381 2860 diversas
395 2820 458 2860 esse
472 2801 509 2858 ab
522 2802 577 2874 iis,
595 2820 716 2878 quarum
732 2802 819 2860 modo
836 2803 944 2862 mentio
959 2805 1032 2864 sacta
1074 2803 1170 2882 Praep.
1183 2804 1236 2866 Eu.
1246 2804 1281 2877 V,
1298 2804 1315 2863 5
1329 2825 1358 2882 p.
1374 2807 1427 2878 187
1438 2806 1472 2866 D.
1484 2804 1622 2885 ’λπορυγὴ
1637 2805 1658 2863 δ’
1672 2806 1719 2862 οιίκ
1730 2803 1804 2864 ἔστιν
1821 2808 1870 2866 ἐπὶ

251 2901 310 2958 est,
327 2887 441 2968 Χθονίῃ,
463 2886 581 2967 Ἡλιόπη
602 2901 656 2948 cet.
680 2887 812 2947 Platonis
826 2888 935 2946 dictum
952 2893 1030 2966 quod
1075 2889 1122 2959 τδς
1134 2891 1215 2968 νομάς
1229 2892 1329 2958 έκείνας
1341 2892 1387 2950 καλ
1398 2889 1456 2958 rel<
1464 2893 1610 2968 λειμῶνας,
1626 2891 1694 2949 ἀλλὰ
1704 2893 1869 2966 πλάζονται,

253 2979 414 3056 respiciunt
435 2976 635 3053 Porphyrius,
648 2976 782 3035 Plotiuus
804 2989 833 3034 et
856 2974 957 3035 AEneas
973 2977 1031 3036 Ga·
1076 2979 1194 3060 καθάπερ
1209 2980 1232 3039 cl
1247 2981 1370 3051 θεήλατοι
1381 2978 1427 3038 καλ
1441 2981 1622 3057 οὐρανοπετεῖς
1633 2981 1724 3038 έκεῖνοι
1736 2986 1783 3040 τοῦ
1795 2981 1868 3056 ’Ep-

253 3084 329 3122 aaeus
341 3076 431 3122 exstat
441 3063 526 3121 initio
538 3061 608 3121 libri
619 3060 672 3120 Vll
684 3060 886 3139 dellepublica
896 3081 962 3140 pag.
974 3064 1030 3134 514
1075 3066 1230 3133 πιδοκλίους
1236 3067 1367 3142 δαίμονες.
1375 3066 1524 3125 Plutarchi
1536 3067 1627 3126 verba
1633 3071 1758 3146 suntqui
1770 3071 1868 3131 simul

252 3152 298 3210 ed.
310 3151 407 3229 Steph.
416 3148 481 3210 :flat
494 3148 545 3228 γάρ
558 3149 708 3228 ἀνθρώπους
717 3139 770 3207 οἷον
781 3151 808 3206 ἐν
820 3153 952 3229 καταγείῳ
958 3151 1031 3224 ολκή-
1076 3153 1112 3212 de
1124 3156 1199 3214 vatis
1212 3154 1397 3231 Agrigentini
1409 3157 1551 3214 sententia
1562 3157 1663 3232 genios
1672 3171 1868 3236 peccatorum

253 3262 294 3298 σει
305 3237 478 3309 σπηλαιώδει.
490 3237 598 3297 Eodem
613 3238 759 3316 pertinent
770 3235 822 3294 illa
834 3255 898 3313 quae
909 3236 1031 3298 Procius
1076 3241 1306 3321 delictorumque
1322 3261 1423 3321 poenas
1436 3244 1518 3301 luere
1527 3243 1618 3315 dicit,
1633 3245 1725 3302 donec
1740 3251 1869 3323 purgati

253 3331 284 3386 in
297 3328 438 3386 'limacum
451 3345 518 3403 pag.
540 3346 591 3383 101
609 3325 639 3385 F.
654 3325 699 3384 ed.
713 3323 800 3384 hasil.
815 3325 890 3402 (pag.
909 3335 966 3393 ato
983 3327 1029 3385 ed.
1077 3327 1108 3386 in
1136 3330 1294 3406 pristinum
1335 3330 1517 3389 domicilium
1547 3344 1737 3392 revertantur.
1765 3333 1868 3392 lidem

253 3413 436 3493 Schneider.)
450 3414 487 3472 de
498 3412 621 3472 aliorum
636 3411 750 3490 placitis
765 3411 855 3470 rel'ert
876 3433 882 3468 ι
897 3406 983 3472 Ἔνιοι
1004 3413 1031 3474 δὲ
1076 3434 1176 3475 versus
1191 3418 1327 3492 leguntur
1341 3419 1418 3496 apud
1433 3419 1623 3498 Hippolytum
1638 3441 1704 3498 pag.
1728 3421 1788 3479 250
1812 3426 1867 3484 ed.

252 3504 297 3562 τὸν
317 3501 364 3580 μὲν
384 3500 539 3580 δημιουργὸν
560 3502 694 3559 αἰτιᾶσθαι
714 3500 834 3576 οὐδαμῶς
852 3500 984 3575 τολμῶσι,
1002 3501 1031 3560 τὸ
1076 3493 1171 3552 hliller
1188 3517 1194 3553 :
1213 3497 1431 3556 ίίίεταλλάσσουσι
1446 3497 1498 3576 γὰρ
1512 3500 1539 3556 at
1553 3498 1636 3578 ψυχαὶ
1651 3503 1729 3574 σῶμα
1752 3505 1783 3558 ίκ
1808 3504 1869 3560 σιώ·

255 3590 282 3648 δὲ
297 3599 349 3646 πᾶν
365 3594 440 3647 τοῦτο
455 3590 590 3646 αἰτιῶνται
603 3587 647 3646 καὶ
660 3586 840 3668 παραφέρουσι
860 3587 892 3642 τά
910 3590 961 3644 τῶν
978 3611 1030 3646 πα·
1077 3603 1158 3656 imos
1173 3583 1224 3642 tut
1244 3589 1288 3642 τοῦ
1308 3583 1408 3650 νείκους
1429 3581 1659 3660 μῑταθαλδόμεναι
1680 3587 1726 3644 ml
1745 3589 1870 3656 κολαζό-

253 3681 334 3736 λαιῶν
351 3675 443 3757 άντρον
463 3675 610 3736 καλούντων
634 3672 680 3733 καὶ
704 3675 843 3744 σπήλαιον.
865 3672 941 3730 ldem
964 3694 1029 3751 pag.
1076 3691 1152 3743 μεναι
1162 3669 1207 3728 καί
1218 3673 1265 3731 οὐκ
1273 3670 1385 3757 ἐώμενοι
1393 3679 1478 3748 μένειν
1489 3675 1524 3738 εἷς
1535 3671 1564 3730 rb
1575 3672 1613 3740 έν,
1623 3673 1691 3732 titt
1701 3677 1869 3758 κολάζεσθαι

255 3765 292 3842 95
308 3767 334 3823 D
348 3768 424 3842 (pag.
440 3773 496 3832 aar.
511 3763 556 3824 etl.
570 3762 749 3831 Schneider.)
762 3761 859 3818 laudat
871 3761 1031 3838 Orphicum
1076 3759 1102 3816 ἒν
1114 3756 1211 3826 πάσαις
1220 3758 1358 3818 κολάσεσιν
1372 3761 1422 3821 ini
1436 3765 1481 3818 τοῦ
1493 3759 1592 3826 νείκους
1609 3760 1656 3827 τδις
1672 3761 1759 3841 ψυχάς
1776 3787 1868 3838 μετα-

256 3855 368 3911 huncce
381 3870 495 3909 versum
522 3872 528 3906 ι
550 3852 643 3909 Ταῦτα
659 3846 746 3925 πατὴρ
758 3847 850 3918 ποίησε
870 3849 938 3906 κατὰ
954 3849 1032 3917 σπέος
1077 3843 1240 3920 θαλλομένοις
1264 3851 1342 3924 σῶμα
1362 3849 1391 3905 ἐκ
1415 3845 1616 3923 σώματος,ιείιί
1642 3852 1726 3906 etiam
1753 3871 1869 3912 vei-sus

256 3936 395 4017 ἠεροειδές,
408 3950 554 4014 receptum
567 3933 724 4011 inOrphic.
737 3934 837 3993 Herm.
847 3939 951 4011 pise.
965 3936 1032 3995 llie-
1078 3933 1169 3990 3335
1181 3935 1332 3993 iterantur.
1341 3933 1482 3992 Caeterum
1493 3932 1540 4010 μὲν
1550 3933 1601 4012 γὰρ
1611 3956 1722 4008 omncs,
1735 3954 1869 4017 excepto

288 904 374 967 Φυσώ
386 929 415 965 τε
426 903 548 982 Φθιμένη
559 929 588 965 τε
598 903 643 966 καλ
655 905 754 977 Εθναίη
767 906 811 964 καί
822 903 947 985 Ἔγερσις

287 993 363 1055 llud)
373 995 396 1052 τ’
407 993 555 1072 Ἀστεμφής
565 1017 605 1064 τε,
625 993 818 1074 πολυστέφανός
829 1019 857 1053 τε
869 996 993 1073 Μεγιστώ

287 1081 332 1140 καί
346 1081 440 1162 Φορυή
456 1080 501 1139 καλ
513 1083 556 1140 δῖα
571 1081 665 1152 Σιωπή
678 1083 701 1139 τ’
716 1078 838 1161 Ὀμφαίη
852 1102 891 1138 τε.

255 4111 336 4192 πέρας
355 4113 407 4168 τῶν
430 4108 516 4167 πόνων
534 4107 563 4167 τὸ
583 4107 733 4166 κάλλιστον.
751 4108 850 4180 Τοῦτο,
871 4110 907 4174 oe
922 4109 1033 4168 Πλάτων
1079 4109 1195 4188 Αίθέριόν
1207 4133 1236 4188 γε
1250 4112 1324 4186 μένος
1335 4110 1422 4191 ψυχάς
1435 4109 1558 4169 πόντονδε
1568 4109 1665 4173 διώκει.
1675 4113 1752 4171 ldem
1764 4115 1868 4176 πόντον

256 4195 344 4277 φησίν,
358 4199 373 4254 δ
388 4195 470 4273 μέγας
483 4181 554 4270 άγών
568 4195 614 4253 καλ
627 4193 727 4263 ἐλπῖςή
741 4195 852 4270 μεγάλη.
864 4197 950 4254 Τοῦτο
963 4199 1034 4272 φιλο·
1078 4195 1118 4254 δίε
1133 4197 1223 4276 Ιγθονθς
1239 4199 1334 4258 babet.
1349 4199 1409 4256 Pro
1428 4197 1579 4273 άκάμαντος
1594 4199 1772 4277 Hippolytus
1792 4206 1851 4282 φατ’
1855 4240 1869 4251 -

257 4284 348 4363 σοφίας
362 4288 375 4343 δ
388 4282 550 4348 τελειότατος
563 4281 678 4362 καρπός,
694 4285 769 4340 τοῦτο
782 4285 829 4352 τῆς
843 4284 975 4360 ίερατικῆς
988 4285 1034 4343 καί
1077 4285 1163 4350 θοντος
1178 4285 1256 4360 quod
1268 4284 1491 4344 Schneidewino,
1501 4287 1607 4344 arrisit.
1628 4287 1803 4348 Plutarchus
1828 4293 1869 4350 de

256 4373 407 4441 τελεστικῆς
429 4371 524 4448 τέχνης
537 4368 567 4429 ri
589 4367 709 4445 μέγιστον
733 4366 818 4446 ἔργον,
836 4369 968 4426 οἰκειῶσαι
987 4371 1034 4448 μέν
1080 4368 1117 4426 ls.
1133 4383 1162 4428 et
1179 4371 1256 4430 Osir.
1269 4371 1290 4429 l.
1307 4393 1332 4432 c.
1355 4392 1409 4450 pro
1423 4374 1449 4441 ίς
1469 4372 1549 4448 αιίγδις
1570 4392 1722 4451 perperam
1737 4376 1868 4450 ἐσαῦθις,

257 4460 303 4517 καὶ
316 4459 457 4535 ἀναγαγεῖν
471 4457 537 4538 πρδς
551 4456 585 4514 τά
604 4457 684 4522 ὄντως
695 4454 780 4526 καλά,
795 4456 926 4514 ἀπολῦσαι
940 4455 968 4515 ii
982 4461 1034 4516 τῶν
1079 4455 1155 4513 idern
1166 4457 1202 4514 de
1213 4457 1266 4514 vit.
1285 4476 1341 4514 aere
1352 4457 1388 4516 al.
1398 4456 1489 4522 πόντος
1503 4457 1530 4515 δὲ
1541 4459 1649 4536 χθονὸς,
1663 4460 1772 4518 omissa
1784 4482 1869 4538 pra*-

256 4547 319 4626 τῇδε
340 4544 438 4621 πόνων,
453 4547 488 4612 a<
510 4543 541 4603 ἔκ
558 4566 625 4610 τινος
646 4543 784 4622 καταγείου
807 4543 975 4614 σπηλαίου
989 4551 1035 4618 τῆς
1079 4545 1225 4621 positione
1248 4565 1311 4621 quae
1334 4559 1362 4602 et
1383 4544 1460 4623 apud
1483 4545 1640 4605 Eusebium
1665 4547 1867 4627 desideratur,

258 4633 348 4691 ένόλου
362 4635 445 4703 ζωῆς,
455 4632 500 4690 καί
516 4634 655 4710 ἀναγαγεῖν
668 4631 731 4709 πρὸς
744 4630 791 4697 τὰς
805 4631 931 4710 αίθερίους
941 4631 1033 4710 αὐγάς,
1079 4632 1205 4709 denique
1220 4633 1317 4710 priore
1338 4632 1402 4691 loco
1417 4632 1589 4692 Plutarchus
1603 4633 1736 4694 ἀπέπτυσε
1748 4639 1867 4712 pariter

258 4720 304 4780 καί
313 4720 371 4785 ταῖς
381 4719 505 4799 μακάρων
516 4721 647 4800 θνιδρῦσαι
658 4717 754 4792 νήσοις,
766 4715 826 4785 τοὺς
836 4718 878 4778 διδ
888 4723 940 4778 τῶν
949 4743 1036 4802 προει-
1080 4733 1165 4798 atque
1187 4719 1329 4780 Eusebius
1351 4733 1380 4779 et
1400 4721 1591 4799 llippolytus,
1614 4723 1777 4801 posteriore
1799 4727 1868 4784 ἀντ’-

259 4806 378 4886 ρημένων
393 4807 558 4873 ὁδεύσαντες.
1078 4831 1178 4880 πτυσε,
1193 4809 1245 4868 sed
1264 4808 1385 4867 alterum
1402 4808 1509 4866 rectius
1522 4822 1679 4886 usurpatur
1692 4809 1728 4866 de
1740 4813 1817 4868 mari
1833 4813 1867 4870 in

297 4894 1033 4958 Vss.30-31laudatClemensAlexandrinusStrom.
1080 4912 1185 4956 terram
1208 4895 1353 4972 ejiciente.
1375 4896 1421 4956 cf.
1449 4895 1484 4956 ll.
1508 4896 1554 4969 lV,
1582 4899 1649 4963 426.
1673 4895 1753 4954 Nihil
1778 4899 1867 4958 aliud

261 4983 277 5040 3
297 5001 327 5060 p,
345 4983 400 5050 432
422 4985 452 5038 B.
466 4980 515 5042 Vs.
534 4981 732 5058 31P0rphyr.
757 4981 794 5039 de
813 4982 886 5044 abst.
907 4984 948 5057 ll,
973 5007 1008 5058 ²7
1027 5007 1034 5043 ι
1080 4999 1173 5044 autem
1181 4985 1242 5042 haec
1254 4993 1306 5062 per
1318 4984 1433 5042 diversa
1442 4984 1583 5042 elementa
1593 4983 1756 5044 damonum
1768 4985 1866 5060 jacta·

246 5071 247 5076 ’
260 5067 397 5129 Ἐντεῦθεν
405 5068 434 5126 τὸ
444 5066 615 5147 θρηνούμενον
629 5067 692 5146 πρὸς
705 5073 757 5127 τῶν
766 5071 898 5142 παλαιῶν,
909 5074 945 5138 ώς
957 5072 1034 5130 τοίων
1081 5075 1122 5131 tio
1132 5072 1273 5146 designat,
1290 5091 1375 5148 quam
1393 5072 1484 5150 ipsam
1501 5071 1658 5130 formarum
1668 5073 1863 5133 mutationem

251 5153 290 5217 ’ίκ
301 5159 324 5215 τ’
339 5155 430 5236 ἐρίδων
441 5155 473 5216 ἔκ
485 5179 514 5215 τε
525 5155 631 5216 νεικέων
643 5155 805 5235 γενόμεσθα,
816 5157 857 5216 ότι
871 5157 900 5218 τό
911 5159 978 5218 θεῖον
991 5158 1036 5218 καί
1081 5180 1138 5237 qua
1150 5161 1236 5218 modo
1249 5160 1278 5217 in
1292 5159 1424 5219 volatiles
1434 5158 1555 5233 bestius,
1565 5159 1653 5218 modo
1662 5159 1692 5218 in
1704 5162 1864 5242 aquatiles,
