3708 5916
242 413 303 464 466
764 409 965 470 ttttttoctts
984 411 1291 473 cottttattrsttttts

207 567 210 572 ·
239 539 338 614 μοίτων.
381 538 511 617 Μέγιστον
524 539 550 598 δδ
564 540 690 611 τούτωνὴ
706 543 751 610 τῆς
768 542 952 619 δημιουργικῆς
966 566 1013 601 τε·
1060 547 1172 622 οῖγαθῶν·
1195 551 1239 604 καὶ
1263 545 1292 603 τδ
1310 545 1357 621 μὲν
1372 531 1523 624 ἐξευρίσκειν
1542 548 1691 626 περυκέναι
1708 547 1741 605 el
1754 553 1820 614 καῖέ,

237 625 397 705 τρακτύος
416 631 518 702 γνῶσις.
562 627 631 686 Ἀλλ’
643 627 698 685 ἐπεὶ
712 627 745 685 τὰ
760 627 806 701 μὲν
821 632 912 707 πρῶτα
929 630 1011 688 ε’πιτέ·
1056 631 1086 689 τό
1100 633 1126 690 δὲ
1141 633 1270 710 ἐκφαίνειν
1284 635 1321 712 τῷ
1338 636 1454 705 ζητοῦντι
1471 636 1596 709 species]
1616 634 1644 692 δὲ
1660 636 1744 712 εὐχὴ
1760 641 1820 710 prli-

237 735 351 788 τμητοιι,
366 712 398 771 τὰ
409 714 436 770 δὲ
450 715 556 792 δεύτερα
570 715 597 772 ἐν
611 713 751 792 ὑποσχέσει
762 719 847 774 κεῖται
863 709 959 796 βεύαίηί
968 718 1013 776 καί
1058 739 1110 796 ριον
1130 709 1194 776 εἶναι
1208 723 1253 788 τῆς
1269 741 1298 776 τε
1316 722 1379 797 παρ’
1394 723 1469 795 ἡμῶν
1485 724 1619 792 ζητήσεως
1634 721 1683 779 καὶ
1708 727 1754 792 τῆς
1767 728 1821 800 περί

238 803 343 880 ἀψευδεῖ
368 801 466 871 ἐλπίδι,
488 799 544 860 ότε
567 804 613 870 τῆς
632 801 833 881 τετρακτύος
862 802 1013 881 ίεροροίντης
1057 809 1101 862 τοῦ
1116 808 1173 862 θεοῦ
1197 805 1305 876 δόσεως,
1323 797 1352 863 εὐ
1373 805 1485 883 ἐχομένη
1505 811 1551 877 τῆς
1573 808 1662 874 αἰτίοις
1689 813 1821 882 ipsimi<

238 888 379 963 ἔγνωσται,
394 888 440 946 καὶ
451 889 488 954 τίς
503 888 568 960 αῦτη
583 892 599 958 ἡ
615 881 809 966 τετρακτύς,
821 888 880 946 όσον
896 897 950 956 τοῖς
963 913 1014 948 πα.-
1057 890 1092 956 είς
1103 913 1131 948 τε
1144 891 1174 948 τὸ
1188 877 1252 949 εἶναι
1264 891 1425 971 προαγούσης
1443 897 1526 968 ἡμᾶς,
1543 895 1587 951 καί
1606 895 1674 969 πρὸς
1689 895 1720 952 τό
1732 887 1760 953 εὐ
1772 888 1821 956 εἶναι

239 979 311 1050 ροῦσι
330 973 456 1052 προσήκει
470 973 571 1052 λόγοις,
593 973 763 1050 ὑπομνήσεως
779 973 871 1054 ἔτυχε·
887 974 948 1054 φέρε
969 975 1013 1033 καῖ
1058 981 1214 1048 τελειούσης.
1257 983 1320 1046 Πῶς
1334 982 1357 1039 δ’
1373 981 1405 1038 διν
1424 982 1500 1040 λαίόοι
1512 1007 1550 1047 τις
1562 983 1593 1040 τὸ
1607 973 1656 1053 εὐ,
1675 983 1714 1058 μθ,
1730 985 1821 1050 διδόντος

238 1065 278 1141 ἐρ’
292 1064 309 1119 θ
325 1063 458 1139 προελθεῖν
473 1067 487 1122 ό
503 1065 575 1139 λόγος
591 1065 740 1142 παρακαλεῖ
757 1065 896 1138 μετίωμεν·
911 1067 1012 1143 πρῶτον
1057 1071 1125 1138 θεοῦ,
1146 1069 1201 1132 πῶς
1218 1065 1242 1123 δ’
1256 1065 1287 1124 διν
1308 1066 1364 1137 δοίη
1377 1071 1414 1143 τῷ
1431 1067 1493 1144 πρὸς
1513 1067 1559 1134 τδις
1576 1069 1663 1147 epple
1685 1070 1820 1150 uireiemip

238 1148 289 1224 μὲν
302 1149 358 1224 μεθ’
372 1149 427 1216 σίας
440 1153 521 1229 ὁρμῆς
540 1148 585 1207 καλ
607 1155 789 1228 παρασκευῆς,
808 1151 852 1208 καὶ
867 1150 1033 1229 συνεργείας,
1058 1151 1094 1226 μὴ
1116 1153 1229 1210 αἰτοῦντι
1246 1155 1260 1210 ὑ
1280 1151 1377 1210 διδόναι
1396 1157 1515 1229 πεφυκὼς
1532 1156 1603 1226 θεός;
1616 1155 1671 1214 Ἵν’
1694 1148 1738 1214 οὐν
1770 1161 1820 1232 ρεξτε

238 1242 289 1295 τῶν
305 1237 476 1316 Ιίρειττόνων,
491 1240 571 1298 ἐλθεῖν
589 1239 632 1296 ἐπί
652 1243 735 1296 ταῦτα
754 1237 880 1316 προσῆκει
894 1245 1012 1318 προῦπο-
1056 1236 1126 1316 λόγῳ
1147 1237 1218 1316 μόνῳ
1236 1235 1283 1307 τῆν
1298 1236 1401 1316 εὐχὴν
1423 1241 1573 1314 ποιώμεθα,
1596 1242 1670 1300 ἀλλὰ
1690 1245 1736 1298 καὶ
1754 1244 1821 1324 ίργμ

238 1323 373 1390 δείξαντες.
1056 1323 1151 1392 ταύτην
1171 1322 1349 1402 κρατύνωμεν,
1371 1323 1437 1395 μήτε
1457 1331 1488 1404 τῇ
1513 1330 1612 1384 ἑαυτῶν
1631 1331 1751 1406 ἐνεργείᾳ
1769 1332 1819 1409 μόνη

1057 1415 1200 1490 θαρρῶμεν,
1216 1409 1339 1468 ἀλλὰκαὶ
1352 1415 1397 1480 τῆς
1410 1411 1492 1470 θεόθεν
1505 1413 1654 1490 συνεργείας
1667 1417 1731 1492 ἐχώ
1737 1423 1789 1488 μεθ
1798 1443 1819 1480 ε,

1055 1497 1115 1568 καὶ,
1127 1501 1161 1565 ὡς
1179 1489 1246 1562 εἶδος
1258 1497 1300 1555 ἐπὶ
1325 1495 1391 1574 ὑλῃ,
1406 1498 1452 1568 τῆν
1476 1501 1575 1578 εὐχὴν
1595 1505 1635 1580 τῷ
1657 1502 1741 1580 ἔργῳ
1759 1509 1821 1563 σινό-

1055 1602 1171 1659 πτωμεν·
1187 1583 1231 1640 καῖ
1252 1585 1280 1640 τὸ
1300 1581 1359 1642 ilos
1375 1589 1466 1660 τοῦτο,
1483 1585 1552 1652 ὅπως
1570 1585 1587 1644 θ
1609 1589 1773 1666 ἐργαζόμεθα
1789 1594 1822 1648 κεῖ

1057 1670 1208 1748 εὐχώμεθα,
1222 1669 1266 1730 καὶ
1277 1668 1293 1726 ll
1304 1670 1432 1750 εὐχόμεθα
1445 1675 1643 1751 ἐνεργῶμεν·
1660 1677 1777 1755 συνόψες
1792 1670 1821 1734 sl-

279 1758 370 1815 Πάντα
383 1757 415 1814 sir
426 1757 546 1836 πρόςτῆν
557 1761 647 1827 κτῆσιν
662 1761 713 1816 τῶν
728 1759 830 1833 ἀγαθῶν
842 1759 1012 1814 συντελοῦντα
1042 1777 1111 1828 ·ττεν,
1136 1755 1206 1812 ἀλλ’
1224 1756 1323 1837 ἔρχευ
1343 1760 1389 1814 ἐπ’
1409 1757 1503 1836 ἔργον
1531 1764 1666 1817 θεοῖσιν
1701 1765 1822 1830 ἐπευξέ-

238 1845 280 1902 δελ
297 1844 415 1924 βραχέων
430 1844 576 1924 ὑπέγραψεν
590 1850 603 1902 δ
617 1845 707 1919 λόγος,
721 1844 751 1902 τό
770 1846 814 1913 τῆς
828 1847 912 1924 ψυχῆς
932 1844 1011 1900 αὐτο·
1056 1865 1150 1920 μενος
1168 1843 1316 1903 τελέσαι.
1353 1841 1423 1901 Οὔτε
1436 1842 1485 1920 γὰρ
1498 1843 1576 1918 μόνον
1590 1851 1781 1922 προθυμεῖσθαι
1795 1851 1824 1906 δεῖ

238 1933 342 1999 κίνητον
357 1931 401 1989 καλ
414 1931 461 2002 τὴν
473 1937 518 1992 τοῦ
530 1937 587 1990 θεοῦ
602 1932 760 2008 συνέργειαν.
805 1933 837 1989 lli
852 1931 901 2008 γθιρ
913 1930 957 1989 καὶ
973 1933 1012 2009 ἐφ’
1055 1929 1087 1988 τὰ
1099 1929 1183 1998 καλό,
1195 1933 1235 1994 ὡς
1254 1931 1298 2009 ἐφ’
1308 1933 1438 1995 ἑαυτοῖς
1455 1929 1487 1988 θν
1502 1935 1686 2009 κατορθῶσαι,
1698 1935 1743 1990 καὶ
1760 1937 1824 2012 χωρίς

238 2019 302 2093 ipsis
318 2025 335 2090 ἡ
350 2019 446 2098 οίρεσις
459 2025 511 2079 τῶν
528 2021 626 2089 καλῶν,
640 2018 763 2076 ἀλλὰκαὶ
779 2017 882 2076 αὐτότὸ
897 2019 935 2096 ἐφ’
952 2023 1012 2092 ἡμῖν
1056 2021 1101 2085 τῆς
1113 2022 1157 2073 τοῦ
1171 2020 1246 2072 θεοῦ
1262 2015 1422 2092 συνεργείας·
1437 2014 1495 2074 οὔτε
1506 2018 1590 2095 ψιλοῖς
1605 2023 1654 2086 τῆς
1666 2023 1770 2097 εὐχῆς
1784 2025 1824 2086 τοῖς

238 2105 322 2164 θεόθεν
343 2107 457 2183 ἔχοντες,
472 2111 517 2202 τῆς
537 2107 599 2180 παρ’
613 2104 710 2164 ἐκείνου
731 2103 877 2183 συνεργείας
899 2103 943 2161 καὶ
965 2125 1012 2160 τε·
1055 2102 1140 2177 λόγοις
1157 2105 1304 2180 ἀρκεῖσθαι,
1320 2101 1401 2176 μηδὲν
1415 2099 1478 2179 πρός
1496 2103 1542 2172 τὴν
1568 2109 1665 2174 κτῆσιν
1687 2111 1741 2165 τῶν
1761 2110 1822 2176 αἰτη-

238 2192 408 2259 λειώσεως
430 2197 481 2251 τῶν
506 2195 655 2274 αἱρεθέντων
679 2193 781 2258 πάντως
797 2213 846 2248 που
869 2191 1009 2268 χρῄζομεν.
1056 2187 1149 2246 θέντων
1173 2187 1392 2267 συνεισφέροντας.
1435 2186 1515 2246 Οὑτω
1534 2188 1584 2266 γδρ
1604 2189 1622 2258 ἢ
1645 2194 1722 2251 ἄθεον
1745 2195 1823 2271 {iperi-s

238 2277 330 2338 Ἔοικε
344 2277 395 2356 γὰρ
408 2278 437 2336 τό
450 2277 497 2353 μὲν
512 2280 576 2360 παρ’
591 2282 665 2351 Ιἡμῶν
679 2277 884 2351 σπουδαζόμενον
899 2277 1012 2334 ἐκτεινο·
1059 2277 1092 2352 (el
1107 2267 1159 2333 οἷόν
1172 2297 1200 2331 τε
1212 2281 1286 2332 τοῦτο
1300 2273 1392 2350 εἰπεῖν]
1406 2273 1620 2351 ἐπιτηδεύσομεν,
1635 2273 1654 2346 i,
1670 2280 1822 2356 ἀνενέργητσι

507 1447 589 1506 Xlll.
613 1454 740 1505 θθ-όθ.

299 1617 328 1627 -
337 1617 403 1627 --
418 1575 467 1641 ἀλλ’
479 1593 545 1654 ἔρχευ
556 1593 593 1641 ἐπ’
603 1595 676 1655 ίργον,

300 1662 384 1709 θεοῖσιν
394 1661 542 1724 ἐπευξάμενος
552 1665 652 1712 τελέσαι.
666 1691 696 1699 -
707 1689 737 1699 -
748 1688 779 1699 -

239 2365 304 2441 μένῃ
318 2365 385 2444 χειρὶ
401 2363 464 2443 πρδς
479 2367 557 2446 λῆψιν
572 2369 622 2423 τῶν
644 2361 784 2434 καλῶν,’τθ
807 2360 834 2420 δὲ
860 2359 933 2438 παρὰ
955 2366 1014 2418 θεοῦ
1057 2360 1170 2440 εὐχήν·
1184 2352 1220 2419 ῶν
1234 2357 1321 2436 τὸμὲν
1333 2359 1676 2439 ἄθεονθνπροανιιιρεῖτ-ῆς
1690 2370 1822 2442 ἀρετῆςςῂ

239 2453 437 2528 συντελούμενον
449 2452 560 2532 χορηγία
573 2443 639 2510 εἶναι
653 2451 697 2510 καλ
712 2447 783 2528 πηγὴ
795 2453 841 2520 τῆς
855 2449 949 2514 δόσεως
962 2452 1013 2506 τῶν
1057 2449 1155 2519 οὐσίαν,
1169 2447 1198 2504 τό
1212 2447 1238 2506 δὲ
1251 2446 1328 2526 οἷργδν
1343 2447 1429 2506 ἐκλύει
1445 2452 1491 2518 τῆς
1502 2451 1607 2526 εὐχῆς
1621 2449 1654 2507 τὸ
1669 2454 1820 2531 δραστήριον.

240 2645 289 2714 qui
303 2644 338 2696 sit
355 2645 405 2697 iste
419 2647 610 2714 preater-aurias
625 2657 767 2705 eilmerus,
788 2649 924 2711 quantum
941 2656 1014 2712 prae-
1059 2639 1144 2692 etiam
1163 2655 1244 2709 opere
1261 2655 1307 2693 eos
1329 2637 1488 2710 firmemus,
1509 2658 1602 2713 neque
1624 2652 1730 2696 nostre
1748 2645 1822 2699 sotm

240 2731 311 2783 senti
324 2729 492 2800 expositioni
511 2729 658 2796 convenit,
671 2726 730 2798 jam
752 2725 925 2780 declaratum
946 2727 981 2779 sit
1004 2743 1010 2778 :
1059 2723 1200 2778 industriae
1210 2722 1393 2793 confidamus,
1404 2725 1454 2780 scd
1464 2725 1593 2780 divinum
1604 2729 1694 2782 ctiam
1706 2731 1821 2784 auxilium

240 2832 292 2887 age.
315 2815 352 2868 acl
377 2832 410 2869 ea
430 2830 562 2885 quoque,
580 2812 615 2867 ad
630 2831 692 2885 (γοα
708 2831 760 2868 nos
778 2811 913 2886 progredi
930 2811 1012 2882 jubet
1060 2808 1258 2876 adhibeamus,
1273 2819 1302 2864 et
1314 2811 1586 2883 tanquam—sormam
1599 2815 1730 2868 materie
1744 2833 1822 2887 preces

241 2920 365 2972 carmen,
381 2914 566 2970 transeamus,
582 2901 636 2955 hoc
659 2901 782 2974 primum
803 2897 1013 2968 demonstrato,
1059 2896 1139 2968 operi
1154 2893 1355 2968 adjungamus,
1369 2899 1596 2968 atqueomnino,
1610 2909 1645 2952 ut
1657 2917 1722 2972 quae
1733 2903 1822 2974 agimus

241 2990 318 3064 quali
336 3007 400 3043 eum
417 2987 557 3043 desiderio
575 2999 604 3042 et
625 2987 829 3061 praeparatione
851 2995 881 3042 et
895 2984 1014 3040 deorum
1058 2999 1206 3054 precemur
1220 2993 1247 3037 et
1257 3001 1318 3054 quae
1332 3001 1483 3056 precamur
1492 3003 1620 3058 agamus,
1637 2987 1699 3042 duo
1711 2991 1759 3042 ista
1770 3006 1821 3042 con

241 3077 345 3131 auxilio
364 3074 472 3130 adhaec
495 3093 547 3128 nos
556 3073 689 3128 accedere
704 3081 845 3144 oportent.
1054 3069 1175 3144 jungens
1185 3069 1270 3138 dixit,
1282 3071 1334 3124 sed
1345 3076 1490 3146 accingere
1508 3074 1549 3126 ad
1563 3092 1652 3145 opus,
1666 3094 1688 3127 a
1703 3077 1757 3128 dtis
1764 3093 1821 3146 pn·

1059 3168 1137 3210 catus
1159 3167 1188 3209 ut
1202 3157 1365 3231 perficiunt.
1393 3159 1491 3230 Neque
1512 3159 1586 3212 enim
1603 3147 1820 3234 promto'anino

529 3222 602 3280 xxi·
625 3220 730 3293 48‘49·
1061 3242 1200 3313 suscipere
1222 3242 1313 3295 solum
1342 3242 1417 3296 bona
1443 3243 1592 3313 debemus,
1608 3247 1694 3318 quasi
1721 3263 1821 3319 prosper

546 3363 592 3412 Sed
608 3356 729 3424 accingere
743 3361 772 3410 nd
784 3375 860 3424 opos,

301 3449 316 3484 ε
327 3435 373 3484 ‹ttts
383 3437 492 3498 precatus
509 3439 537 3485 ut
548 3435 676 3496 ιιειθοίεοα

1059 3345 1158 3382 eorum
1172 3345 1312 3382 successus
1326 3328 1409 3382 etiam
1429 3329 1488 3382 sine
1504 3347 1558 3402 ope
1572 3327 1671 3384 divina
1685 3349 1769 3402 penes
1782 3347 1822 3382 nos

1059 3415 1109 3483 sit,
1120 3432 1213 3487 neque
1224 3414 1307 3468 nudis
1320 3433 1434 3488 precum
1445 3415 1538 3469 verbis
1547 3420 1676 3472 contenti
1688 3437 1755 3486 esse,
1766 3417 1822 3471 nihil

1059 3503 1112 3573 ipsi
1128 3501 1165 3572 ad
1182 3518 1215 3556 ea
1229 3520 1289 3572 quae
1301 3511 1436 3575 petuntur
1453 3503 1578 3575 paranda
1590 3503 1777 3560 conferentes.
1790 3506 1822 3556 lta

281 3561 383 3616 Omnia
398 3579 459 3634 quae
469 3560 506 3615 ad
519 3561 594 3615 bonu
604 3558 794 3632 comparanda
807 3557 927 3629 faciunt,
943 3577 1014 3611 sum·

242 3651 339 3705 mutim
359 3651 405 3704 bic
432 3649 581 3722 proposuit
606 3665 737 3719 carmen,
757 3647 842 3700 animi
864 3647 1012 3719 proprium

242 3749 352 3792 romum
366 3748 393 3791 ct
417 3737 543 3791 divinum
558 3737 702 3790 auxilium.
719 3737 851 3806 Quamvis
867 3737 941 3789 enim
960 3735 1012 3788 bo·

242 3845 345 3880 norum
376 3825 476 3879 electio
493 3824 581 3877 nostri
607 3821 718 3876 arbitrii
735 3823 785 3890 sit,
812 3832 907 3877 tamen
926 3840 1014 3894 quum

243 3917 334 3986 ipsum
348 3913 522 3968 arbitriuma
536 3913 596 3965 Dee
617 3911 820 3982 acceperimus,
835 3910 893 3980 ejus
907 3928 961 3982 ope
978 3909 1014 3964 ad

243 4021 274 4056 ca
290 4020 351 4074 quse
366 4001 499 4074 elegimus
517 3999 690 4074 perficienda
709 4001 825 4053 omnino
847 3998 1013 4072 indigemus.

244 4087 373 4143 Studium
389 4091 463 4142 enim
475 4099 602 4142 nostrum
615 4089 705 4143 simile
719 4099 760 4143 est
774 4089 870 4143 manui
891 4089 927 4142 ud
939 4088 1015 4143 bona

244 4173 410 4246 accipienda
426 4186 577 4247 porreetae,
593 4176 672 4246 quod
690 4188 784 4230 autem
796 4194 812 4230 α
824 4179 885 4231 Deo
902 4177 1015 4230 confer-

246 4270 291 4314 tur
305 4261 387 4332 copia
400 4271 427 4314 ct
449 4260 513 4314 lons
529 4262 672 4316 bonorum
692 4264 847 4336 largitionis
863 4281 920 4319 esse
934 4265 1014 4319 vitle-

246 4357 302 4418 tur,
324 4357 409 4418 atque
424 4347 544 4401 alterum
562 4349 676 4419 quidem
694 4361 792 4403 nutura
811 4351 883 4406 duce
901 4353 1015 4407 iuvesti-

244 4451 310 4506 gare
330 4433 423 4501 bona,
450 4435 569 4487 alterum
592 4445 669 4489 reete
688 4437 824 4507 querenti
844 4439 1013 4493 estendere:

245 4518 397 4575 conlinium
413 4537 481 4574 vero
495 4531 597 4574 nostrus
613 4521 831 4595 investigationis
845 4535 873 4577 et
887 4524 1015 4598 largitio-

245 4609 288 4662 nis
302 4607 401 4662 divinae
415 4605 547 4660 videntur
560 4625 616 4662 esse
627 4626 741 4680 preces,
756 4610 828 4664 bene
850 4628 878 4665 se
889 4613 926 4666 ud
948 4631 1014 4668 cau·

1059 3591 1133 3644 enim
1148 3600 1196 3644 aut
1214 3590 1345 3643 virtutem
1359 3591 1410 3644 Dei
1426 3601 1570 3662 expertem
1590 3586 1717 3666 (silicet
1738 3594 1774 3646 ita
1787 3592 1822 3646 tli-

1059 3669 1145 3751 eere)
1161 3676 1364 3742 exercebimus,
1379 3685 1428 3729 aut
1444 3695 1541 3748 preces
1553 3679 1656 3733 inertes
1669 3679 1821 3744 fundemus;

1059 3779 1181 3833 quorum
1194 3763 1312 3816 alterum
1326 3764 1387 3816 Deo
1398 3781 1493 3818 carens
1502 3765 1614 3818 virtutis
1629 3777 1761 3820 naturam
1772 3777 1823 3819 ante

1059 3847 1148 3914 tollit,
1164 3848 1282 3902 alterum
1297 3848 1429 3922 ignarum
1443 3868 1557 3922 precum
1572 3853 1631 3904 rim
1644 3851 1757 3924 frangit
1771 3853 1822 3923 Quo

1060 3935 1133 3987 enim
1147 3935 1234 3988 medo
1251 3935 1356 4007 aliquid
1370 3937 1424 3990 erit
1434 3934 1556 4006 benum,
1572 3937 1653 4009 quod
1668 3957 1729 3994 non
1741 3956 1822 3994 secun·

1061 4021 1128 4075 dum
1145 4021 1266 4076 divinam
1287 4023 1413 4094 regulam
1433 4021 1498 4078 stat?
1519 4025 1574 4094 Qm'
1599 4041 1671 4078 sero
1698 4027 1744 4093 id,
1759 4023 1824 4096 quod

1062 4107 1216 4162 secundum
1230 4109 1301 4162 bane
1314 4107 1359 4176 fit,
1369 4127 1428 4162 non
1441 4111 1492 4163 Dei
1508 4111 1614 4164 auxilio
1628 4129 1747 4184 prorsus
1758 4121 1824 4183 egeat

1062 4193 1097 4248 ad
1108 4193 1277 4248 nascendum
1287 4195 1398 4248 ?Virtus
1406 4195 1478 4248 enim
1485 4205 1527 4249 est
1537 4197 1588 4251 Dei
1600 4199 1696 4269 imago
1703 4201 1732 4252 in
1742 4200 1824 4252 animo

1060 4280 1207 4348 rationali3
1221 4281 1316 4356 imago
1334 4293 1427 4336 autem
1446 4283 1536 4336 omnis
1550 4285 1708 4356 exemplari
1722 4296 1782 4358 eget
1795 4282 1823 4336 ad

1061 4366 1180 4421 formam
1195 4367 1384 4436 induendam
1396 4387 1487 4441 neque
1500 4369 1558 4424 haec
1570 4373 1708 4443 quaerenti
1722 4371 1822 4436 sufficit,

1060 4453 1113 4507 uisi
1128 4455 1212 4508 etiam
1227 4454 1297 4508 illud
1315 4455 1448 4522 intuetur,
1469 4455 1505 4508 ad
1526 4453 1607 4524 cujus
1621 4458 1823 4511 similitudinem

1060 4540 1168 4594 bonum
1188 4541 1262 4594 istud
1277 4541 1331 4595 sibi
1350 4542 1532 4614 comparabit.
1549 4543 1606 4594 Eos
1618 4543 1720 4614 igitur,
1733 4547 1779 4616 qui
1796 4541 1824 4595 ad

1060 4619 1194 4681 virtutem
1216 4637 1357 4681 actuosum
1378 4629 1500 4701 aspirant
1511 4667 1519 4695 ,
1529 4632 1644 4699 precari
1662 4640 1790 4700 oportet,
1803 4637 1825 4681 et

244 4713 301 4750 sam
316 4693 393 4749 illtttn
419 4695 605 4766 applicantes,
617 4715 678 4768 qllae
704 4715 756 4750 nos
775 4699 801 4751 ln
818 4698 909 4754 lucem
928 4701 1017 4755 edidit
1057 4727 1203 4786 purgantes
1217 4715 1242 4768 ei
1259 4713 1416 4786 qnaerendae
1435 4731 1549 4786 operam
1564 4715 1647 4780 dam,
1666 4715 1725 4769 1200
1745 4725 1824 4768 autem

245 4781 379 4854 atquead
402 4781 604 4836 beatitudinem
632 4786 773 4856 provexit.
790 4785 845 4840 Sed
869 4791 1016 4859 quomodo
1062 4810 1120 4867 est,
1148 4800 1275 4854 divinum
1307 4800 1378 4854 illud
1411 4798 1648 4872 splendidumque
1683 4811 1825 4873 spectantes

246 4872 418 4943 (plisima,
439 4875 500 4926 Deo
522 4890 582 4926 non
604 4874 751 4946 largiente,
773 4875 910 4948 accipiat?
924 4896 1017 4948 qttove
1061 4903 1159 4961 agere¹
1185 4897 1214 4941 et
1237 4885 1274 4940 ad
1297 4887 1440 4958 sapientiae,
1465 4885 1590 4940 studium
1614 4904 1667 4941 nos
1692 4887 1823 4942 intendere

245 4959 332 5015 modo
356 4963 441 5030 Deus,
465 4972 566 5017 natura
586 4981 633 5016 sua
657 4962 789 5032 liberalis,
809 4965 834 5016 ei
855 4963 951 5034 dabit,
968 4967 1016 5038 qui
1063 4992 1128 5028 cum
1141 4973 1249 5028 assidua
1269 4973 1304 5026 ad
1324 4975 1443 5046 primam
1457 4971 1600 5026 bonorum
1616 4990 1731 5027 canmm
1750 4973 1822 5028 enini

245 5046 363 5103 liberam
374 5051 480 5106 habens
495 5052 644 5125 appetendi
665 5061 829 5123 potestatem
850 5071 908 5106 non
925 5055 1018 5127 petet?
1063 5061 1227 5114 attentione.
1241 5060 1315 5114 Fons
1330 5059 1403 5112 enim
1419 5059 1549 5132 perennis
1571 5069 1700 5126 nature,
1723 5072 1822 5131 quater·

246 5135 285 5187 Ut
299 5138 383 5209 igitur
397 5158 447 5193 nec
457 5140 547 5194 rerbis
561 5151 667 5195 tantum
687 5159 783 5212 preces
795 5142 955 5212 fundamus,
968 5143 1014 5199 setl
1038 5195 1042 5214 ,
1060 5149 1155 5202 narius
1171 5149 1215 5201 ille
1228 5163 1377 5220 numerus,
1393 5144 1521 5200 omnibus
1530 5164 1589 5200 non
1602 5147 1697 5200 solum
1711 5149 1773 5201 ritae
1782 5141 1823 5202 sul
