<?xml version="1.0" encoding="UTF-8"?>
<!DOCTYPE html PUBLIC "-//W3C//DTD XHTML 1.0 Transitional//EN"
    "http://www.w3.org/TR/xhtml1/DTD/xhtml1-transitional.dtd">
<html xmlns="http://www.w3.org/1999/xhtml" xml:lang="en" lang="en">
 <head>
  <title>
</title>
<meta http-equiv="Content-Type" content="text/html;charset=utf-8" />
  <meta name='ocr-system' content='tesseract 3.04.00' />
  <meta name='ocr-capabilities' content='ocr_page ocr_carea ocr_par ocr_line ocrx_word'/>
</head>
<body>
  <div class='ocr_page' id='page_1' title='image "./fragmentaphilos03mullgoog/fragmentaphilos03mullgoog_0588.png"; bbox 0 0 3764 5922; ppageno 0'>
   <div class='ocr_carea' id='block_1_1' title="bbox 143 507 1423 809">
    <p class='ocr_par' dir='ltr' id='par_1_1' title="bbox 143 507 1423 809">
     <span class='ocr_line' id='line_1_1' title="bbox 143 507 1423 610; baseline -0.005 -2"><span class='ocrx_word' id='word_1_1' title='bbox 143 517 318 610; x_wconf 78' lang='lat' dir='ltr'><strong>stttttl</strong></span> <span class='ocrx_word' id='word_1_2' title='bbox 352 516 477 609; x_wconf 73' lang='lat' dir='ltr'><strong>stvts</strong></span> <span class='ocrx_word' id='word_1_3' title='bbox 509 511 683 606; x_wconf 82' lang='lat' dir='ltr'>xYSTI</span> <span class='ocrx_word' id='word_1_4' title='bbox 720 512 844 606; x_wconf 82' lang='lat' dir='ltr'>SIVE</span> <span class='ocrx_word' id='word_1_5' title='bbox 877 511 1029 604; x_wconf 79' lang='lat' dir='ltr'><strong>stxrt</strong></span> <span class='ocrx_word' id='word_1_6' title='bbox 1062 507 1423 602; x_wconf 80' lang='lat' dir='ltr'><strong>nnoutntntott</strong></span> 
     </span>
     <span class='ocr_line' id='line_1_2' title="bbox 471 727 1109 809; baseline -0.009 -1"><span class='ocrx_word' id='word_1_7' title='bbox 471 729 634 808; x_wconf 69' lang='lat' dir='ltr'><strong>earne</strong></span> <span class='ocrx_word' id='word_1_8' title='bbox 662 729 842 809; x_wconf 84' lang='lat' dir='ltr'><strong>vnnsuu</strong></span> <span class='ocrx_word' id='word_1_9' title='bbox 870 727 899 804; x_wconf 81' lang='lat' dir='ltr'><strong>l</strong></span> <span class='ocrx_word' id='word_1_10' title='bbox 926 728 1109 804; x_wconf 77' lang='lat' dir='ltr'><strong>nmtno.</strong></span> 
     </span>
    </p>
   </div>
   <div class='ocr_carea' id='block_1_2' title="bbox 653 976 936 1014">
    <p class='ocr_par' dir='ltr' id='par_1_2' title="bbox 653 976 936 1014">
     <span class='ocr_line' id='line_1_3' title="bbox 653 976 936 1014; baseline 0.007 -17"><span class='ocrx_word' id='word_1_11' title='bbox 653 976 936 1014; x_wconf 49' lang='grc' dir='ltr'><strong>-ι-Θοῦ-</strong></span> 
     </span>
    </p>
   </div>
   <div class='ocr_carea' id='block_1_3' title="bbox 22 1227 717 1306">
    <p class='ocr_par' dir='ltr' id='par_1_3' title="bbox 22 1227 717 1306">
     <span class='ocr_line' id='line_1_4' title="bbox 22 1227 717 1306; baseline -0.016 0"><span class='ocrx_word' id='word_1_12' title='bbox 22 1233 197 1306; x_wconf 82' lang='lat' dir='ltr'><strong>llUllNUS</strong></span> <span class='ocrx_word' id='word_1_13' title='bbox 227 1227 481 1301; x_wconf 82' lang='lat' dir='ltr'><strong>APRONIANO</strong></span> <span class='ocrx_word' id='word_1_14' title='bbox 507 1227 587 1298; x_wconf 90' lang='lat' dir='ltr'><strong>SUO</strong></span> <span class='ocrx_word' id='word_1_15' title='bbox 613 1227 647 1298; x_wconf 93' lang='lat' dir='ltr'><strong>S.</strong></span> <span class='ocrx_word' id='word_1_16' title='bbox 678 1229 717 1296; x_wconf 80' lang='lat' dir='ltr'><strong>tt.</strong></span> 
     </span>
    </p>
   </div>
   <div class='ocr_carea' id='block_1_4' title="bbox 13 1389 774 2784">
    <p class='ocr_par' dir='ltr' id='par_1_4' title="bbox 13 1389 774 2784">
     <span class='ocr_line' id='line_1_5' title="bbox 24 1389 770 1472; baseline -0.016 -15"><span class='ocrx_word' id='word_1_17' title='bbox 24 1398 85 1458; x_wconf 86' lang='lat' dir='ltr'><strong>Scio</strong></span> <span class='ocrx_word' id='word_1_18' title='bbox 99 1395 190 1472; x_wconf 87' lang='lat' dir='ltr'><strong>quia,</strong></span> <span class='ocrx_word' id='word_1_19' title='bbox 214 1395 296 1453; x_wconf 85' lang='lat' dir='ltr'><strong>sicut</strong></span> <span class='ocrx_word' id='word_1_20' title='bbox 316 1411 386 1470; x_wconf 83' lang='lat' dir='ltr'><strong>grex</strong></span> <span class='ocrx_word' id='word_1_21' title='bbox 401 1391 436 1451; x_wconf 93' lang='lat' dir='ltr'><strong>ad</strong></span> <span class='ocrx_word' id='word_1_22' title='bbox 458 1409 560 1448; x_wconf 80' lang='lat' dir='ltr'><strong>vocent</strong></span> <span class='ocrx_word' id='word_1_23' title='bbox 581 1389 696 1468; x_wconf 88' lang='lat' dir='ltr'><strong>proprii</strong></span> <span class='ocrx_word' id='word_1_24' title='bbox 719 1407 770 1467; x_wconf 90' lang='lat' dir='ltr'><strong>pa·</strong></span> 
     </span>
     <span class='ocr_line' id='line_1_6' title="bbox 14 1477 768 1554; baseline -0.015 -9"><span class='ocrx_word' id='word_1_25' title='bbox 14 1489 65 1545; x_wconf 85' lang='lat' dir='ltr'><strong>oris</strong></span> <span class='ocrx_word' id='word_1_26' title='bbox 79 1484 207 1542; x_wconf 82' lang='lat' dir='ltr'>libenter</span> <span class='ocrx_word' id='word_1_27' title='bbox 225 1484 372 1554; x_wconf 87' lang='lat' dir='ltr'><strong>accurrit,</strong></span> <span class='ocrx_word' id='word_1_28' title='bbox 386 1483 427 1538; x_wconf 91' lang='lat' dir='ltr'><strong>ita</strong></span> <span class='ocrx_word' id='word_1_29' title='bbox 439 1492 468 1536; x_wconf 92' lang='lat' dir='ltr'><strong>et</strong></span> <span class='ocrx_word' id='word_1_30' title='bbox 481 1478 637 1553; x_wconf 88' lang='lat' dir='ltr'><strong>religiosus</strong></span> <span class='ocrx_word' id='word_1_31' title='bbox 652 1477 768 1536; x_wconf 82' lang='lat' dir='ltr'>auditor</span> 
     </span>
     <span class='ocr_line' id='line_1_7' title="bbox 13 1565 770 1642; baseline -0.011 -12"><span class='ocrx_word' id='word_1_32' title='bbox 13 1574 127 1632; x_wconf 82' lang='lat' dir='ltr'><strong>ernaculi</strong></span> <span class='ocrx_word' id='word_1_33' title='bbox 143 1571 282 1630; x_wconf 89' lang='lat' dir='ltr'><strong>doctoris</strong></span> <span class='ocrx_word' id='word_1_34' title='bbox 305 1567 555 1627; x_wconf 79' lang='lat' dir='ltr'><strong>admonitionibus</strong></span> <span class='ocrx_word' id='word_1_35' title='bbox 568 1567 682 1642; x_wconf 84' lang='lat' dir='ltr'><strong>gautlet.</strong></span> <span class='ocrx_word' id='word_1_36' title='bbox 693 1565 770 1634; x_wconf 90' lang='lat' dir='ltr'><strong>Quia</strong></span> 
     </span>
     <span class='ocr_line' id='line_1_8' title="bbox 13 1654 770 1734; baseline -0.007 -18"><span class='ocrx_word' id='word_1_37' title='bbox 13 1679 68 1734; x_wconf 85' lang='lat' dir='ltr'><strong>rgo,</strong></span> <span class='ocrx_word' id='word_1_38' title='bbox 83 1659 260 1717; x_wconf 84' lang='lat' dir='ltr'>charissime</span> <span class='ocrx_word' id='word_1_39' title='bbox 285 1658 326 1715; x_wconf 89' lang='lat' dir='ltr'><strong>lili</strong></span> <span class='ocrx_word' id='word_1_40' title='bbox 347 1657 534 1734; x_wconf 74' lang='lat' dir='ltr'><strong>Aproniam,</strong></span> <span class='ocrx_word' id='word_1_41' title='bbox 550 1654 687 1730; x_wconf 87' lang='lat' dir='ltr'><strong>religiosa</strong></span> <span class='ocrx_word' id='word_1_42' title='bbox 709 1654 770 1712; x_wconf 83' lang='lat' dir='ltr'><strong>ntia</strong></span> 
     </span>
     <span class='ocr_line' id='line_1_9' title="bbox 13 1744 774 1822; baseline -0.005 -20"><span class='ocrx_word' id='word_1_43' title='bbox 13 1765 64 1816; x_wconf 81' lang='lat' dir='ltr'><strong>tea,</strong></span> <span class='ocrx_word' id='word_1_44' title='bbox 77 1764 160 1802; x_wconf 90' lang='lat' dir='ltr'><strong>soror</strong></span> <span class='ocrx_word' id='word_1_45' title='bbox 180 1744 247 1822; x_wconf 86' lang='lat' dir='ltr'><strong>jam</strong></span> <span class='ocrx_word' id='word_1_46' title='bbox 270 1745 302 1802; x_wconf 93' lang='lat' dir='ltr'><strong>in</strong></span> <span class='ocrx_word' id='word_1_47' title='bbox 328 1744 446 1802; x_wconf 87' lang='lat' dir='ltr'><strong>Christo</strong></span> <span class='ocrx_word' id='word_1_48' title='bbox 471 1756 538 1813; x_wconf 91' lang='lat' dir='ltr'><strong>tua,</strong></span> <span class='ocrx_word' id='word_1_49' title='bbox 565 1753 737 1819; x_wconf 87' lang='lat' dir='ltr'><strong>poposcerat</strong></span> <span class='ocrx_word' id='word_1_50' title='bbox 757 1759 774 1798; x_wconf 89' lang='lat' dir='ltr'><strong>a</strong></span> 
     </span>
     <span class='ocr_line' id='line_1_10' title="bbox 13 1828 772 1910; baseline -0.008 -18"><span class='ocrx_word' id='word_1_51' title='bbox 13 1853 50 1909; x_wconf 79' lang='lat' dir='ltr'><strong>te,</strong></span> <span class='ocrx_word' id='word_1_52' title='bbox 63 1845 93 1891; x_wconf 92' lang='lat' dir='ltr'><strong>ut</strong></span> <span class='ocrx_word' id='word_1_53' title='bbox 105 1835 132 1891; x_wconf 92' lang='lat' dir='ltr'><strong>ei</strong></span> <span class='ocrx_word' id='word_1_54' title='bbox 147 1833 284 1910; x_wconf 84' lang='lat' dir='ltr'><strong>aliquid,</strong></span> <span class='ocrx_word' id='word_1_55' title='bbox 304 1832 383 1909; x_wconf 89' lang='lat' dir='ltr'><strong>quod</strong></span> <span class='ocrx_word' id='word_1_56' title='bbox 397 1831 523 1906; x_wconf 85' lang='lat' dir='ltr'><strong>legeret,</strong></span> <span class='ocrx_word' id='word_1_57' title='bbox 539 1828 595 1886; x_wconf 88' lang='lat' dir='ltr'><strong>tale</strong></span> <span class='ocrx_word' id='word_1_58' title='bbox 616 1847 772 1905; x_wconf 91' lang='lat' dir='ltr'><strong>compone-</strong></span> 
     </span>
     <span class='ocr_line' id='line_1_11' title="bbox 13 1914 771 1996; baseline -0.001 -22"><span class='ocrx_word' id='word_1_59' title='bbox 13 1937 65 1989; x_wconf 83' lang='lat' dir='ltr'><strong>em,</strong></span> <span class='ocrx_word' id='word_1_60' title='bbox 78 1919 126 1976; x_wconf 91' lang='lat' dir='ltr'><strong>ubi</strong></span> <span class='ocrx_word' id='word_1_61' title='bbox 138 1939 238 1996; x_wconf 86' lang='lat' dir='ltr'><strong>neque</strong></span> <span class='ocrx_word' id='word_1_62' title='bbox 254 1919 401 1976; x_wconf 82' lang='lat' dir='ltr'><strong>laboraret</strong></span> <span class='ocrx_word' id='word_1_63' title='bbox 413 1922 443 1974; x_wconf 90' lang='lat' dir='ltr'><strong>in</strong></span> <span class='ocrx_word' id='word_1_64' title='bbox 457 1914 657 1990; x_wconf 87' lang='lat' dir='ltr'><strong>intelligendo,</strong></span> <span class='ocrx_word' id='word_1_65' title='bbox 670 1929 771 1992; x_wconf 88' lang='lat' dir='ltr'><strong>aperto</strong></span> 
     </span>
     <span class='ocr_line' id='line_1_12' title="bbox 14 2001 771 2084; baseline -0.001 -23"><span class='ocrx_word' id='word_1_66' title='bbox 14 2016 24 2061; x_wconf 89' lang='lat' dir='ltr'><strong>t</strong></span> <span class='ocrx_word' id='word_1_67' title='bbox 47 2007 112 2063; x_wconf 89' lang='lat' dir='ltr'><strong>satis</strong></span> <span class='ocrx_word' id='word_1_68' title='bbox 135 2007 229 2084; x_wconf 87' lang='lat' dir='ltr'><strong>plano</strong></span> <span class='ocrx_word' id='word_1_69' title='bbox 255 2023 390 2064; x_wconf 89' lang='lat' dir='ltr'><strong>sermone</strong></span> <span class='ocrx_word' id='word_1_70' title='bbox 412 2003 545 2062; x_wconf 87' lang='lat' dir='ltr'><strong>:Sixtum</strong></span> <span class='ocrx_word' id='word_1_71' title='bbox 579 2004 610 2060; x_wconf 93' lang='lat' dir='ltr'><strong>in</strong></span> <span class='ocrx_word' id='word_1_72' title='bbox 638 2001 771 2060; x_wconf 90' lang='lat' dir='ltr'><strong>Latinum</strong></span> 
     </span>
     <span class='ocr_line' id='line_1_13' title="bbox 13 2091 772 2170; baseline -0.001 -20"><span class='ocrx_word' id='word_1_73' title='bbox 13 2093 77 2167; x_wconf 85' lang='lat' dir='ltr'><strong>eni,</strong></span> <span class='ocrx_word' id='word_1_74' title='bbox 97 2113 184 2170; x_wconf 89' lang='lat' dir='ltr'><strong>quern</strong></span> <span class='ocrx_word' id='word_1_75' title='bbox 206 2093 325 2151; x_wconf 82' lang='lat' dir='ltr'><strong>Sixtum</strong></span> <span class='ocrx_word' id='word_1_76' title='bbox 350 2093 446 2170; x_wconf 91' lang='lat' dir='ltr'><strong>ipsum</strong></span> <span class='ocrx_word' id='word_1_77' title='bbox 471 2107 534 2149; x_wconf 90' lang='lat' dir='ltr'><strong>esse</strong></span> <span class='ocrx_word' id='word_1_78' title='bbox 560 2091 697 2158; x_wconf 87' lang='lat' dir='ltr'><strong>tradunt,</strong></span> <span class='ocrx_word' id='word_1_79' title='bbox 720 2091 772 2167; x_wconf 87' lang='lat' dir='ltr'><strong>qui</strong></span> 
     </span>
     <span class='ocr_line' id='line_1_14' title="bbox 13 2177 772 2258; baseline -0.001 -22"><span class='ocrx_word' id='word_1_80' title='bbox 13 2181 66 2258; x_wconf 88' lang='lat' dir='ltr'><strong>pud</strong></span> <span class='ocrx_word' id='word_1_81' title='bbox 77 2201 128 2240; x_wconf 82' lang='lat' dir='ltr'><strong>ros</strong></span> <span class='ocrx_word' id='word_1_82' title='bbox 143 2183 223 2240; x_wconf 92' lang='lat' dir='ltr'><strong>idem</strong></span> <span class='ocrx_word' id='word_1_83' title='bbox 242 2183 275 2240; x_wconf 93' lang='lat' dir='ltr'><strong>in</strong></span> <span class='ocrx_word' id='word_1_84' title='bbox 293 2183 365 2239; x_wconf 90' lang='lat' dir='ltr'><strong>urbe</strong></span> <span class='ocrx_word' id='word_1_85' title='bbox 379 2179 511 2238; x_wconf 83' lang='lat' dir='ltr'><strong>Romana</strong></span> <span class='ocrx_word' id='word_1_86' title='bbox 528 2177 628 2236; x_wconf 85' lang='lat' dir='ltr'><strong>Sixtus</strong></span> <span class='ocrx_word' id='word_1_87' title='bbox 639 2191 772 2248; x_wconf 89' lang='lat' dir='ltr'><strong>vocatur,</strong></span> 
     </span>
     <span class='ocr_line' id='line_1_15' title="bbox 13 2265 774 2346; baseline -0.004 -22"><span class='ocrx_word' id='word_1_88' title='bbox 13 2269 114 2345; x_wconf 87' lang='lat' dir='ltr'><strong>piscopi</strong></span> <span class='ocrx_word' id='word_1_89' title='bbox 128 2283 157 2326; x_wconf 89' lang='lat' dir='ltr'><strong>et</strong></span> <span class='ocrx_word' id='word_1_90' title='bbox 166 2269 310 2346; x_wconf 85' lang='lat' dir='ltr'><strong>martyris</strong></span> <span class='ocrx_word' id='word_1_91' title='bbox 324 2269 419 2343; x_wconf 86' lang='lat' dir='ltr'><strong>gloria</strong></span> <span class='ocrx_word' id='word_1_92' title='bbox 432 2266 594 2324; x_wconf 90' lang='lat' dir='ltr'><strong>decoratus.</strong></span> <span class='ocrx_word' id='word_1_93' title='bbox 610 2265 693 2322; x_wconf 90' lang='lat' dir='ltr'><strong>llunc</strong></span> <span class='ocrx_word' id='word_1_94' title='bbox 703 2283 774 2340; x_wconf 88' lang='lat' dir='ltr'><strong>ergo</strong></span> 
     </span>
     <span class='ocr_line' id='line_1_16' title="bbox 15 2351 773 2429; baseline -0.001 -20"><span class='ocrx_word' id='word_1_95' title='bbox 15 2373 56 2410; x_wconf 90' lang='lat' dir='ltr'><strong>um</strong></span> <span class='ocrx_word' id='word_1_96' title='bbox 69 2354 185 2429; x_wconf 89' lang='lat' dir='ltr'><strong>legerit,</strong></span> <span class='ocrx_word' id='word_1_97' title='bbox 196 2355 332 2413; x_wconf 84' lang='lat' dir='ltr'><strong>inveniet</strong></span> <span class='ocrx_word' id='word_1_98' title='bbox 341 2368 398 2412; x_wconf 86' lang='lat' dir='ltr'><strong>tarn</strong></span> <span class='ocrx_word' id='word_1_99' title='bbox 411 2353 547 2424; x_wconf 88' lang='lat' dir='ltr'><strong>brevem,</strong></span> <span class='ocrx_word' id='word_1_100' title='bbox 558 2365 591 2410; x_wconf 90' lang='lat' dir='ltr'><strong>ut</strong></span> <span class='ocrx_word' id='word_1_101' title='bbox 601 2352 699 2410; x_wconf 79' lang='lat' dir='ltr'><strong>videat</strong></span> <span class='ocrx_word' id='word_1_102' title='bbox 713 2351 773 2409; x_wconf 93' lang='lat' dir='ltr'><strong>sin·</strong></span> 
     </span>
     <span class='ocr_line' id='line_1_17' title="bbox 13 2440 772 2518; baseline -0.001 -21"><span class='ocrx_word' id='word_1_103' title='bbox 13 2443 65 2510; x_wconf 82' lang='lat' dir='ltr'><strong>‚ulis</strong></span> <span class='ocrx_word' id='word_1_104' title='bbox 88 2443 225 2502; x_wconf 85' lang='lat' dir='ltr'><strong>versibus</strong></span> <span class='ocrx_word' id='word_1_105' title='bbox 249 2445 383 2518; x_wconf 80' lang='lat' dir='ltr'><strong>ingentes</strong></span> <span class='ocrx_word' id='word_1_106' title='bbox 402 2440 545 2518; x_wconf 80' lang='lat' dir='ltr'><strong>explicati</strong></span> <span class='ocrx_word' id='word_1_107' title='bbox 569 2457 691 2510; x_wconf 91' lang='lat' dir='ltr'><strong>sensus,</strong></span> <span class='ocrx_word' id='word_1_108' title='bbox 716 2452 772 2497; x_wconf 84' lang='lat' dir='ltr'><strong>tarn</strong></span> 
     </span>
     <span class='ocr_line' id='line_1_18' title="bbox 13 2525 773 2605; baseline 0 -20"><span class='ocrx_word' id='word_1_109' title='bbox 13 2529 201 2603; x_wconf 65' lang='lat' dir='ltr'><strong>eminentem,</strong></span> <span class='ocrx_word' id='word_1_110' title='bbox 217 2543 253 2588; x_wconf 90' lang='lat' dir='ltr'><strong>ut</strong></span> <span class='ocrx_word' id='word_1_111' title='bbox 262 2549 364 2588; x_wconf 77' lang='lat' dir='ltr'><strong>sersus</strong></span> <span class='ocrx_word' id='word_1_112' title='bbox 375 2529 518 2588; x_wconf 89' lang='lat' dir='ltr'><strong>sententia</strong></span> <span class='ocrx_word' id='word_1_113' title='bbox 530 2525 565 2584; x_wconf 91' lang='lat' dir='ltr'><strong>ad</strong></span> <span class='ocrx_word' id='word_1_114' title='bbox 578 2529 666 2585; x_wconf 87' lang='lat' dir='ltr'><strong>totius</strong></span> <span class='ocrx_word' id='word_1_115' title='bbox 679 2528 773 2605; x_wconf 86' lang='lat' dir='ltr'><strong>possit</strong></span> 
     </span>
     <span class='ocr_line' id='line_1_19' title="bbox 13 2615 774 2694; baseline 0.004 -23"><span class='ocrx_word' id='word_1_116' title='bbox 13 2617 192 2677; x_wconf 81' lang='lat' dir='ltr'><strong>›erlectionem</strong></span> <span class='ocrx_word' id='word_1_117' title='bbox 205 2619 278 2677; x_wconf 80' lang='lat' dir='ltr'><strong>ritae</strong></span> <span class='ocrx_word' id='word_1_118' title='bbox 290 2619 425 2676; x_wconf 81' lang='lat' dir='ltr'><strong>sufficere</strong></span> <span class='ocrx_word' id='word_1_119' title='bbox 437 2660 445 2689; x_wconf 91' lang='lat'><strong>,</strong></span> <span class='ocrx_word' id='word_1_120' title='bbox 457 2629 514 2674; x_wconf 90' lang='lat' dir='ltr'><strong>tam</strong></span> <span class='ocrx_word' id='word_1_121' title='bbox 525 2615 729 2694; x_wconf 73' lang='lat' dir='ltr'><strong>manifestum,</strong></span> <span class='ocrx_word' id='word_1_122' title='bbox 741 2629 774 2674; x_wconf 92' lang='lat' dir='ltr'><strong>ut</strong></span> 
     </span>
     <span class='ocr_line' id='line_1_20' title="bbox 13 2703 773 2784; baseline 0.005 -26"><span class='ocrx_word' id='word_1_123' title='bbox 13 2721 47 2759; x_wconf 86' lang='lat' dir='ltr'><strong>tec</strong></span> <span class='ocrx_word' id='word_1_124' title='bbox 60 2705 192 2765; x_wconf 85' lang='lat' dir='ltr'><strong>assistens</strong></span> <span class='ocrx_word' id='word_1_125' title='bbox 204 2706 324 2784; x_wconf 85' lang='lat' dir='ltr'><strong>quidem</strong></span> <span class='ocrx_word' id='word_1_126' title='bbox 339 2705 445 2780; x_wconf 85' lang='lat' dir='ltr'><strong>legenti</strong></span> <span class='ocrx_word' id='word_1_127' title='bbox 460 2703 564 2782; x_wconf 76' lang='lat' dir='ltr'><strong>puellae</strong></span> <span class='ocrx_word' id='word_1_128' title='bbox 575 2717 722 2781; x_wconf 88' lang='lat' dir='ltr'><strong>expertem</strong></span> <span class='ocrx_word' id='word_1_129' title='bbox 743 2723 773 2762; x_wconf 91' lang='lat' dir='ltr'><strong>se</strong></span> 
     </span>
    </p>
   </div>
   <div class='ocr_carea' id='block_1_5' title="bbox 818 1195 1632 2769">
    <p class='ocr_par' dir='ltr' id='par_1_5' title="bbox 819 1195 1601 1362">
     <span class='ocr_line' id='line_1_21' title="bbox 859 1195 1601 1274; baseline 0.001 -20"><span class='ocrx_word' id='word_1_130' title='bbox 859 1198 886 1255; x_wconf 83' lang='grc'><strong>8.</strong></span> <span class='ocrx_word' id='word_1_131' title='bbox 900 1197 963 1255; x_wconf 84' lang='grc' dir='ltr'><strong>Νοιι</strong></span> <span class='ocrx_word' id='word_1_132' title='bbox 983 1211 1027 1255; x_wconf 88' lang='lat' dir='ltr'><strong>est</strong></span> <span class='ocrx_word' id='word_1_133' title='bbox 1047 1196 1201 1254; x_wconf 92' lang='lat' dir='ltr'><strong>minimum</strong></span> <span class='ocrx_word' id='word_1_134' title='bbox 1224 1195 1255 1254; x_wconf 91' lang='lat' dir='ltr'><strong>in</strong></span> <span class='ocrx_word' id='word_1_135' title='bbox 1277 1195 1403 1253; x_wconf 86' lang='lat' dir='ltr'><strong>bumana</strong></span> <span class='ocrx_word' id='word_1_136' title='bbox 1423 1197 1484 1253; x_wconf 82' lang='lat' dir='ltr'><strong>vita</strong></span> <span class='ocrx_word' id='word_1_137' title='bbox 1501 1197 1601 1274; x_wconf 87' lang='lat' dir='ltr'><strong>negli-&#39;</strong></span> 
     </span>
     <span class='ocr_line' id='line_1_22' title="bbox 819 1285 1029 1362; baseline 0 -20"><span class='ocrx_word' id='word_1_138' title='bbox 819 1303 886 1362; x_wconf 86' lang='lat' dir='ltr'><strong>gere</strong></span> <span class='ocrx_word' id='word_1_139' title='bbox 900 1285 1029 1342; x_wconf 87' lang='lat' dir='ltr'><strong>minima.</strong></span> 
     </span>
    </p>

    <p class='ocr_par' dir='ltr' id='par_1_6' title="bbox 818 1371 1600 1695">
     <span class='ocr_line' id='line_1_23' title="bbox 858 1371 1599 1450; baseline 0.003 -21"><span class='ocrx_word' id='word_1_140' title='bbox 858 1393 887 1448; x_wconf 90' lang='lat'><strong>9.</strong></span> <span class='ocrx_word' id='word_1_141' title='bbox 902 1372 995 1430; x_wconf 87' lang='lat' dir='ltr'><strong>Omne</strong></span> <span class='ocrx_word' id='word_1_142' title='bbox 1005 1383 1153 1450; x_wconf 88' lang='lat' dir='ltr'><strong>peccatum</strong></span> <span class='ocrx_word' id='word_1_143' title='bbox 1167 1372 1342 1448; x_wconf 89' lang='lat' dir='ltr'><strong>impietatem</strong></span> <span class='ocrx_word' id='word_1_144' title='bbox 1354 1383 1434 1448; x_wconf 88' lang='lat' dir='ltr'><strong>puta.</strong></span> <span class='ocrx_word' id='word_1_145' title='bbox 1446 1371 1510 1430; x_wconf 89' lang='lat' dir='ltr'><strong>Non</strong></span> <span class='ocrx_word' id='word_1_146' title='bbox 1521 1372 1599 1431; x_wconf 84' lang='lat' dir='ltr'><strong>enirn</strong></span> 
     </span>
     <span class='ocr_line' id='line_1_24' title="bbox 819 1460 1600 1538; baseline 0.005 -22"><span class='ocrx_word' id='word_1_147' title='bbox 819 1478 921 1516; x_wconf 90' lang='lat' dir='ltr'><strong>manus</strong></span> <span class='ocrx_word' id='word_1_148' title='bbox 936 1460 983 1516; x_wconf 89' lang='lat' dir='ltr'><strong>vel</strong></span> <span class='ocrx_word' id='word_1_149' title='bbox 998 1461 1097 1518; x_wconf 89' lang='lat' dir='ltr'><strong>oculus</strong></span> <span class='ocrx_word' id='word_1_150' title='bbox 1105 1473 1223 1538; x_wconf 90' lang='lat' dir='ltr'><strong>peccat,</strong></span> <span class='ocrx_word' id='word_1_151' title='bbox 1237 1461 1284 1517; x_wconf 80' lang='lat' dir='ltr'><strong>vel</strong></span> <span class='ocrx_word' id='word_1_152' title='bbox 1300 1460 1419 1536; x_wconf 77' lang='lat' dir='ltr'><strong>aliquod</strong></span> <span class='ocrx_word' id='word_1_153' title='bbox 1431 1460 1600 1538; x_wconf 87' lang='lat' dir='ltr'><strong>hujusmodi</strong></span> 
     </span>
     <span class='ocr_line' id='line_1_25' title="bbox 818 1545 1599 1627; baseline 0.004 -23"><span class='ocrx_word' id='word_1_154' title='bbox 818 1545 980 1604; x_wconf 91' lang='lat' dir='ltr'><strong>membrum</strong></span> <span class='ocrx_word' id='word_1_155' title='bbox 996 1567 1004 1604; x_wconf 86' lang='grc' dir='ltr'><strong>ι</strong></span> <span class='ocrx_word' id='word_1_156' title='bbox 1028 1547 1078 1606; x_wconf 85' lang='lat' dir='ltr'><strong>sed</strong></span> <span class='ocrx_word' id='word_1_157' title='bbox 1093 1549 1224 1606; x_wconf 89' lang='lat' dir='ltr'><strong>malenti</strong></span> <span class='ocrx_word' id='word_1_158' title='bbox 1244 1567 1333 1606; x_wconf 90' lang='lat' dir='ltr'><strong>manu</strong></span> <span class='ocrx_word' id='word_1_159' title='bbox 1350 1548 1397 1606; x_wconf 89' lang='lat' dir='ltr'><strong>vel</strong></span> <span class='ocrx_word' id='word_1_160' title='bbox 1413 1549 1515 1620; x_wconf 90' lang='lat' dir='ltr'><strong>oculo,</strong></span> <span class='ocrx_word' id='word_1_161' title='bbox 1531 1567 1599 1627; x_wconf 91' lang='lat' dir='ltr'><strong>pec·</strong></span> 
     </span>
     <span class='ocr_line' id='line_1_26' title="bbox 819 1647 977 1695; baseline 0.013 -3"><span class='ocrx_word' id='word_1_162' title='bbox 819 1647 913 1692; x_wconf 91' lang='lat' dir='ltr'><strong>catum</strong></span> <span class='ocrx_word' id='word_1_163' title='bbox 923 1647 977 1695; x_wconf 86' lang='lat' dir='ltr'><strong>est.</strong></span> 
     </span>
    </p>

    <p class='ocr_par' dir='ltr' id='par_1_7' title="bbox 818 1723 1632 2065">
     <span class='ocr_line' id='line_1_27' title="bbox 862 1723 1601 1802; baseline 0.003 -20"><span class='ocrx_word' id='word_1_164' title='bbox 862 1745 906 1784; x_wconf 91' lang='grc' dir='ltr'><strong>ιο.</strong></span> <span class='ocrx_word' id='word_1_165' title='bbox 921 1725 1014 1782; x_wconf 88' lang='lat' dir='ltr'><strong>Omne</strong></span> <span class='ocrx_word' id='word_1_166' title='bbox 1026 1723 1188 1782; x_wconf 82' lang='lat' dir='ltr'><strong>membrum</strong></span> <span class='ocrx_word' id='word_1_167' title='bbox 1203 1724 1354 1802; x_wconf 87' lang='lat' dir='ltr'><strong>corporis,</strong></span> <span class='ocrx_word' id='word_1_168' title='bbox 1367 1725 1445 1800; x_wconf 89' lang='lat' dir='ltr'><strong>quod</strong></span> <span class='ocrx_word' id='word_1_169' title='bbox 1457 1725 1563 1784; x_wconf 87' lang='lat' dir='ltr'><strong>invitat</strong></span> <span class='ocrx_word' id='word_1_170' title='bbox 1574 1737 1601 1784; x_wconf 90' lang='lat' dir='ltr'><strong>te</strong></span> 
     </span>
     <span class='ocr_line' id='line_1_28' title="bbox 818 1811 1632 1889; baseline 0.005 -19"><span class='ocrx_word' id='word_1_171' title='bbox 818 1827 919 1871; x_wconf 90' lang='lat' dir='ltr'><strong>contra</strong></span> <span class='ocrx_word' id='word_1_172' title='bbox 927 1812 1098 1888; x_wconf 80' lang='lat' dir='ltr'><strong>pudicitiam</strong></span> <span class='ocrx_word' id='word_1_173' title='bbox 1110 1831 1212 1887; x_wconf 89' lang='lat' dir='ltr'><strong>agere,</strong></span> <span class='ocrx_word' id='word_1_174' title='bbox 1226 1811 1423 1889; x_wconf 89' lang='lat' dir='ltr'><strong>abjiciendum</strong></span> <span class='ocrx_word' id='word_1_175' title='bbox 1434 1826 1486 1870; x_wconf 89' lang='lat' dir='ltr'><strong>est.</strong></span> <span class='ocrx_word' id='word_1_176' title='bbox 1495 1813 1602 1874; x_wconf 83' lang='lat' dir='ltr'><strong>Melius</strong></span> <span class='ocrx_word' id='word_1_177' title='bbox 1628 1853 1632 1862; x_wconf 89' lang='lat'><em>·</em></span> 
     </span>
     <span class='ocr_line' id='line_1_29' title="bbox 819 1897 1599 1977; baseline 0.003 -21"><span class='ocrx_word' id='word_1_178' title='bbox 819 1900 896 1957; x_wconf 88' lang='lat' dir='ltr'><strong>enim</strong></span> <span class='ocrx_word' id='word_1_179' title='bbox 911 1912 953 1957; x_wconf 89' lang='grc' dir='ltr'><strong>εει</strong></span> <span class='ocrx_word' id='word_1_180' title='bbox 966 1919 1026 1956; x_wconf 91' lang='lat' dir='ltr'><strong>uno</strong></span> <span class='ocrx_word' id='word_1_181' title='bbox 1041 1918 1107 1957; x_wconf 90' lang='lat' dir='ltr'><strong>cum</strong></span> <span class='ocrx_word' id='word_1_182' title='bbox 1124 1897 1256 1956; x_wconf 86' lang='lat' dir='ltr'><strong>membro</strong></span> <span class='ocrx_word' id='word_1_183' title='bbox 1280 1900 1400 1974; x_wconf 84' lang='lat' dir='ltr'><strong>vivere,</strong></span> <span class='ocrx_word' id='word_1_184' title='bbox 1425 1919 1512 1977; x_wconf 89' lang='lat' dir='ltr'><strong>quam</strong></span> <span class='ocrx_word' id='word_1_185' title='bbox 1533 1920 1599 1958; x_wconf 89' lang='lat' dir='ltr'><strong>cum</strong></span> 
     </span>
     <span class='ocr_line' id='line_1_30' title="bbox 819 1987 1059 2065; baseline 0.004 -22"><span class='ocrx_word' id='word_1_186' title='bbox 819 1987 935 2046; x_wconf 88' lang='lat' dir='ltr'><strong>duobus</strong></span> <span class='ocrx_word' id='word_1_187' title='bbox 949 1988 1059 2065; x_wconf 92' lang='lat' dir='ltr'><strong>puniri.</strong></span> 
     </span>
    </p>

    <p class='ocr_par' dir='ltr' id='par_1_8' title="bbox 918 2073 1499 2153">
     <span class='ocr_line' id='line_1_31' title="bbox 918 2073 1499 2153; baseline 0 -21"><span class='ocrx_word' id='word_1_188' title='bbox 918 2075 984 2148; x_wconf 77' lang='lat' dir='ltr'><strong>(Cf.</strong></span> <span class='ocrx_word' id='word_1_189' title='bbox 997 2073 1146 2153; x_wconf 86' lang='lat' dir='ltr'><strong>Porphyr.</strong></span> <span class='ocrx_word' id='word_1_190' title='bbox 1164 2075 1201 2132; x_wconf 89' lang='lat' dir='ltr'><strong>ad</strong></span> <span class='ocrx_word' id='word_1_191' title='bbox 1214 2073 1343 2132; x_wconf 79' lang='lat' dir='ltr'><strong>Marcell.</strong></span> <span class='ocrx_word' id='word_1_192' title='bbox 1356 2095 1418 2153; x_wconf 93' lang='lat' dir='ltr'><strong>cap.</strong></span> <span class='ocrx_word' id='word_1_193' title='bbox 1432 2077 1499 2148; x_wconf 76' lang='grc'>34.)</span> 
     </span>
    </p>

    <p class='ocr_par' dir='ltr' id='par_1_9' title="bbox 820 2162 1602 2329">
     <span class='ocr_line' id='line_1_32' title="bbox 863 2162 1602 2241; baseline 0.003 -21"><span class='ocrx_word' id='word_1_194' title='bbox 863 2183 909 2223; x_wconf 90' lang='grc' dir='ltr'><strong>ιι.</strong></span> <span class='ocrx_word' id='word_1_195' title='bbox 936 2163 1118 2222; x_wconf 86' lang='lat' dir='ltr'><strong>immortales</strong></span> <span class='ocrx_word' id='word_1_196' title='bbox 1141 2162 1228 2220; x_wconf 90' lang='lat' dir='ltr'><strong>crede</strong></span> <span class='ocrx_word' id='word_1_197' title='bbox 1245 2176 1273 2220; x_wconf 92' lang='lat' dir='ltr'><strong>te</strong></span> <span class='ocrx_word' id='word_1_198' title='bbox 1297 2181 1414 2220; x_wconf 89' lang='lat' dir='ltr'><strong>manere</strong></span> <span class='ocrx_word' id='word_1_199' title='bbox 1435 2163 1602 2241; x_wconf 90' lang='lat' dir='ltr'><strong>injudicio</strong></span> 
     </span>
     <span class='ocr_line' id='line_1_33' title="bbox 820 2252 1113 2329; baseline 0.01 -19"><span class='ocrx_word' id='word_1_200' title='bbox 820 2252 946 2310; x_wconf 89' lang='lat' dir='ltr'><strong>bonores</strong></span> <span class='ocrx_word' id='word_1_201' title='bbox 961 2265 990 2310; x_wconf 91' lang='lat' dir='ltr'><strong>et</strong></span> <span class='ocrx_word' id='word_1_202' title='bbox 1000 2271 1113 2329; x_wconf 77' lang='lat' dir='ltr'><strong>poenas.</strong></span> 
     </span>
    </p>

    <p class='ocr_par' dir='ltr' id='par_1_10' title="bbox 819 2337 1602 2594">
     <span class='ocr_line' id='line_1_34' title="bbox 919 2337 1601 2419; baseline 0.003 -23"><span class='ocrx_word' id='word_1_203' title='bbox 919 2339 985 2419; x_wconf 75' lang='lat' dir='ltr'><strong>[Cf.</strong></span> <span class='ocrx_word' id='word_1_204' title='bbox 1004 2339 1148 2398; x_wconf 83' lang='lat' dir='ltr'><strong>Maximus</strong></span> <span class='ocrx_word' id='word_1_205' title='bbox 1158 2338 1229 2414; x_wconf 73' lang='lat' dir='ltr'><strong>t.,ll.</strong></span> <span class='ocrx_word' id='word_1_206' title='bbox 1242 2338 1333 2397; x_wconf 92' lang='lat' dir='ltr'><strong>Serm.</strong></span> <span class='ocrx_word' id='word_1_207' title='bbox 1346 2338 1462 2398; x_wconf 80' lang='lat' dir='ltr'><strong>Lttvttt</strong></span> <span class='ocrx_word' id='word_1_208' title='bbox 1477 2360 1506 2417; x_wconf 89' lang='lat' dir='ltr'><strong>p.</strong></span> <span class='ocrx_word' id='word_1_209' title='bbox 1517 2337 1601 2417; x_wconf 73' lang='lat'><strong>685.)</strong></span> 
     </span>
     <span class='ocr_line' id='line_1_35' title="bbox 845 2425 1602 2504; baseline 0 -19"><span class='ocrx_word' id='word_1_210' title='bbox 845 2448 909 2494; x_wconf 75' lang='grc' dir='ltr'><strong>ιι.</strong></span> <span class='ocrx_word' id='word_1_211' title='bbox 923 2427 968 2498; x_wconf 90' lang='lat' dir='ltr'><strong>Si,</strong></span> <span class='ocrx_word' id='word_1_212' title='bbox 984 2446 1168 2504; x_wconf 76' lang='lat' dir='ltr'><strong>quaecunque</strong></span> <span class='ocrx_word' id='word_1_213' title='bbox 1184 2428 1214 2485; x_wconf 93' lang='lat' dir='ltr'><strong>in</strong></span> <span class='ocrx_word' id='word_1_214' title='bbox 1225 2426 1282 2484; x_wconf 90' lang='lat' dir='ltr'><strong>hoc</strong></span> <span class='ocrx_word' id='word_1_215' title='bbox 1302 2428 1412 2484; x_wconf 90' lang='lat' dir='ltr'><strong>mundo</strong></span> <span class='ocrx_word' id='word_1_216' title='bbox 1425 2425 1530 2500; x_wconf 86' lang='lat' dir='ltr'><strong>babes,</strong></span> <span class='ocrx_word' id='word_1_217' title='bbox 1548 2428 1602 2486; x_wconf 90' lang='lat' dir='ltr'><strong>ali·</strong></span> 
     </span>
     <span class='ocr_line' id='line_1_36' title="bbox 819 2516 1339 2594; baseline 0.002 -21"><span class='ocrx_word' id='word_1_218' title='bbox 819 2516 886 2594; x_wconf 88' lang='lat' dir='ltr'><strong>quis</strong></span> <span class='ocrx_word' id='word_1_219' title='bbox 900 2517 1012 2575; x_wconf 78' lang='lat' dir='ltr'><strong>auferat</strong></span> <span class='ocrx_word' id='word_1_220' title='bbox 1025 2516 1098 2588; x_wconf 90' lang='lat' dir='ltr'><strong>tibi,</strong></span> <span class='ocrx_word' id='word_1_221' title='bbox 1115 2536 1152 2574; x_wconf 92' lang='lat' dir='ltr'><strong>ne</strong></span> <span class='ocrx_word' id='word_1_222' title='bbox 1165 2517 1339 2593; x_wconf 84' lang='lat' dir='ltr'><strong>indigneris.</strong></span> 
     </span>
    </p>

    <p class='ocr_par' dir='ltr' id='par_1_11' title="bbox 862 2604 1177 2682">
     <span class='ocr_line' id='line_1_37' title="bbox 862 2604 1177 2682; baseline 0.01 -21"><span class='ocrx_word' id='word_1_223' title='bbox 862 2605 906 2664; x_wconf 79' lang='lat'><strong>13.</strong></span> <span class='ocrx_word' id='word_1_224' title='bbox 923 2604 1091 2682; x_wconf 89' lang='lat' dir='ltr'><strong>lnculpatus</strong></span> <span class='ocrx_word' id='word_1_225' title='bbox 1104 2617 1177 2664; x_wconf 91' lang='lat' dir='ltr'><strong>esto.</strong></span> 
     </span>
    </p>

    <p class='ocr_par' dir='ltr' id='par_1_12' title="bbox 863 2691 1600 2769">
     <span class='ocr_line' id='line_1_38' title="bbox 863 2691 1600 2769; baseline 0.005 -21"><span class='ocrx_word' id='word_1_226' title='bbox 863 2699 910 2759; x_wconf 72' lang='lat' dir='ltr'><strong>rt.</strong></span> <span class='ocrx_word' id='word_1_227' title='bbox 932 2691 1039 2750; x_wconf 88' lang='lat' dir='ltr'><strong>Omnia</strong></span> <span class='ocrx_word' id='word_1_228' title='bbox 1062 2692 1233 2750; x_wconf 78' lang='lat' dir='ltr'><strong>auferentia</strong></span> <span class='ocrx_word' id='word_1_229' title='bbox 1249 2705 1277 2750; x_wconf 90' lang='lat' dir='ltr'><strong>te</strong></span> <span class='ocrx_word' id='word_1_230' title='bbox 1291 2691 1375 2765; x_wconf 87' lang='lat' dir='ltr'><strong>cede,</strong></span> <span class='ocrx_word' id='word_1_231' title='bbox 1391 2703 1496 2769; x_wconf 77' lang='lat' dir='ltr'><strong>praeter</strong></span> <span class='ocrx_word' id='word_1_232' title='bbox 1510 2691 1600 2762; x_wconf 84' lang='lat' dir='ltr'><strong>liber·</strong></span> 
     </span>
    </p>
   </div>
   <div class='ocr_carea' id='block_1_6' title="bbox 12 2791 1601 3391">
    <p class='ocr_par' dir='ltr' id='par_1_13' title="bbox 12 2791 913 2869">
     <span class='ocr_line' id='line_1_39' title="bbox 12 2791 913 2869; baseline 0 -21"><span class='ocrx_word' id='word_1_233' title='bbox 12 2791 151 2851; x_wconf 68' lang='lat' dir='ltr'><strong>intellectus</strong></span> <span class='ocrx_word' id='word_1_234' title='bbox 167 2812 233 2852; x_wconf 89' lang='lat' dir='ltr'><strong>esse</strong></span> <span class='ocrx_word' id='word_1_235' title='bbox 255 2805 397 2851; x_wconf 85' lang='lat' dir='ltr'><strong>causetur.</strong></span> <span class='ocrx_word' id='word_1_236' title='bbox 416 2793 510 2850; x_wconf 85' lang='lat' dir='ltr'><strong>Omne</strong></span> <span class='ocrx_word' id='word_1_237' title='bbox 530 2803 624 2850; x_wconf 89' lang='lat' dir='ltr'><strong>autem</strong></span> <span class='ocrx_word' id='word_1_238' title='bbox 644 2809 719 2869; x_wconf 89' lang='lat' dir='ltr'><strong>opus</strong></span> <span class='ocrx_word' id='word_1_239' title='bbox 733 2791 773 2849; x_wconf 89' lang='lat' dir='ltr'><strong>ita</strong></span> <span class='ocrx_word' id='word_1_240' title='bbox 819 2792 913 2839; x_wconf 64' lang='lat' dir='ltr'><strong>talem·</strong></span> 
     </span>
    </p>

    <p class='ocr_par' dir='ltr' id='par_1_14' title="bbox 12 2867 1421 2957">
     <span class='ocr_line' id='line_1_40' title="bbox 12 2867 1421 2957; baseline 0.003 -25"><span class='ocrx_word' id='word_1_241' title='bbox 12 2895 89 2950; x_wconf 85' lang='lat' dir='ltr'><strong>neve,</strong></span> <span class='ocrx_word' id='word_1_242' title='bbox 98 2890 130 2936; x_wconf 88' lang='lat' dir='ltr'><strong>ut</strong></span> <span class='ocrx_word' id='word_1_243' title='bbox 141 2881 177 2938; x_wconf 91' lang='lat' dir='ltr'><strong>de</strong></span> <span class='ocrx_word' id='word_1_244' title='bbox 189 2900 280 2938; x_wconf 91' lang='lat' dir='ltr'><strong>manu</strong></span> <span class='ocrx_word' id='word_1_245' title='bbox 291 2880 355 2957; x_wconf 89' lang='lat' dir='ltr'><strong>ejus</strong></span> <span class='ocrx_word' id='word_1_246' title='bbox 365 2899 512 2956; x_wconf 90' lang='lat' dir='ltr'><strong>nunquam</strong></span> <span class='ocrx_word' id='word_1_247' title='bbox 523 2880 616 2956; x_wconf 89' lang='lat' dir='ltr'><strong>possit</strong></span> <span class='ocrx_word' id='word_1_248' title='bbox 628 2879 772 2952; x_wconf 89' lang='lat' dir='ltr'><strong>recedere,</strong></span> <span class='ocrx_word' id='word_1_249' title='bbox 919 2869 928 2942; x_wconf 78' lang='lat' dir='ltr'><strong>l</strong></span> <span class='ocrx_word' id='word_1_250' title='bbox 939 2869 1021 2928; x_wconf 63' lang='lat' dir='ltr'>(3⁰¹¹ss</span> <span class='ocrx_word' id='word_1_251' title='bbox 1032 2867 1198 2947; x_wconf 70' lang='lat' dir='ltr'><strong>Demophili</strong></span> <span class='ocrx_word' id='word_1_252' title='bbox 1208 2867 1334 2927; x_wconf 64' lang='lat' dir='ltr'><strong>Sentent-</strong></span> <span class='ocrx_word' id='word_1_253' title='bbox 1350 2875 1395 2936; x_wconf 74' lang='lat'><strong>4²·</strong></span> <span class='ocrx_word' id='word_1_254' title='bbox 1411 2868 1421 2943; x_wconf 89' lang='grc'>)</span> 
     </span>
    </p>

    <p class='ocr_par' dir='ltr' id='par_1_15' title="bbox 12 2955 1601 3132">
     <span class='ocr_line' id='line_1_41' title="bbox 12 2955 1601 3044; baseline 0.008 -25"><span class='ocrx_word' id='word_1_255' title='bbox 12 2977 69 3021; x_wconf 80' lang='lat' dir='ltr'><strong>:otus</strong></span> <span class='ocrx_word' id='word_1_256' title='bbox 80 2966 125 3023; x_wconf 92' lang='lat' dir='ltr'><strong>hic</strong></span> <span class='ocrx_word' id='word_1_257' title='bbox 140 2967 216 3024; x_wconf 90' lang='lat' dir='ltr'><strong>liber</strong></span> <span class='ocrx_word' id='word_1_258' title='bbox 228 2968 274 3026; x_wconf 93' lang='lat' dir='ltr'><strong>ibi</strong></span> <span class='ocrx_word' id='word_1_259' title='bbox 288 2967 406 3044; x_wconf 91' lang='lat' dir='ltr'><strong>pristini</strong></span> <span class='ocrx_word' id='word_1_260' title='bbox 421 2965 546 3043; x_wconf 89' lang='lat' dir='ltr'><strong>alicujus</strong></span> <span class='ocrx_word' id='word_1_261' title='bbox 558 2965 679 3044; x_wconf 86' lang='lat' dir='ltr'><strong>pretiosi</strong></span> <span class='ocrx_word' id='word_1_262' title='bbox 694 2965 770 3024; x_wconf 91' lang='lat' dir='ltr'><strong>obti·</strong></span> <span class='ocrx_word' id='word_1_263' title='bbox 862 2956 907 3013; x_wconf 85' lang='lat'><strong>¹5·</strong></span> <span class='ocrx_word' id='word_1_264' title='bbox 921 2955 1044 3036; x_wconf 71' lang='lat' dir='ltr'><strong>S³Pi0¹¹³</strong></span> <span class='ocrx_word' id='word_1_265' title='bbox 1057 2958 1104 3016; x_wconf 65' lang='lat' dir='ltr'><strong>Vis</strong></span> <span class='ocrx_word' id='word_1_266' title='bbox 1114 2970 1142 3015; x_wconf 69' lang='lat'><strong>0¹</strong></span> <span class='ocrx_word' id='word_1_267' title='bbox 1156 2958 1287 3035; x_wconf 58' lang='lat' dir='ltr'><strong>lli³⁰¹¹¹¹iaa</strong></span> <span class='ocrx_word' id='word_1_268' title='bbox 1299 2969 1481 3032; x_wconf 66' lang='lat' dir='ltr'>⁰⁰⁰¹e¹¹¹Pt⁰¹⁸</span> <span class='ocrx_word' id='word_1_269' title='bbox 1495 2955 1601 3017; x_wconf 63' lang='lat' dir='ltr'><strong>Similis</strong></span> 
     </span>
     <span class='ocr_line' id='line_1_42' title="bbox 12 3049 947 3132; baseline 0.001 -27"><span class='ocrx_word' id='word_1_270' title='bbox 12 3069 66 3107; x_wconf 86' lang='lat' dir='ltr'><strong>rens</strong></span> <span class='ocrx_word' id='word_1_271' title='bbox 76 3055 172 3112; x_wconf 91' lang='lat' dir='ltr'><strong>annuli</strong></span> <span class='ocrx_word' id='word_1_272' title='bbox 183 3055 294 3113; x_wconf 86' lang='lat' dir='ltr'><strong>locunt.</strong></span> <span class='ocrx_word' id='word_1_273' title='bbox 307 3055 342 3112; x_wconf 86' lang='lat' dir='ltr'><strong>Et</strong></span> <span class='ocrx_word' id='word_1_274' title='bbox 352 3075 453 3113; x_wconf 82' lang='lat' dir='ltr'><strong>revera</strong></span> <span class='ocrx_word' id='word_1_275' title='bbox 463 3074 577 3132; x_wconf 76' lang='lat' dir='ltr'><strong>aequum</strong></span> <span class='ocrx_word' id='word_1_276' title='bbox 588 3053 715 3125; x_wconf 89' lang='lat' dir='ltr'><strong>videtur,</strong></span> <span class='ocrx_word' id='word_1_277' title='bbox 727 3068 771 3126; x_wconf 87' lang='lat' dir='ltr'><strong>ut,</strong></span> <span class='ocrx_word' id='word_1_278' title='bbox 819 3059 863 3107; x_wconf 87' lang='lat' dir='ltr'><strong>est</strong></span> <span class='ocrx_word' id='word_1_279' title='bbox 876 3049 947 3107; x_wconf 90' lang='lat' dir='ltr'><strong>Deo.</strong></span> 
     </span>
    </p>

    <p class='ocr_par' dir='ltr' id='par_1_16' title="bbox 12 3135 1601 3306">
     <span class='ocr_line' id='line_1_43' title="bbox 12 3135 1601 3218; baseline 0.004 -27"><span class='ocrx_word' id='word_1_280' title='bbox 12 3137 199 3213; x_wconf 83' lang='lat' dir='ltr'><strong>miproverbo</strong></span> <span class='ocrx_word' id='word_1_281' title='bbox 211 3142 268 3199; x_wconf 91' lang='lat' dir='ltr'><strong>Dei</strong></span> <span class='ocrx_word' id='word_1_282' title='bbox 281 3155 396 3200; x_wconf 89' lang='lat' dir='ltr'><strong>terrena</strong></span> <span class='ocrx_word' id='word_1_283' title='bbox 406 3153 576 3199; x_wconf 89' lang='lat' dir='ltr'><strong>ornamenta</strong></span> <span class='ocrx_word' id='word_1_284' title='bbox 587 3141 773 3218; x_wconf 88' lang='lat' dir='ltr'><strong>sorduerunt,</strong></span> <span class='ocrx_word' id='word_1_285' title='bbox 862 3137 908 3195; x_wconf 87' lang='lat'><strong>16.</strong></span> <span class='ocrx_word' id='word_1_286' title='bbox 932 3135 1028 3195; x_wconf 85' lang='lat' dir='ltr'><strong>Rebus</strong></span> <span class='ocrx_word' id='word_1_287' title='bbox 1044 3136 1199 3195; x_wconf 89' lang='lat' dir='ltr'><strong>mundanis</strong></span> <span class='ocrx_word' id='word_1_288' title='bbox 1218 3137 1248 3194; x_wconf 91' lang='lat' dir='ltr'><strong>in</strong></span> <span class='ocrx_word' id='word_1_289' title='bbox 1264 3135 1359 3194; x_wconf 89' lang='lat' dir='ltr'><strong>causis</strong></span> <span class='ocrx_word' id='word_1_290' title='bbox 1373 3147 1481 3194; x_wconf 89' lang='lat' dir='ltr'><strong>tantum</strong></span> <span class='ocrx_word' id='word_1_291' title='bbox 1503 3155 1601 3196; x_wconf 87' lang='lat' dir='ltr'><strong>neces·</strong></span> 
     </span>
     <span class='ocr_line' id='line_1_44' title="bbox 12 3223 1367 3306; baseline 0.002 -27"><span class='ocrx_word' id='word_1_292' title='bbox 12 3241 71 3281; x_wconf 89' lang='lat' dir='ltr'><strong>nunc</strong></span> <span class='ocrx_word' id='word_1_293' title='bbox 85 3227 197 3286; x_wconf 87' lang='lat' dir='ltr'><strong>anobis</strong></span> <span class='ocrx_word' id='word_1_294' title='bbox 212 3229 250 3287; x_wconf 89' lang='lat' dir='ltr'><strong>ad</strong></span> <span class='ocrx_word' id='word_1_295' title='bbox 265 3229 358 3287; x_wconf 84' lang='lat' dir='ltr'><strong>vicem</strong></span> <span class='ocrx_word' id='word_1_296' title='bbox 377 3227 462 3286; x_wconf 84' lang='lat' dir='ltr'><strong>verbi</strong></span> <span class='ocrx_word' id='word_1_297' title='bbox 475 3228 664 3306; x_wconf 85' lang='lat' dir='ltr'><strong>etsapientiae</strong></span> <span class='ocrx_word' id='word_1_298' title='bbox 677 3229 772 3286; x_wconf 91' lang='lat' dir='ltr'><strong>moni·</strong></span> <span class='ocrx_word' id='word_1_299' title='bbox 818 3223 904 3280; x_wconf 80' lang='lat' dir='ltr'><strong>seriis</strong></span> <span class='ocrx_word' id='word_1_300' title='bbox 917 3237 1008 3284; x_wconf 89' lang='lat' dir='ltr'><strong>utere.</strong></span> <span class='ocrx_word' id='word_1_301' title='bbox 1364 3231 1367 3240; x_wconf 85' lang='lat'><em>&#39;</em></span> 
     </span>
    </p>

    <p class='ocr_par' dir='ltr' id='par_1_17' title="bbox 12 3307 1600 3391">
     <span class='ocr_line' id='line_1_45' title="bbox 12 3307 1600 3391; baseline 0.003 -27"><span class='ocrx_word' id='word_1_302' title='bbox 12 3307 73 3368; x_wconf 88' lang='lat' dir='ltr'><strong>libus</strong></span> <span class='ocrx_word' id='word_1_303' title='bbox 84 3313 248 3374; x_wconf 90' lang='lat' dir='ltr'><strong>adornetur.</strong></span> <span class='ocrx_word' id='word_1_304' title='bbox 264 3316 346 3373; x_wconf 83' lang='lat' dir='ltr'><strong>Nunc</strong></span> <span class='ocrx_word' id='word_1_305' title='bbox 358 3335 429 3391; x_wconf 89' lang='lat' dir='ltr'><strong>ergo</strong></span> <span class='ocrx_word' id='word_1_306' title='bbox 444 3315 563 3374; x_wconf 88' lang='lat' dir='ltr'><strong>interim</strong></span> <span class='ocrx_word' id='word_1_307' title='bbox 585 3314 726 3373; x_wconf 90' lang='lat' dir='ltr'><strong>habeatur</strong></span> <span class='ocrx_word' id='word_1_308' title='bbox 741 3317 772 3374; x_wconf 91' lang='lat' dir='ltr'><strong>in</strong></span> <span class='ocrx_word' id='word_1_309' title='bbox 862 3332 908 3384; x_wconf 88' lang='lat'><strong>17.</strong></span> <span class='ocrx_word' id='word_1_310' title='bbox 930 3313 1002 3381; x_wconf 84' lang='lat' dir='ltr'><strong>Quae</strong></span> <span class='ocrx_word' id='word_1_311' title='bbox 1010 3312 1111 3371; x_wconf 89' lang='lat' dir='ltr'><strong>mundi</strong></span> <span class='ocrx_word' id='word_1_312' title='bbox 1122 3325 1200 3385; x_wconf 88' lang='lat' dir='ltr'><strong>sunt,</strong></span> <span class='ocrx_word' id='word_1_313' title='bbox 1209 3311 1316 3369; x_wconf 88' lang='lat' dir='ltr'><strong>mundo</strong></span> <span class='ocrx_word' id='word_1_314' title='bbox 1330 3331 1336 3367; x_wconf 91' lang='lat'>:</span> <span class='ocrx_word' id='word_1_315' title='bbox 1348 3323 1376 3368; x_wconf 92' lang='lat' dir='ltr'><strong>et</strong></span> <span class='ocrx_word' id='word_1_316' title='bbox 1387 3329 1452 3388; x_wconf 86' lang='lat' dir='ltr'><strong>quae</strong></span> <span class='ocrx_word' id='word_1_317' title='bbox 1462 3309 1514 3368; x_wconf 91' lang='lat' dir='ltr'><strong>Dei</strong></span> <span class='ocrx_word' id='word_1_318' title='bbox 1524 3323 1600 3381; x_wconf 90' lang='lat' dir='ltr'><strong>sunt,</strong></span> 
     </span>
    </p>
   </div>
   <div class='ocr_carea' id='block_1_7' title="bbox 12 3375 1062 3481">
    <p class='ocr_par' dir='ltr' id='par_1_18' title="bbox 12 3375 1062 3481">
     <span class='ocr_line' id='line_1_46' title="bbox 12 3375 1062 3481; baseline 0.009 -29"><span class='ocrx_word' id='word_1_319' title='bbox 12 3396 127 3456; x_wconf 87' lang='lat' dir='ltr'><strong>manibus</strong></span> <span class='ocrx_word' id='word_1_320' title='bbox 151 3421 207 3477; x_wconf 91' lang='lat' dir='ltr'><strong>pro</strong></span> <span class='ocrx_word' id='word_1_321' title='bbox 223 3403 334 3460; x_wconf 91' lang='lat' dir='ltr'><strong>annulo</strong></span> <span class='ocrx_word' id='word_1_322' title='bbox 348 3401 437 3474; x_wconf 83' lang='lat' dir='ltr'><strong>liber,</strong></span> <span class='ocrx_word' id='word_1_323' title='bbox 457 3403 629 3481; x_wconf 90' lang='lat' dir='ltr'><strong>paulopost</strong></span> <span class='ocrx_word' id='word_1_324' title='bbox 647 3421 718 3459; x_wconf 85' lang='lat' dir='ltr'><strong>vero</strong></span> <span class='ocrx_word' id='word_1_325' title='bbox 742 3403 773 3460; x_wconf 93' lang='lat' dir='ltr'><strong>in</strong></span> <span class='ocrx_word' id='word_1_326' title='bbox 818 3375 976 3458; x_wconf 58' lang='lat' dir='ltr'><strong>reddamur</strong></span> <span class='ocrx_word' id='word_1_327' title='bbox 989 3402 1062 3462; x_wconf 90' lang='lat' dir='ltr'><strong>Deo.</strong></span> 
     </span>
    </p>
   </div>
   <div class='ocr_carea' id='block_1_8' title="bbox 12 3479 1603 5234">
    <p class='ocr_par' dir='ltr' id='par_1_19' title="bbox 12 3479 1602 4160">
     <span class='ocr_line' id='line_1_47' title="bbox 12 3479 1600 3565; baseline 0.003 -27"><span class='ocrx_word' id='word_1_328' title='bbox 12 3479 155 3544; x_wconf 84' lang='lat' dir='ltr'><strong>thesaurum</strong></span> <span class='ocrx_word' id='word_1_329' title='bbox 178 3489 340 3565; x_wconf 84' lang='lat' dir='ltr'><strong>proficiens</strong></span> <span class='ocrx_word' id='word_1_330' title='bbox 364 3503 442 3548; x_wconf 92' lang='lat' dir='ltr'><strong>totus</strong></span> <span class='ocrx_word' id='word_1_331' title='bbox 461 3501 593 3548; x_wconf 85' lang='lat' dir='ltr'><strong>serretur</strong></span> <span class='ocrx_word' id='word_1_332' title='bbox 614 3489 645 3547; x_wconf 92' lang='lat' dir='ltr'><strong>in</strong></span> <span class='ocrx_word' id='word_1_333' title='bbox 669 3489 774 3565; x_wconf 81' lang='lat' dir='ltr'><strong>eorde,</strong></span> <span class='ocrx_word' id='word_1_334' title='bbox 862 3489 906 3547; x_wconf 85' lang='lat'><strong>18.</strong></span> <span class='ocrx_word' id='word_1_335' title='bbox 928 3486 1031 3546; x_wconf 88' lang='lat' dir='ltr'><strong>Certus</strong></span> <span class='ocrx_word' id='word_1_336' title='bbox 1053 3500 1132 3557; x_wconf 84' lang='lat' dir='ltr'><strong>esto,</strong></span> <span class='ocrx_word' id='word_1_337' title='bbox 1154 3487 1233 3564; x_wconf 91' lang='lat' dir='ltr'><strong>quod</strong></span> <span class='ocrx_word' id='word_1_338' title='bbox 1257 3485 1383 3543; x_wconf 89' lang='lat' dir='ltr'><strong>animam</strong></span> <span class='ocrx_word' id='word_1_339' title='bbox 1412 3497 1490 3542; x_wconf 91' lang='lat' dir='ltr'><strong>tuam</strong></span> <span class='ocrx_word' id='word_1_340' title='bbox 1515 3483 1600 3544; x_wconf 89' lang='lat' dir='ltr'><strong>fidele</strong></span> 
     </span>
     <span class='ocr_line' id='line_1_48' title="bbox 12 3570 1255 3653; baseline 0.008 -32"><span class='ocrx_word' id='word_1_341' title='bbox 12 3583 140 3630; x_wconf 85' lang='lat' dir='ltr'><strong>sermones</strong></span> <span class='ocrx_word' id='word_1_342' title='bbox 162 3573 329 3653; x_wconf 72' lang='lat' dir='ltr'><strong>discipline</strong></span> <span class='ocrx_word' id='word_1_343' title='bbox 347 3591 375 3635; x_wconf 89' lang='lat' dir='ltr'><strong>et</strong></span> <span class='ocrx_word' id='word_1_344' title='bbox 392 3577 536 3635; x_wconf 88' lang='lat' dir='ltr'><strong>bonorum</strong></span> <span class='ocrx_word' id='word_1_345' title='bbox 555 3589 669 3634; x_wconf 90' lang='lat' dir='ltr'><strong>actuum</strong></span> <span class='ocrx_word' id='word_1_346' title='bbox 693 3597 773 3633; x_wconf 89' lang='lat' dir='ltr'><strong>com·</strong></span> <span class='ocrx_word' id='word_1_347' title='bbox 819 3570 981 3650; x_wconf 90' lang='lat' dir='ltr'><strong>depositum</strong></span> <span class='ocrx_word' id='word_1_348' title='bbox 997 3574 1169 3651; x_wconf 90' lang='lat' dir='ltr'><strong>acceperisa</strong></span> <span class='ocrx_word' id='word_1_349' title='bbox 1184 3574 1255 3631; x_wconf 89' lang='lat' dir='ltr'><strong>Deo.</strong></span> 
     </span>
     <span class='ocr_line' id='line_1_49' title="bbox 13 3656 1601 3741; baseline 0.003 -29"><span class='ocrx_word' id='word_1_350' title='bbox 13 3659 144 3718; x_wconf 90' lang='lat' dir='ltr'><strong>nunionis</strong></span> <span class='ocrx_word' id='word_1_351' title='bbox 158 3663 195 3720; x_wconf 92' lang='lat' dir='ltr'><strong>de</strong></span> <span class='ocrx_word' id='word_1_352' title='bbox 213 3664 320 3722; x_wconf 91' lang='lat' dir='ltr'><strong>intimo</strong></span> <span class='ocrx_word' id='word_1_353' title='bbox 331 3677 519 3741; x_wconf 83' lang='lat' dir='ltr'><strong>suggesturus</strong></span> <span class='ocrx_word' id='word_1_354' title='bbox 533 3683 650 3724; x_wconf 89' lang='lat' dir='ltr'><strong>arcano.</strong></span> <span class='ocrx_word' id='word_1_355' title='bbox 665 3663 773 3721; x_wconf 76' lang='lat' dir='ltr'><strong>Addidi</strong></span> <span class='ocrx_word' id='word_1_356' title='bbox 862 3680 907 3734; x_wconf 88' lang='lat'><strong>¹9·</strong></span> <span class='ocrx_word' id='word_1_357' title='bbox 929 3660 1002 3718; x_wconf 87' lang='lat' dir='ltr'><strong>Cum</strong></span> <span class='ocrx_word' id='word_1_358' title='bbox 1025 3661 1155 3738; x_wconf 91' lang='lat' dir='ltr'><strong>loqueris</strong></span> <span class='ocrx_word' id='word_1_359' title='bbox 1171 3660 1207 3719; x_wconf 92' lang='lat' dir='ltr'><strong>de</strong></span> <span class='ocrx_word' id='word_1_360' title='bbox 1221 3661 1282 3717; x_wconf 91' lang='lat' dir='ltr'><strong>Deo</strong></span> <span class='ocrx_word' id='word_1_361' title='bbox 1306 3657 1396 3729; x_wconf 88' lang='lat' dir='ltr'><strong>scito,</strong></span> <span class='ocrx_word' id='word_1_362' title='bbox 1413 3656 1493 3736; x_wconf 91' lang='lat' dir='ltr'><strong>quod</strong></span> <span class='ocrx_word' id='word_1_363' title='bbox 1515 3658 1601 3735; x_wconf 87' lang='lat' dir='ltr'><strong>judi-</strong></span> 
     </span>
     <span class='ocr_line' id='line_1_50' title="bbox 12 3744 1114 3830; baseline 0.015 -35"><span class='ocrx_word' id='word_1_364' title='bbox 12 3753 34 3795; x_wconf 90' lang='lat' dir='ltr'><strong>et</strong></span> <span class='ocrx_word' id='word_1_365' title='bbox 49 3744 131 3803; x_wconf 88' lang='lat' dir='ltr'><strong>electa</strong></span> <span class='ocrx_word' id='word_1_366' title='bbox 152 3751 285 3824; x_wconf 86' lang='lat' dir='ltr'><strong>quaedam</strong></span> <span class='ocrx_word' id='word_1_367' title='bbox 309 3752 441 3827; x_wconf 84' lang='lat' dir='ltr'><strong>religiosi</strong></span> <span class='ocrx_word' id='word_1_368' title='bbox 464 3753 595 3830; x_wconf 89' lang='lat' dir='ltr'><strong>parentis</strong></span> <span class='ocrx_word' id='word_1_369' title='bbox 610 3751 645 3809; x_wconf 89' lang='lat' dir='ltr'><strong>ad</strong></span> <span class='ocrx_word' id='word_1_370' title='bbox 663 3751 772 3822; x_wconf 86' lang='lat' dir='ltr'><strong>filium,</strong></span> <span class='ocrx_word' id='word_1_371' title='bbox 819 3747 1012 3808; x_wconf 82' lang='lat' dir='ltr'><strong>cerisaOeo.</strong></span> <span class='ocrx_word' id='word_1_372' title='bbox 1048 3773 1055 3788; x_wconf 76' lang='lat'><strong>⁴</strong></span> <span class='ocrx_word' id='word_1_373' title='bbox 1109 3801 1114 3812; x_wconf 92' lang='lat'><strong>.</strong></span> 
     </span>
     <span class='ocr_line' id='line_1_51' title="bbox 12 3828 1601 3918; baseline 0.001 -31"><span class='ocrx_word' id='word_1_374' title='bbox 12 3828 146 3892; x_wconf 79' lang='lat' dir='ltr'><strong>sedbreve</strong></span> <span class='ocrx_word' id='word_1_375' title='bbox 160 3849 316 3908; x_wconf 90' lang='lat' dir='ltr'><strong>totum,ut</strong></span> <span class='ocrx_word' id='word_1_376' title='bbox 326 3840 430 3898; x_wconf 90' lang='lat' dir='ltr'><strong>merito</strong></span> <span class='ocrx_word' id='word_1_377' title='bbox 444 3859 531 3898; x_wconf 90' lang='lat' dir='ltr'><strong>omne</strong></span> <span class='ocrx_word' id='word_1_378' title='bbox 544 3841 714 3918; x_wconf 91' lang='lat' dir='ltr'><strong>opusculum</strong></span> <span class='ocrx_word' id='word_1_379' title='bbox 725 3839 772 3898; x_wconf 79' lang='lat' dir='ltr'><strong>vel</strong></span> <span class='ocrx_word' id='word_1_380' title='bbox 860 3853 908 3893; x_wconf 68' lang='grc' dir='ltr'><strong>ιο.</strong></span> <span class='ocrx_word' id='word_1_381' title='bbox 931 3835 1077 3912; x_wconf 85' lang='lat' dir='ltr'><strong>Optimam</strong></span> <span class='ocrx_word' id='word_1_382' title='bbox 1108 3834 1339 3914; x_wconf 89' lang='lat' dir='ltr'><strong>purificationem</strong></span> <span class='ocrx_word' id='word_1_383' title='bbox 1368 3847 1468 3912; x_wconf 88' lang='lat' dir='ltr'><strong>putato</strong></span> <span class='ocrx_word' id='word_1_384' title='bbox 1497 3851 1601 3892; x_wconf 86' lang='lat' dir='ltr'><strong>nocere</strong></span> 
     </span>
     <span class='ocr_line' id='line_1_52' title="bbox 12 3917 1580 4006; baseline 0.008 -38"><span class='ocrx_word' id='word_1_385' title='bbox 12 3917 190 3994; x_wconf 84' lang='lat' dir='ltr'><strong>enchiridion,</strong></span> <span class='ocrx_word' id='word_1_386' title='bbox 215 3927 241 3985; x_wconf 92' lang='lat' dir='ltr'><strong>si</strong></span> <span class='ocrx_word' id='word_1_387' title='bbox 258 3925 377 3998; x_wconf 88' lang='lat' dir='ltr'><strong>Graece,</strong></span> <span class='ocrx_word' id='word_1_388' title='bbox 392 3928 440 3985; x_wconf 80' lang='lat' dir='ltr'><strong>vel</strong></span> <span class='ocrx_word' id='word_1_389' title='bbox 461 3925 565 3986; x_wconf 88' lang='lat' dir='ltr'><strong>Latine</strong></span> <span class='ocrx_word' id='word_1_390' title='bbox 583 3929 708 3986; x_wconf 88' lang='lat' dir='ltr'><strong>annulus</strong></span> <span class='ocrx_word' id='word_1_391' title='bbox 723 3947 774 4006; x_wconf 89' lang='lat' dir='ltr'><strong>ap·</strong></span> <span class='ocrx_word' id='word_1_392' title='bbox 820 3923 940 3982; x_wconf 89' lang='lat' dir='ltr'><strong>nemini.</strong></span> <span class='ocrx_word' id='word_1_393' title='bbox 957 3925 1011 4000; x_wconf 75' lang='lat' dir='ltr'><strong>(cf.</strong></span> <span class='ocrx_word' id='word_1_394' title='bbox 1027 3924 1154 3984; x_wconf 86' lang='lat' dir='ltr'><strong>Hierocl.</strong></span> <span class='ocrx_word' id='word_1_395' title='bbox 1171 3924 1206 3982; x_wconf 90' lang='lat' dir='ltr'><strong>ad</strong></span> <span class='ocrx_word' id='word_1_396' title='bbox 1221 3942 1308 3981; x_wconf 89' lang='lat' dir='ltr'><strong>carm.</strong></span> <span class='ocrx_word' id='word_1_397' title='bbox 1322 3941 1384 3981; x_wconf 90' lang='lat' dir='ltr'><strong>aur.</strong></span> <span class='ocrx_word' id='word_1_398' title='bbox 1397 3941 1443 3982; x_wconf 83' lang='lat' dir='ltr'><strong>vs.</strong></span> <span class='ocrx_word' id='word_1_399' title='bbox 1460 3921 1580 3999; x_wconf 78' lang='lat'><strong>67-69.)</strong></span> 
     </span>
     <span class='ocr_line' id='line_1_53' title="bbox 13 4003 1602 4092; baseline 0.007 -34"><span class='ocrx_word' id='word_1_400' title='bbox 13 4003 123 4076; x_wconf 84' lang='lat' dir='ltr'><strong>pelletur.</strong></span> <span class='ocrx_word' id='word_1_401' title='bbox 136 4009 213 4072; x_wconf 82' lang='lat' dir='ltr'><strong>Vale.</strong></span> <span class='ocrx_word' id='word_1_402' title='bbox 862 4031 910 4072; x_wconf 82' lang='lat' dir='ltr'><strong>ar.</strong></span> <span class='ocrx_word' id='word_1_403' title='bbox 934 4015 1036 4071; x_wconf 80' lang='lat' dir='ltr'><strong>Anima</strong></span> <span class='ocrx_word' id='word_1_404' title='bbox 1048 4014 1220 4092; x_wconf 85' lang='lat' dir='ltr'><strong>purificatur</strong></span> <span class='ocrx_word' id='word_1_405' title='bbox 1233 4011 1286 4069; x_wconf 90' lang='lat' dir='ltr'><strong>Dei</strong></span> <span class='ocrx_word' id='word_1_406' title='bbox 1300 4008 1392 4068; x_wconf 89' lang='lat' dir='ltr'><strong>verbo</strong></span> <span class='ocrx_word' id='word_1_407' title='bbox 1413 4029 1466 4089; x_wconf 90' lang='lat' dir='ltr'><strong>per</strong></span> <span class='ocrx_word' id='word_1_408' title='bbox 1485 4013 1602 4088; x_wconf 90' lang='lat' dir='ltr'><strong>sapien-</strong></span> 
     </span>
     <span class='ocr_line' id='line_1_54' title="bbox 820 4098 901 4160; baseline 0.062 -5"><span class='ocrx_word' id='word_1_409' title='bbox 820 4098 901 4160; x_wconf 90' lang='lat' dir='ltr'><strong>tiam.</strong></span> 
     </span>
    </p>

    <p class='ocr_par' dir='ltr' id='par_1_20' title="bbox 820 4185 1601 4332">
     <span class='ocr_line' id='line_1_55' title="bbox 861 4185 1601 4266; baseline 0.003 -23"><span class='ocrx_word' id='word_1_410' title='bbox 861 4207 910 4247; x_wconf 77' lang='grc' dir='ltr'><strong>ιε.</strong></span> <span class='ocrx_word' id='word_1_411' title='bbox 933 4187 974 4246; x_wconf 89' lang='grc' dir='ltr'><strong>Νε</strong></span> <span class='ocrx_word' id='word_1_412' title='bbox 996 4199 1080 4266; x_wconf 88' lang='lat' dir='ltr'><strong>putes</strong></span> <span class='ocrx_word' id='word_1_413' title='bbox 1111 4188 1164 4245; x_wconf 91' lang='lat' dir='ltr'><strong>Dei</strong></span> <span class='ocrx_word' id='word_1_414' title='bbox 1197 4187 1369 4266; x_wconf 87' lang='lat' dir='ltr'><strong>sapientiam</strong></span> <span class='ocrx_word' id='word_1_415' title='bbox 1398 4185 1601 4246; x_wconf 88' lang='lat' dir='ltr'><strong>insensibilem</strong></span> 
     </span>
     <span class='ocr_line' id='line_1_56' title="bbox 820 4291 893 4332; baseline 0 -2"><span class='ocrx_word' id='word_1_416' title='bbox 820 4291 893 4332; x_wconf 89' lang='lat' dir='ltr'><strong>esse.</strong></span> 
     </span>
    </p>

    <p class='ocr_par' dir='ltr' id='par_1_21' title="bbox 820 4363 1600 4510">
     <span class='ocr_line' id='line_1_57' title="bbox 862 4363 1600 4442; baseline 0.001 -21"><span class='ocrx_word' id='word_1_417' title='bbox 862 4363 909 4424; x_wconf 74' lang='lat'><strong>23.</strong></span> <span class='ocrx_word' id='word_1_418' title='bbox 933 4363 1008 4422; x_wconf 88' lang='lat' dir='ltr'><strong>Deus</strong></span> <span class='ocrx_word' id='word_1_419' title='bbox 1020 4365 1095 4422; x_wconf 89' lang='lat' dir='ltr'><strong>sicut</strong></span> <span class='ocrx_word' id='word_1_420' title='bbox 1108 4383 1189 4422; x_wconf 88' lang='lat' dir='ltr'><strong>mens</strong></span> <span class='ocrx_word' id='word_1_421' title='bbox 1202 4378 1256 4436; x_wconf 88' lang='lat' dir='ltr'><strong>est,</strong></span> <span class='ocrx_word' id='word_1_422' title='bbox 1269 4383 1334 4442; x_wconf 85' lang='lat' dir='ltr'><strong>quae</strong></span> <span class='ocrx_word' id='word_1_423' title='bbox 1344 4375 1478 4421; x_wconf 85' lang='lat' dir='ltr'><strong>movetur</strong></span> <span class='ocrx_word' id='word_1_424' title='bbox 1487 4376 1600 4441; x_wconf 88' lang='lat' dir='ltr'><strong>sponte,</strong></span> 
     </span>
     <span class='ocr_line' id='line_1_58' title="bbox 820 4451 1250 4510; baseline 0 0"><span class='ocrx_word' id='word_1_425' title='bbox 820 4452 979 4510; x_wconf 90' lang='lat' dir='ltr'><strong>secundum</strong></span> <span class='ocrx_word' id='word_1_426' title='bbox 992 4451 1053 4509; x_wconf 74' lang='lat' dir='ltr'><strong>baec</strong></span> <span class='ocrx_word' id='word_1_427' title='bbox 1064 4465 1092 4509; x_wconf 93' lang='lat' dir='ltr'><strong>et</strong></span> <span class='ocrx_word' id='word_1_428' title='bbox 1107 4451 1250 4510; x_wconf 88' lang='lat' dir='ltr'><strong>subsistit.</strong></span> 
     </span>
    </p>

    <p class='ocr_par' dir='ltr' id='par_1_22' title="bbox 819 4537 1601 4706">
     <span class='ocr_line' id='line_1_59' title="bbox 861 4537 1601 4616; baseline 0.003 -22"><span class='ocrx_word' id='word_1_429' title='bbox 861 4547 910 4606; x_wconf 74' lang='lat' dir='ltr'><strong>at..</strong></span> <span class='ocrx_word' id='word_1_430' title='bbox 934 4539 1162 4616; x_wconf 79' lang='lat' dir='ltr'><strong>Magnitudinem</strong></span> <span class='ocrx_word' id='word_1_431' title='bbox 1178 4539 1232 4598; x_wconf 89' lang='lat' dir='ltr'><strong>Dei</strong></span> <span class='ocrx_word' id='word_1_432' title='bbox 1248 4559 1306 4598; x_wconf 92' lang='lat' dir='ltr'><strong>non</strong></span> <span class='ocrx_word' id='word_1_433' title='bbox 1323 4537 1473 4613; x_wconf 84' lang='lat' dir='ltr'><strong>invenies,</strong></span> <span class='ocrx_word' id='word_1_434' title='bbox 1487 4537 1601 4596; x_wconf 86' lang='lat' dir='ltr'><strong>etiamsi</strong></span> 
     </span>
     <span class='ocr_line' id='line_1_60' title="bbox 819 4625 1154 4706; baseline 0.009 -25"><span class='ocrx_word' id='word_1_435' title='bbox 819 4625 924 4703; x_wconf 89' lang='lat' dir='ltr'><strong>pennis</strong></span> <span class='ocrx_word' id='word_1_436' title='bbox 935 4627 1035 4684; x_wconf 88' lang='lat' dir='ltr'><strong>volare</strong></span> <span class='ocrx_word' id='word_1_437' title='bbox 1049 4629 1154 4706; x_wconf 88' lang='lat' dir='ltr'><strong>possis.</strong></span> 
     </span>
    </p>

    <p class='ocr_par' dir='ltr' id='par_1_23' title="bbox 861 4710 1598 4792">
     <span class='ocr_line' id='line_1_61' title="bbox 861 4710 1598 4792; baseline -0.001 -23"><span class='ocrx_word' id='word_1_438' title='bbox 861 4713 908 4774; x_wconf 80' lang='lat'><strong>25.</strong></span> <span class='ocrx_word' id='word_1_439' title='bbox 931 4713 1041 4772; x_wconf 88' lang='lat' dir='ltr'><strong>Nomen</strong></span> <span class='ocrx_word' id='word_1_440' title='bbox 1053 4714 1107 4773; x_wconf 89' lang='lat' dir='ltr'><strong>Dei</strong></span> <span class='ocrx_word' id='word_1_441' title='bbox 1115 4733 1151 4772; x_wconf 93' lang='lat' dir='ltr'><strong>ne</strong></span> <span class='ocrx_word' id='word_1_442' title='bbox 1161 4733 1285 4790; x_wconf 85' lang='lat' dir='ltr'><strong>quaeras,</strong></span> <span class='ocrx_word' id='word_1_443' title='bbox 1298 4714 1367 4792; x_wconf 88' lang='lat' dir='ltr'><strong>quia</strong></span> <span class='ocrx_word' id='word_1_444' title='bbox 1377 4732 1435 4770; x_wconf 91' lang='lat' dir='ltr'><strong>non</strong></span> <span class='ocrx_word' id='word_1_445' title='bbox 1445 4710 1598 4770; x_wconf 83' lang='lat' dir='ltr'><strong>invenies:</strong></span> 
     </span>
    </p>

    <p class='ocr_par' dir='ltr' id='par_1_24' title="bbox 100 4790 1600 4880">
     <span class='ocr_line' id='line_1_62' title="bbox 100 4790 1600 4880; baseline 0.001 -27"><span class='ocrx_word' id='word_1_446' title='bbox 100 4790 161 4864; x_wconf 74' lang='lat' dir='ltr'><strong>(Cl-</strong></span> <span class='ocrx_word' id='word_1_447' title='bbox 173 4795 319 4876; x_wconf 84' lang='lat' dir='ltr'><strong>Porphyr.</strong></span> <span class='ocrx_word' id='word_1_448' title='bbox 333 4798 368 4856; x_wconf 88' lang='lat' dir='ltr'><strong>ad</strong></span> <span class='ocrx_word' id='word_1_449' title='bbox 379 4797 506 4856; x_wconf 83' lang='lat' dir='ltr'><strong>Marcell.</strong></span> <span class='ocrx_word' id='word_1_450' title='bbox 518 4818 582 4876; x_wconf 89' lang='lat' dir='ltr'><strong>cap.</strong></span> <span class='ocrx_word' id='word_1_451' title='bbox 596 4797 664 4874; x_wconf 82' lang='lat'><strong>15.)</strong></span> <span class='ocrx_word' id='word_1_452' title='bbox 821 4819 886 4858; x_wconf 91' lang='lat' dir='ltr'><strong>nam</strong></span> <span class='ocrx_word' id='word_1_453' title='bbox 904 4821 1005 4876; x_wconf 90' lang='lat' dir='ltr'><strong>omne,</strong></span> <span class='ocrx_word' id='word_1_454' title='bbox 1021 4803 1100 4880; x_wconf 85' lang='lat' dir='ltr'><strong>quod</strong></span> <span class='ocrx_word' id='word_1_455' title='bbox 1116 4804 1236 4862; x_wconf 90' lang='lat' dir='ltr'><strong>nomine</strong></span> <span class='ocrx_word' id='word_1_456' title='bbox 1250 4800 1452 4879; x_wconf 89' lang='lat' dir='ltr'><strong>appellatur,a</strong></span> <span class='ocrx_word' id='word_1_457' title='bbox 1467 4799 1600 4873; x_wconf 86' lang='lat' dir='ltr'><strong>digniore</strong></span> 
     </span>
    </p>

    <p class='ocr_par' dir='ltr' id='par_1_25' title="bbox 50 4870 1602 4969">
     <span class='ocr_line' id='line_1_63' title="bbox 50 4870 1602 4969; baseline 0.005 -32"><span class='ocrx_word' id='word_1_458' title='bbox 50 4870 73 4929; x_wconf 83' lang='lat'><strong>5·</strong></span> <span class='ocrx_word' id='word_1_459' title='bbox 86 4873 193 4943; x_wconf 81' lang='lat' dir='ltr'><strong>Dubius</strong></span> <span class='ocrx_word' id='word_1_460' title='bbox 203 4887 234 4944; x_wconf 91' lang='lat' dir='ltr'><strong>in</strong></span> <span class='ocrx_word' id='word_1_461' title='bbox 253 4887 325 4958; x_wconf 87' lang='lat' dir='ltr'><strong>lide,</strong></span> <span class='ocrx_word' id='word_1_462' title='bbox 341 4887 469 4947; x_wconf 85' lang='lat' dir='ltr'><strong>infidelis</strong></span> <span class='ocrx_word' id='word_1_463' title='bbox 483 4901 536 4947; x_wconf 87' lang='lat' dir='ltr'><strong>est.</strong></span> <span class='ocrx_word' id='word_1_464' title='bbox 820 4910 926 4948; x_wconf 89' lang='lat' dir='ltr'><strong>nomen</strong></span> <span class='ocrx_word' id='word_1_465' title='bbox 940 4891 1060 4969; x_wconf 89' lang='lat' dir='ltr'><strong>accipit,</strong></span> <span class='ocrx_word' id='word_1_466' title='bbox 1074 4903 1106 4949; x_wconf 91' lang='lat' dir='ltr'><strong>ut</strong></span> <span class='ocrx_word' id='word_1_467' title='bbox 1123 4891 1198 4949; x_wconf 85' lang='lat' dir='ltr'><strong>alius</strong></span> <span class='ocrx_word' id='word_1_468' title='bbox 1211 4889 1329 4966; x_wconf 89' lang='lat' dir='ltr'><strong>quidem</strong></span> <span class='ocrx_word' id='word_1_469' title='bbox 1344 4899 1442 4958; x_wconf 85' lang='lat' dir='ltr'><strong>vocet,</strong></span> <span class='ocrx_word' id='word_1_470' title='bbox 1457 4887 1531 4945; x_wconf 90' lang='lat' dir='ltr'><strong>alius</strong></span> <span class='ocrx_word' id='word_1_471' title='bbox 1551 4905 1602 4944; x_wconf 88' lang='lat' dir='ltr'><strong>au·</strong></span> 
     </span>
    </p>

    <p class='ocr_par' dir='ltr' id='par_1_26' title="bbox 21 4959 1603 5234">
     <span class='ocr_line' id='line_1_64' title="bbox 51 4959 1603 5056; baseline 0.008 -37"><span class='ocrx_word' id='word_1_472' title='bbox 51 4959 75 5018; x_wconf 87' lang='grc'><strong>6.</strong></span> <span class='ocrx_word' id='word_1_473' title='bbox 87 4961 210 5032; x_wconf 83' lang='lat' dir='ltr'><strong>lnfidelis</strong></span> <span class='ocrx_word' id='word_1_474' title='bbox 219 4975 307 5034; x_wconf 89' lang='lat' dir='ltr'><strong>homo</strong></span> <span class='ocrx_word' id='word_1_475' title='bbox 316 4991 448 5036; x_wconf 87' lang='lat' dir='ltr'><strong>mortuus</strong></span> <span class='ocrx_word' id='word_1_476' title='bbox 460 4990 504 5036; x_wconf 88' lang='lat' dir='ltr'><strong>est</strong></span> <span class='ocrx_word' id='word_1_477' title='bbox 511 4995 635 5056; x_wconf 83' lang='lat' dir='ltr'><strong>corpore</strong></span> <span class='ocrx_word' id='word_1_478' title='bbox 644 4975 773 5036; x_wconf 84' lang='lat' dir='ltr'><strong>vivente.</strong></span> <span class='ocrx_word' id='word_1_479' title='bbox 820 4991 876 5036; x_wconf 90' lang='lat' dir='ltr'><strong>tem</strong></span> <span class='ocrx_word' id='word_1_480' title='bbox 892 4978 1000 5040; x_wconf 86' lang='lat' dir='ltr'><strong>audiat.</strong></span> <span class='ocrx_word' id='word_1_481' title='bbox 1014 4979 1087 5048; x_wconf 88' lang='lat' dir='ltr'><strong>Quis</strong></span> <span class='ocrx_word' id='word_1_482' title='bbox 1103 4997 1173 5054; x_wconf 89' lang='lat' dir='ltr'><strong>ergo</strong></span> <span class='ocrx_word' id='word_1_483' title='bbox 1191 4989 1249 5050; x_wconf 88' lang='grc' dir='ltr'><strong>εει,</strong></span> <span class='ocrx_word' id='word_1_484' title='bbox 1263 4976 1315 5054; x_wconf 90' lang='lat' dir='ltr'><strong>qui</strong></span> <span class='ocrx_word' id='word_1_485' title='bbox 1334 4993 1441 5033; x_wconf 91' lang='lat' dir='ltr'><strong>nomen</strong></span> <span class='ocrx_word' id='word_1_486' title='bbox 1461 4973 1603 5052; x_wconf 91' lang='lat' dir='ltr'><strong>imposuit</strong></span> 
     </span>
     <span class='ocr_line' id='line_1_65' title="bbox 22 5047 1601 5152; baseline 0.003 -36"><span class='ocrx_word' id='word_1_487' title='bbox 22 5123 27 5136; x_wconf 29' lang='grc' dir='ltr'>ι</span> <span class='ocrx_word' id='word_1_488' title='bbox 51 5047 256 5152; x_wconf 36' lang='grc' dir='ltr'><strong>ιχῪιιειὶάεΙίε</strong></span> <span class='ocrx_word' id='word_1_489' title='bbox 266 5076 325 5139; x_wconf 85' lang='grc' dir='ltr'><strong>εει,</strong></span> <span class='ocrx_word' id='word_1_490' title='bbox 337 5067 388 5145; x_wconf 89' lang='lat' dir='ltr'><strong>qui</strong></span> <span class='ocrx_word' id='word_1_491' title='bbox 401 5085 460 5125; x_wconf 92' lang='lat' dir='ltr'><strong>non</strong></span> <span class='ocrx_word' id='word_1_492' title='bbox 471 5079 582 5145; x_wconf 88' lang='lat' dir='ltr'><strong>peccat,</strong></span> <span class='ocrx_word' id='word_1_493' title='bbox 592 5080 677 5145; x_wconf 87' lang='lat' dir='ltr'><strong>atque</strong></span> <span class='ocrx_word' id='word_1_494' title='bbox 688 5067 773 5126; x_wconf 89' lang='lat' dir='ltr'><strong>etiam</strong></span> <span class='ocrx_word' id='word_1_495' title='bbox 821 5067 900 5126; x_wconf 84' lang='lat' dir='ltr'><strong>Deo?</strong></span> <span class='ocrx_word' id='word_1_496' title='bbox 914 5067 992 5126; x_wconf 89' lang='lat' dir='ltr'><strong>Deus</strong></span> <span class='ocrx_word' id='word_1_497' title='bbox 1004 5080 1097 5125; x_wconf 89' lang='lat' dir='ltr'><strong>autem</strong></span> <span class='ocrx_word' id='word_1_498' title='bbox 1113 5086 1172 5124; x_wconf 91' lang='lat' dir='ltr'><strong>non</strong></span> <span class='ocrx_word' id='word_1_499' title='bbox 1188 5083 1295 5124; x_wconf 91' lang='lat' dir='ltr'><strong>nomen</strong></span> <span class='ocrx_word' id='word_1_500' title='bbox 1308 5076 1352 5124; x_wconf 90' lang='grc' dir='ltr'><strong>εει</strong></span> <span class='ocrx_word' id='word_1_501' title='bbox 1365 5061 1442 5136; x_wconf 88' lang='lat' dir='ltr'><strong>Deo,</strong></span> <span class='ocrx_word' id='word_1_502' title='bbox 1458 5061 1508 5122; x_wconf 92' lang='lat' dir='ltr'><strong>sed</strong></span> <span class='ocrx_word' id='word_1_503' title='bbox 1522 5061 1601 5122; x_wconf 90' lang='lat' dir='ltr'><strong>indi·</strong></span> 
     </span>
     <span class='ocr_line' id='line_1_66' title="bbox 21 5143 1293 5234; baseline 0.018 -42"><span class='ocrx_word' id='word_1_504' title='bbox 21 5143 46 5182; x_wconf 87' lang='lat' dir='ltr'><strong>tn</strong></span> <span class='ocrx_word' id='word_1_505' title='bbox 55 5147 256 5212; x_wconf 78' lang='lat' dir='ltr'><strong>ninimiscaute</strong></span> <span class='ocrx_word' id='word_1_506' title='bbox 267 5154 334 5231; x_wconf 89' lang='lat' dir='ltr'><strong>agit.</strong></span> <span class='ocrx_word' id='word_1_507' title='bbox 820 5157 914 5231; x_wconf 87' lang='lat' dir='ltr'><strong>cium,</strong></span> <span class='ocrx_word' id='word_1_508' title='bbox 930 5155 1010 5234; x_wconf 91' lang='lat' dir='ltr'><strong>quod</strong></span> <span class='ocrx_word' id='word_1_509' title='bbox 1022 5157 1162 5215; x_wconf 88' lang='lat' dir='ltr'><strong>sentimus</strong></span> <span class='ocrx_word' id='word_1_510' title='bbox 1173 5153 1209 5212; x_wconf 93' lang='lat' dir='ltr'><strong>de</strong></span> <span class='ocrx_word' id='word_1_511' title='bbox 1221 5153 1293 5215; x_wconf 83' lang='lat' dir='ltr'><strong>Deo.</strong></span> 
     </span>
    </p>
   </div>
   <div class='ocr_carea' id='block_1_9' title="bbox 773 5271 827 5323">
    <p class='ocr_par' dir='ltr' id='par_1_27' title="bbox 773 5271 827 5323">
     <span class='ocr_line' id='line_1_67' title="bbox 773 5271 827 5323; baseline 0.037 -2"><span class='ocrx_word' id='word_1_512' title='bbox 773 5271 827 5323; x_wconf 76' lang='grc'><strong>523</strong></span> 
     </span>
    </p>
   </div>
   <div class='ocr_carea' id='block_1_10' title="bbox 31 4153 751 4360">
    <p class='ocr_par' dir='ltr' id='par_1_28' title="bbox 31 4153 751 4360">
     <span class='ocr_line' id='line_1_68' title="bbox 31 4153 751 4238; baseline 0.021 -17"><span class='ocrx_word' id='word_1_513' title='bbox 31 4153 163 4230; x_wconf 81' lang='lat' dir='ltr'><strong>suxtt</strong></span> <span class='ocrx_word' id='word_1_514' title='bbox 194 4166 531 4238; x_wconf 82' lang='lat' dir='ltr'><strong>ENCHtRlDION</strong></span> <span class='ocrx_word' id='word_1_515' title='bbox 565 4166 751 4237; x_wconf 83' lang='lat' dir='ltr'><strong>RUFtNO</strong></span> 
     </span>
     <span class='ocr_line' id='line_1_69' title="bbox 261 4303 504 4360; baseline 0.012 -3"><span class='ocrx_word' id='word_1_516' title='bbox 261 4303 504 4360; x_wconf 72' lang='lat' dir='ltr'><strong>turonenses.</strong></span> 
     </span>
    </p>
   </div>
   <div class='ocr_carea' id='block_1_11' title="bbox 48 4433 693 4788">
    <p class='ocr_par' dir='ltr' id='par_1_29' title="bbox 48 4433 593 4605">
     <span class='ocr_line' id='line_1_70' title="bbox 53 4433 593 4517; baseline 0.024 -26"><span class='ocrx_word' id='word_1_517' title='bbox 53 4452 74 4493; x_wconf 91' lang='grc' dir='ltr'><strong>ι.</strong></span> <span class='ocrx_word' id='word_1_518' title='bbox 86 4433 188 4502; x_wconf 82' lang='lat' dir='ltr'><strong>Fidelis</strong></span> <span class='ocrx_word' id='word_1_519' title='bbox 197 4445 305 4517; x_wconf 87' lang='lat' dir='ltr'><strong>homo,</strong></span> <span class='ocrx_word' id='word_1_520' title='bbox 322 4446 430 4504; x_wconf 85' lang='lat' dir='ltr'><strong>electus</strong></span> <span class='ocrx_word' id='word_1_521' title='bbox 440 4445 528 4504; x_wconf 91' lang='lat' dir='ltr'><strong>homo</strong></span> <span class='ocrx_word' id='word_1_522' title='bbox 540 4457 593 4504; x_wconf 88' lang='lat' dir='ltr'><strong>est.</strong></span> 
     </span>
     <span class='ocr_line' id='line_1_71' title="bbox 48 4521 532 4605; baseline 0.019 -26"><span class='ocrx_word' id='word_1_523' title='bbox 48 4521 187 4590; x_wconf 72' lang='lat' dir='ltr'><strong>allectus</strong></span> <span class='ocrx_word' id='word_1_524' title='bbox 202 4533 405 4605; x_wconf 91' lang='lat' dir='ltr'><strong>homo‚homo</strong></span> <span class='ocrx_word' id='word_1_525' title='bbox 415 4535 469 4592; x_wconf 90' lang='lat' dir='ltr'><strong>Dei</strong></span> <span class='ocrx_word' id='word_1_526' title='bbox 481 4546 532 4593; x_wconf 90' lang='lat' dir='ltr'><strong>est.</strong></span> 
     </span>
    </p>

    <p class='ocr_par' dir='ltr' id='par_1_30' title="bbox 49 4607 621 4700">
     <span class='ocr_line' id='line_1_72' title="bbox 49 4607 621 4700; baseline 0.016 -31"><span class='ocrx_word' id='word_1_527' title='bbox 49 4607 71 4664; x_wconf 85' lang='grc'><strong>3-</strong></span> <span class='ocrx_word' id='word_1_528' title='bbox 82 4611 169 4676; x_wconf 78' lang='lat' dir='ltr'><strong>domo</strong></span> <span class='ocrx_word' id='word_1_529' title='bbox 183 4621 236 4680; x_wconf 88' lang='lat' dir='ltr'><strong>Dei</strong></span> <span class='ocrx_word' id='word_1_530' title='bbox 247 4635 305 4695; x_wconf 89' lang='lat' dir='ltr'><strong>est,</strong></span> <span class='ocrx_word' id='word_1_531' title='bbox 319 4624 370 4700; x_wconf 90' lang='lat' dir='ltr'><strong>qui</strong></span> <span class='ocrx_word' id='word_1_532' title='bbox 381 4623 443 4680; x_wconf 89' lang='lat' dir='ltr'><strong>Deo</strong></span> <span class='ocrx_word' id='word_1_533' title='bbox 453 4621 557 4698; x_wconf 88' lang='lat' dir='ltr'><strong>dignus</strong></span> <span class='ocrx_word' id='word_1_534' title='bbox 570 4631 621 4679; x_wconf 88' lang='lat' dir='ltr'><strong>est.</strong></span> 
     </span>
    </p>

    <p class='ocr_par' dir='ltr' id='par_1_31' title="bbox 49 4699 693 4788">
     <span class='ocr_line' id='line_1_73' title="bbox 49 4699 693 4788; baseline 0.005 -25"><span class='ocrx_word' id='word_1_535' title='bbox 49 4703 71 4763; x_wconf 68' lang='lat' dir='ltr'><strong>lc</strong></span> <span class='ocrx_word' id='word_1_536' title='bbox 83 4699 138 4760; x_wconf 81' lang='lat' dir='ltr'><strong>Deo</strong></span> <span class='ocrx_word' id='word_1_537' title='bbox 149 4706 254 4783; x_wconf 84' lang='lat' dir='ltr'><strong>dignus</strong></span> <span class='ocrx_word' id='word_1_538' title='bbox 268 4723 328 4781; x_wconf 90' lang='lat' dir='ltr'><strong>est,</strong></span> <span class='ocrx_word' id='word_1_539' title='bbox 341 4711 392 4788; x_wconf 90' lang='lat' dir='ltr'><strong>qui</strong></span> <span class='ocrx_word' id='word_1_540' title='bbox 403 4710 477 4769; x_wconf 92' lang='lat' dir='ltr'><strong>nihil</strong></span> <span class='ocrx_word' id='word_1_541' title='bbox 492 4711 613 4785; x_wconf 88' lang='lat' dir='ltr'><strong>indigne</strong></span> <span class='ocrx_word' id='word_1_542' title='bbox 626 4709 693 4785; x_wconf 86' lang='lat' dir='ltr'><strong>agit.</strong></span> 
     </span>
    </p>
   </div>
   <div class='ocr_carea' id='block_1_12' title="bbox 0 0 1886 5922">
    <p class='ocr_par' dir='ltr' id='par_1_32' title="bbox 0 0 1886 5922">
     <span class='ocr_line' id='line_1_74' title="bbox 0 0 1886 5922; baseline 0 0"><span class='ocrx_word' id='word_1_543' title='bbox 0 0 1886 5922; x_wconf 95' lang='lat' dir='ltr'><strong> </strong></span> 
     </span>
    </p>
   </div>
  </div>
 </body>
</html>
