3708 5916
565 455 606 516 tlt
627 454 790 518 luerunt
811 455 982 516 CARMEN·
1268 501 1269 504 ,
1490 466 1546 518 437

6 611 27 646 τι
37 583 192 661 σωματικαῖς,
202 582 288 642 θποῖαί
302 588 361 643 ποτ’
376 584 407 644 ἀν
419 574 483 644 ῶσιν
493 585 584 660 αὐταί,
597 587 641 644 καί
653 584 730 646 πόθεν
777 587 839 652 Τοῖς
853 587 880 644 δί
894 590 976 666 ὀρθοῖς
995 589 1130 663 λογισμοῖς
1148 586 1173 656 ἐξ
1189 587 1305 664 ἀνάγκης
1316 585 1407 646 έπετει
1426 585 1471 646 καί
1489 587 1550 666 περὶ

24 673 162 752 πορίζεσθαι
180 669 315 730 δύνωνται.
357 675 420 739 Πῶς
439 672 489 752 γάρ
514 673 582 740 δόξει
608 672 732 752 ἔμφρονος
774 676 826 730 τῶν
841 671 983 730 δοκούντων
997 673 1116 740 ἀτάκτως
1127 673 1196 732 κατὰ
1210 673 1254 732 τδν
1270 675 1324 752 βίον
1343 672 1496 748 αυμόαίνειν
1510 671 1548 748 μὴ

6 785 44 831 αι,
55 762 108 818 κατ’
118 757 223 831 αὐτούς,
236 757 375 838 ἣμετρίως
385 758 633 834 καθεστηκότος,μὴ
644 762 730 818 πάντα
775 757 919 838 ἀλογίστως
932 757 1018 838 ἔχειν,
1030 761 1088 818 ἀλλ’
1108 752 1137 819 τό
1156 761 1201 820 καί
1215 760 1336 838 γενναίως
1351 759 1549 837 ἀπολελογίσθαι

6 849 106 930 ρίζεσθαι
127 850 164 925 τῷ
179 845 296 923 σιύματι,
310 845 344 904 δι’
361 844 375 905 ό
396 847 441 904 καί
461 851 478 917 ἡ
500 851 546 918 τῆς
562 851 647 928 ψυχῆς
668 847 730 906 θπό-
773 846 820 911 τάς
833 844 931 904 τούτων
946 846 1046 918 αἰτίας,
1061 847 1107 906 καί
1125 846 1210 928 φέρειν
1229 846 1296 906 αύτδι
1312 845 1392 922 μηδὲν
1409 848 1549 922 ἐγκαλοῦν-

6 958 49 1000 ισις
61 935 182 1008 σώζεται,
198 933 243 990 οὐκ
252 930 331 1002 οὔσης
348 931 394 1007 μίν
407 935 467 991 καθ’
478 933 575 1005 αὑτήν,
587 931 731 1010 ἰπιγινομέ-
774 955 820 997 τας
831 939 883 998 τοῖς
898 934 1068 1010 ἐπιμεληταῖς
1080 938 1170 1011 ἡμῶν,
1181 932 1206 992 οἰ
1219 933 1283 1014 πρὸς
1295 933 1367 1002 ἀξίαν
1378 931 1551 1008 ἀπονέμοντες

6 1045 12 1086 ς
27 1021 50 1077 δὲ
61 1024 92 1097 τῇ
102 1027 163 1097 ποιᾷ
179 1018 319 1076 διαπλόσιι
333 1024 379 1076 τοῦ
395 1017 532 1094 σώματοςς
546 1023 607 1086 Πῶς
622 1018 650 1076 δὲ
669 1041 731 1096 προ·
775 1019 878 1098 έκείστορ
893 1017 927 1077 τὰ
936 1021 1120 1098 προσήκοντα,
1131 1023 1159 1078 οῦ
1172 1024 1222 1078 τῶν
1232 1019 1296 1078 ἰσων
1307 1019 1421 1091 ἠξίωσαν
1434 1019 1551 1084 ἅπαντας

6 1107 75 1182 όμεθα
90 1107 121 1162 δι’
130 1104 224 1184 ἀρετλν
238 1103 268 1163 τό
281 1107 373 1182 σῶμα,
383 1107 520 1180 μελλοντες
531 1105 576 1164 καί
586 1105 632 1175 τὴν
644 1103 729 1184 ψυχὴν
773 1104 830 1171 τοῦς
845 1104 882 1182 μὴ
906 1106 1000 1182 ὁμοίως
1019 1105 1240 1186 προόεόιωκότας.
1284 1111 1345 1174 Πῶς
1366 1105 1418 1186 γάρ
1435 1105 1470 1164 ἂν
1489 1127 1551 1184 προ-

6 1191 42 1262 τὴν
58 1191 111 1266 ἅμα
131 1195 168 1269 τῷ
192 1191 298 1266 σώματι
320 1192 490 1271 διαφθείρειν,
515 1190 583 1251 ὥστε
607 1194 729 1270 μηδαμοῦ
773 1193 842 1259 νοίας
858 1193 904 1268 μέν
925 1192 1019 1265 οὔσης,
1041 1194 1085 1252 καλ
1100 1199 1146 1264 τῆς
1159 1197 1244 1274 ψυχῆς
1267 1197 1342 1267 ἡμῶν
1353 1192 1485 1274 ἀφθάρτου
1500 1189 1548 1267 μίν

8 1304 30 1338 αι
40 1278 81 1348 τὴν
95 1277 203 1358 ἀρετήν,
215 1270 247 1349 ἧς
261 1277 347 1358 ἐφέσει
359 1278 403 1336 τόν
417 1280 526 1338 θόνατον
539 1278 730 1356 betasimum
774 1280 833 1337 κατ’
847 1279 953 1354 οὐσίαν,
969 1281 1118 1358 προαιρέσει
1132 1279 1159 1338 δί
1174 1281 1334 1360 αὐτοκινήτῳ
1346 1279 1409 1356 πρὸς
1423 1277 1517 1357 ἀρετὴν
1531 1275 1548 1346 ἥ

6 1365 41 1422 ut
57 1365 112 1442 περὶ
128 1365 176 1440 μέν
199 1363 298 1424 τούτων
325 1368 421 1433 ίκανῶς
438 1375 492 1432 τοῖς
515 1365 590 1433 θείοις
608 1367 729 1446 ἀνδράσιν
773 1366 867 1425 κακίαν
887 1365 1095 1446 ὁρμώσης,ἰνῆν
1115 1367 1148 1426 τάι
1162 1365 1207 1426 ἰσα
1227 1375 1280 1434 τοῖς
1299 1366 1336 1444 μὴ
1351 1367 1416 1432 ’έσοις
1433 1364 1492 1430 τοὺς
1506 1369 1550 1424 τοῦ

6 1453 149 1528 οδέδεικται,
167 1454 207 1510 ότι
228 1475 258 1510 τε
273 1452 400 1520 ἀθοίνατος
421 1453 542 1532 ἡψοχιί,
559 1453 604 1512 καί
626 1453 667 1514 ὅτι
687 1451 729 1510 διά
773 1453 838 1532 πρδν
862 1453 935 1522 ἀξίαν
950 1453 1066 1532 φύλακας
1081 1453 1161 1530 νόμου
1180 1453 1345 1526 ἀποδιδόναι,
1360 1449 1428 1512 ἀλλίι
1450 1450 1550 1527 μολπὴν

6 1565 42 1610 νης
55 1544 142 1618 ἀρετῆς
152 1545 308 1615 κοσμεῖσθαι
319 1540 429 1620 πέφυκε.
473 1543 528 1600 Νῦν
549 1540 576 1598 δὲ
597 1540 627 1598 τδ
647 1539 730 1618 παρόν
774 1539 957 1616 προσήκουσαν
974 1540 1111 1616 ἀπονέμειν
1125 1541 1228 1619 ἰκοίστῳ
1242 1540 1338 1618 τύχην,
1352 1539 1384 1610 ἣν
1395 1537 1440 1596 καλ
1451 1534 1550 1612 προῖὼν

6 1624 204 1706 ισφραγισοίμενοι
222 1626 325 1702 δόγμα,
339 1625 384 1686 ἐπὶ
394 1625 427 1683 rt
443 1625 499 1697 ἑξῆς
514 1626 729 1703 μιταόαίνωμιν,
773 1629 810 1694 εἰς
822 1627 947 1704 γένεσινδ
963 1625 1094 1705 ἄνθρωπος
1107 1630 1267 1706 κληροῦσθαι
1284 1628 1400 1704 λίγεται;
1413 1629 1444 1685 Εἰ
1456 1617 1500 1684 obv
1513 1624 1550 1702 μὴ

6 1715 76 1764 ”luit
90 1713 140 1771 τοῖς
154 1705 349 1784 πρθεῑρημίνῡῑς
363 1703 524 1776 ίπῑῑπύντδς,
537 1705 577 1763 ὅτι
594 1703 682 1783 ὥσπερ
697 1709 729 1784 τῇ
774 1717 852 1788 μῦθος
863 1713 893 1771 τό
903 1705 968 1774 εἰναι
981 1712 1120 1791 πρόνοιαν,
1136 1712 1317 1790 ἀπονέμουσαν
1331 1715 1435 1794 ίκοίστιρ
1445 1711 1479 1770 td
1491 1713 1552 1792 πρέ·

6 1793 53 1871 vota
64 1797 106 1862 τῆς
128 1793 216 1859 οὐσίαι
240 1796 314 1864 ἡμῶν
328 1800 402 1850 πᾶσα
417 1795 531 1871 ῖπαισρεῑ
547 1792 642 1865 κακία,
662 1791 729 1850 οὕτω
774 1822 874 1872 ποντα,
897 1800 940 1858 καί
957 1799 1004 1872 elo
1019 1799 1106 1880 ψυχὴν
1120 1801 1196 1876 ἡμῶν
1211 1801 1337 1859 ἀθάνατον
1357 1790 1439 1872 εἰναι,
1458 1803 1551 1874 δῆλον,

17 1883 101 1937 ἑαυτῶν
115 1879 226 1956 γνώσει,
245 1879 289 1936 καῖ
304 1877 446 1944 ἀπαξιώσει
457 1882 508 1938 τῶν
530 1877 567 1954 μὴ
578 1880 729 1958 πρεπόντων
774 1889 809 1953 ὣς
823 1891 986 1962 μεταστῆσαι
1011 1890 1048 1948 δεῖ
1062 1885 1110 1957 τὴν
1128 1885 1214 1945 αἰτίαν
1224 1891 1275 1944 τῶν
1294 1889 1419 1964 ἀλγεινῶν
1432 1886 1485 1944 ἀπὸ
1504 1893 1550 1945 τοῦ

6 2023 7 2032 ,
23 1969 103 2044 λογικῇ
117 1965 209 2046 φύσει,
226 1971 245 2040 ἡ
263 1970 315 2026 τῶν
340 1967 505 2040 καθηκόντων
523 1969 731 2048 ἀπαραλόγιστος
775 1974 931 2041 διοικοῦντος
950 1975 989 2053 ἐφ’
1009 1979 1080 2051 ἡμᾶς
1094 1973 1202 2048 αὐτούς,
1218 1974 1244 2042 ἐξ
1266 1965 1296 2034 οῦ
1308 1974 1354 2034 καί
1370 1975 1399 2032 τὸ
1411 1977 1502 2032 ἰᾶσθαι
1516 1973 1551 2042 τὰ

7 2075 68 2128 poor<
90 2053 234 2131 εὖρίνκεται
266 2061 416 2132 πανταχοῦ·
438 2061 514 2113 τοῦτο
539 2053 566 2114 δὲ
585 2059 636 2114 τῶν
661 2056 730 2114 κατὰ
775 2061 888 2140 δυσχερῆ
912 2062 1037 2120 δύνασθαι
1059 2061 1136 2120 δυίσει
1156 2067 1169 2121 ό
1192 2059 1275 2140 λόγος.
1320 2061 1365 2123 Ἐν
1387 2064 1485 2128 ἑαυτοῖς
1502 2063 1551 2141 γάρ

6 2137 42 2216 θος
55 2141 147 2216 ἀθετῶ*
165 2139 266 2215 illm*
280 2140 386 2218 θὲῖρθῖ·
428 2140 475 2208 Ὡς
487 2140 539 2221 γὰρ
557 2143 620 2222 πρὸς
634 2143 729 2204 κανόνα
775 2151 890 2226 εὑρόντες
904 2148 951 2216 τὰς
963 2148 1049 2215 αἰτίας
1062 2152 1109 2218 τῆς
1127 2147 1254 2220 τοσαύτης
1266 2145 1436 2222 ἀνωμαλίας,
1447 2150 1551 2224 πρῶτον

6 2225 109 2294 γούσίαν
127 2228 201 2300 ἡμῶν
212 2226 423 2302 ἀποόλέποντες,
436 2229 465 2288 τό
480 2229 535 2288 δέον
546 2232 573 2288 ἰν
592 2239 672 2289 πᾶσιν
687 2234 730 2290 τῦ·
775 2235 823 2312 μέν
840 2241 877 2316 τῷ
900 2239 967 2315 ὀρθῷ
981 2241 1028 2308 τῆς
1044 2237 1153 2314 κρίσεως
1172 2238 1397 2316 ἐπελαφρυνοῦμεν
1412 2237 1463 2294 τῶν
1482 2257 1551 2306 συμ-

6 2333 94 2386 αιομεν,
107 2311 172 2370 κατά
187 2312 232 2371 τδν
247 2315 322 2391 ὀρθόν
335 2315 411 2392 λόγον
425 2315 570 2390 συμφώνως
584 2319 617 2394 τῇ
632 2320 730 2376 ἰαυτῶν
775 2321 914 2382 ὅαινόντων
930 2322 959 2381 τό
981 2322 1128 2403 μοχθηρόν·
1149 2323 1239 2381 ἔπειτα
1257 2330 1314 2388 ταῖς
1334 2325 1415 2400 ἱεραῖς
1438 2321 1553 2398 μεθόδοις

6 2396 41 2477 ili
55 2399 192 2468 ἰῑαῖῶντῑς.
239 2405 299 2462 Πᾶν
319 2401 370 2481 γάρ
391 2400 406 2460 3
430 2402 554 2478 &rubim
572 2402 620 2476 ill
644 2402 731 2483 Ψυχὴν
774 2412 820 2470 καὶ
833 2420 889 2478 ταῖς
901 2413 988 2488 ὀρθαῖς
1000 2410 1165 2480 νουθετήσεσι
1181 2411 1385 2488 μεθαρμόζοντες
1404 2407 1452 2480 τὴν
1463 2407 1551 2486 ψυχὴν

6 2487 98 2556 ιιεῖ,καί
113 2487 175 2565 πρὸς
194 2487 246 2559 τὴν
262 2489 337 2568 φύσει
359 2488 508 2566 πρέπουσαν
523 2491 631 2560 εὐζωίαν
650 2491 731 2562 αὐτὴν
775 2499 839 2576 πρὸς
864 2498 894 2562 τὸ
918 2499 1041 2574 ἀμεινον,
1064 2499 1199 2564 παντελῶς
1222 2494 1329 2563 teotolo<
1352 2499 1404 2554 τῶν
1428 2497 1553 2573 ἀλγεινῶν

6 2571 67 2648 ίῖῑῑι
81 2579 150 2633 ῖθῧῑθ
166 2575 340 2662 5l1w53?⁵ttl
360 2575 405 2636 καὶ
419 2577 569 2656 φνλθῦῠφίας
587 2579 677 2655 νόμον·
696 2579 731 2636 τί
776 2584 991 2662 ἐλευθερῶσομιν.
1033 2586 1073 2645 Τό
1088 2583 1115 2642 δὲ
1131 2584 1268 2661 πάσχοντα
1283 2586 1369 2650 κακῶς
1382 2581 1445 2659 μηδ’
1458 2579 1554 2639 αἰσθό-

22 2660 87 2732 μόνοι
111 2662 171 2740 πρὸς
187 2661 353 2740 ἀνθρωπίνην
375 2663 574 2742 εὐσχημοσύνην
597 2665 729 2743 τείνοντα,
775 2677 864 2731 νεσθαι
877 2671 924 2738 τὰς
937 2671 1041 2744 αἰτίας,
1054 2673 1121 2747 μηδὲ
1136 2670 1378 2746 καταμαντεύεσθαι
1392 2673 1436 2727 τοῦ
1449 2665 1555 2732 εἰκότως

6 2747 119 2826 υλοπρεπῆ
141 2753 194 2807 ἐστι
208 2747 361 2828 σοφίσματα
375 2749 420 2808 καί
441 2750 600 2831 σκιαγραφία
614 2755 666 2810 τῶν
681 2775 729 2810 κα·
780 2758 983 2834 συμόαίνοντος,
999 2759 1090 2817 ἑαυτὸν
1114 2749 1145 2829 ἦν
1168 2757 1299 2823 ίθίσαντος
1324 2753 1467 2835 ἀλογίστως
1485 2753 1554 2830 ἔχειν

6 2835 35 2908 ἰν,
48 2833 84 2889 tbr
99 2832 168 2914 παρὰ
192 2838 246 2892 τῶν
262 2838 365 2893 πολλῶν
386 2836 490 2894 ἔπαινον
513 2835 666 2915 θηρωμένη,
687 2837 731 2896 trel
778 2845 838 2923 περὶ
853 2843 965 2917 παντός,
989 2842 1002 2903 8
1024 2851 1067 2903 νῦν
1091 2843 1268 2922 ἀπηγόρευσεν
1289 2841 1400 2919 δλόγος.
1443 2839 1554 2918 Ἀνάγκη

6 2922 105 2978 ῦδοκεῖν
127 2921 216 2996 μόνον,
236 2923 265 2980 οὗ
286 2927 330 2980 τοῦ
350 2913 433 2993 εἶναι,
450 2922 547 3000 ἀγαθόν
570 2925 618 2994 τὴν
642 2933 730 2982 πᾶσαν
778 2931 829 3012 γὰρ
843 2931 886 2990 τὸν
904 2930 1039 3004 dtur-⁴502(
1057 2931 1150 3011 ἔχοντα
1171 2935 1218 3002 τῆς
1233 2930 1344 3001 ἀληθοῦς
1357 2927 1441 2994 αἰτίας
1452 2927 1495 2986 ἐπὶ
1506 2925 1555 2997 τὴν

6 3007 100 3079 ἰωμένη
118 3007 252 3090 φροντίδα.
296 3008 348 3070 Kal
367 3012 450 3067 ταῦτα
478 3007 524 3086 μέν
539 3010 599 3089 περί
618 3011 727 3072 τούτων.
775 3017 908 3099 κρείττονα
931 3018 1021 3079 οὐσίαν
1043 3019 1195 3100 μεταφέρειν
1215 3016 1246 3076 τδ
1263 3014 1429 3095 ἔγκλημα,ἣ
1448 3015 1488 3074 ότι
1509 3016 1556 3075 οὐκ

815 3165 848 3177 ..-
854 3157 1553 3177 *mu—*W

6 3255 107 3324 gnemur
138 3271 199 3326 quae
229 3263 359 3308 naturam
389 3253 558 3308 rationalem
580 3251 732 3326 dedecent,
778 3258 816 3313 tia
830 3258 1040 3314 administretur
1052 3268 1080 3313 et
1092 3257 1202 3314 animus
1213 3266 1310 3314 noster
1328 3265 1430 3312 natura
1440 3253 1556 3326 quidem

6 3355 65 3398 atam
79 3347 235 3403 olilciorum
246 3330 470 3403 observationem
483 3349 590 3422 ubique
601 3351 731 3422 reperiri.
778 3345 961 3414 immortalis,
983 3345 1032 3400 sed
1059 3357 1215 3419 spontaneo
1239 3345 1390 3398 voluntatis
1414 3352 1498 3398 motu
1517 3341 1554 3396 ad

7 3451 38 3486 eo
60 3445 144 3490 nutem
170 3437 347 3510 singularum
372 3437 510 3492 virtutum
528 3455 658 3494 mensura
683 3450 732 3497 est.
779 3432 911 3484 virtulem
925 3442 975 3486 aut
991 3433 1088 3486 vitium
1105 3449 1265 3506 propensus
1277 3431 1393 3502 sit,qui
1411 3426 1474 3484 ficri
1499 3446 1555 3498 po-

7 3533 42 3570 am
58 3521 76 3572 si
93 3532 218 3576 naturam
237 3533 362 3577 nostram
378 3533 512 3595 tunquam
525 3524 651 3596 regulam
668 3541 733 3597 spe-
780 3518 852 3591 tuit,
865 3528 898 3572 ut
910 3519 951 3574 illi
965 3520 1013 3591 qui
1026 3519 1094 3592 legis
1108 3519 1252 3572 edmerita
1263 3517 1413 3590 spectantis
1427 3514 1555 3578 custodes

6 3613 86 3674 arnus,
99 3609 127 3662 id
146 3609 225 3682 quod
250 3608 330 3662 decet
353 3610 383 3662 in
401 3609 531 3664 omnibus
558 3611 733 3678 invenimus,
779 3613 860 3672 sunt,
880 3605 962 3678 paria
980 3624 1039 3659 non
1059 3605 1175 3678 paribus
1196 3603 1347 3660 redderent
1366 3621 1399 3657 ac
1420 3619 1479 3660 nou
1493 3602 1557 3658 uni*

6 3691 116 3746 trundum
131 3706 238 3749 rectum
251 3696 389 3748 rationem
413 3703 513 3750 nostrae
533 3704 639 3749 naturae
660 3714 735 3750 con·
781 3692 882 3763 cuique
897 3694 1110 3748 convenientem
1125 3691 1267 3746 fortunam
1281 3691 1453 3756 tribuerent,
1470 3706 1554 3760 quam

6 3791 95 3834 uenter
107 3783 240 3842 virentes.
255 3781 401 3853 Quidquid
415 3783 487 3836 enim
502 3784 625 3836 animum
638 3784 735 3836 melio·
781 3779 880 3849 etipse
893 3778 980 3833 homo
993 3779 1020 3832 in
1035 3779 1110 3833 huuc
1122 3777 1259 3832 mundum
1269 3775 1450 3851 proficiscens
1461 3774 1556 3828 sortiri

6 3865 130 3920 mreddit
146 3867 396 3942 eumqueadritae
411 3867 613 3923 beatitudinem
628 3879 736 3924 naturae
782 3864 905 3922 dicitur?
932 3867 960 3921 si
985 3883 1052 3939 ergo
1074 3864 1282 3939 providentiam
1303 3879 1455 3937 cssc,quae
1475 3878 1555 3919 suum

6 3953 172 4008 invenientem
186 3955 298 4028 evehit,
313 3953 343 4008 id
358 3971 456 4009 revera
472 3955 560 4010 virtus
573 3966 614 4009 cst
627 3966 656 4009 et
670 3956 735 4028 phi·
782 3955 884 4026 cuique
892 3954 1005 4022 tribuit,
1018 3966 1045 4008 et
1061 3955 1186 4008 animum
1200 3966 1329 4014 nostrum
1341 3970 1399 4009 esse
1413 3953 1556 4016 immorta-

6 4036 99 4106 tsophiae
116 4039 158 4094 lex
182 4057 189 4097 :
215 4057 392 4112 quaecunque
417 4051 511 4095 eutem
536 4040 572 4096 cd
596 4043 737 4097 hominem
783 4043 922 4110 lem,non
937 4043 972 4095 sit
994 4041 1293 4110 fabule,manifcstum
1315 4051 1354 4096 est
1373 4057 1472 4094 eorum
1494 4055 1557 4110 quae

6 4119 59 4173 ilum
74 4122 259 4180 decorandum
274 4127 415 4199 pertinent
430 4127 542 4181 serviles
554 4129 738 4183 astutiusunt
781 4127 865 4182 nobis
884 4129 1001 4182 molesta
1022 4138 1087 4182 sunt
1107 4145 1202 4182 causas
1222 4127 1258 4182 ab
1281 4126 1507 4181 administratore
1521 4123 1557 4178 ad
1645 4157 1651 4168 ·

6 4207 92 4263 tinanis
102 4213 235 4267 virtutum
249 4214 355 4286 species
363 4253 372 4281 ,
387 4231 449 4285 que
464 4213 575 4270 laudem
589 4214 738 4288 apudvul-
782 4218 977 4288 nosmetipsos
990 4233 1049 4270 esse
1064 4213 1286 4282 transferendas,
1301 4212 1378 4272 unde
1393 4222 1420 4268 et
1438 4210 1558 4271 sanandi

6 4307 145 4350 usvenutur
157 4299 346 4370 atqueinlroc
362 4316 474 4353 ornnem
487 4301 569 4374 ponit
581 4317 693 4370 curam,
707 4310 739 4354 ut
783 4318 921 4355 aerumnas
949 4312 1056 4356 nostrus
1081 4299 1241 4357 facultatem
1265 4299 1404 4372 praebebit
1433 4313 1556 4352 carmen.

6 4380 40 4448 uis
58 4383 177 4438 videatur
194 4395 324 4452 tantum,
338 4401 397 4440 non
411 4397 444 4440 ut
456 4387 492 4440 sit
515 4387 619 4444 bonus.
646 4389 739 4460 Atque
783 4388 852 4440 Nom
866 4405 954 4460 quum
966 4389 996 4441 in
1008 4387 1090 4442 nobis
1109 4388 1175 4460 ipsis
1185 4395 1268 4440 tantae
1282 4385 1559 4457 inaequalitatis-cau·

7 4483 36 4519 σε
46 4470 147 4540 quidem
159 4473 193 4528 de
203 4474 248 4528 bis
258 4472 333 4528 dicta
343 4471 491 4528 sufficiunt.
505 4476 546 4528 Ex
560 4484 637 4529 recta
647 4484 739 4529 autem
784 4492 825 4528 sas
837 4474 1124 4549 deprehenderimus,
1140 4475 1263 4548 primum
1277 4484 1356 4528 recto
1366 4471 1476 4543 judicio
1487 4471 1559 4524 melu

6 4568 67 4607 erum
76 4559 293 4614 consideratione
301 4561 429 4633 sequitur
439 4562 654 4630 necessario,ut
666 4563 740 4617 circu
785 4579 846 4634 qnae
871 4563 955 4618 nobis
979 4563 1113 4618 accidunt
1136 4563 1241 4617 leviora
1264 4560 1434 4626 efficiemus,
1457 4557 1560 4613 deinde

6 4653 140 4715 tquoque,
155 4664 217 4718 quoe
226 4649 321 4702 invita
334 4647 522 4704 nulloordine
532 4649 666 4704 videntur
675 4668 741 4704 con·
784 4651 869 4704 sacris
878 4651 986 4705 artibus
998 4661 1030 4706 et
1037 4651 1120 4704 rectis
1129 4650 1243 4705 monitis
1252 4649 1376 4704 animum
1387 4645 1559 4718 corrigentes

6 4723 94 4798 lugere,
113 4750 169 4786 non
187 4733 394 4789 inconsiderate
411 4753 464 4790 nos
490 4754 633 4810 geramus,
647 4736 696 4791 sed
710 4748 742 4791 ut
786 4739 915 4792 aerumnis
929 4756 981 4792 nos
993 4755 1108 4811 prorsus
1121 4737 1313 4791 liberabimus.
1326 4733 1381 4789 Sed
1400 4732 1472 4786 mule
1494 4727 1560 4785 affe-

6 4812 68 4866 uobe
81 4825 106 4870 et
115 4819 234 4892 ingenue
248 4823 477 4877 commemoratis
494 4823 644 4878 consisilio
665 4825 742 4879 tole·
788 4835 865 4880 ctum
876 4844 928 4880 nec
938 4827 979 4880 rei
989 4841 1086 4880 causas
1095 4825 1199 4880 sentire
1211 4841 1263 4877 nec
1278 4821 1358 4876 dere
1373 4819 1474 4874 merito
1492 4833 1560 4872 eve-

6 4913 82 4970 tmus,
93 4905 147 4959 sine
154 4906 210 4962 ulla
220 4918 383 4963 curatorum
392 4920 554 4965 nostrorum
562 4913 743 4980 incusatione,
787 4915 883 4968 niente
904 4914 1044 4985 conjicere
1059 4913 1181 4966 hominis
1195 4920 1236 4966 est
1251 4911 1280 4964 in
1296 4909 1374 4964 omni
1390 4925 1424 4961 re
1435 4905 1559 4960 inconsi-

6 4984 33 5078 γνί
45 5005 92 5058 pro
105 4991 236 5065 dignitate
249 5013 330 5050 suurn
344 4998 448 5071 cuique
462 4999 615 5053 tribuentes
625 5017 742 5072 nonpa·
789 5001 883 5056 derate
916 5019 944 5056 se
977 5019 1075 5074 gerere
1096 4999 1189 5066 soliti,
1218 4995 1298 5071 quod
1326 5013 1401 5049 nunc
1427 4992 1562 5067 prohibet

6 5067 176 5146 tbuspraemtis
189 5099 301 5155 omues,
315 5103 437 5157 quorum
450 5084 545 5160 dispar
556 5085 744 5142 suitunteacta
788 5105 912 5144 carmen.
929 5090 976 5142 Est
984 5088 1057 5142 enim
1068 5103 1178 5141 necesse
1189 5103 1269 5151 euru,
1283 5082 1434 5155 quiveram
1450 5094 1562 5133 causam

6 5155 57 5227 '5¹³2
72 5162 170 5238 dignati
184 5179 257 5228 sunt.
275 5173 346 5228 Nam
357 5189 444 5246 quum
459 5174 742 5252 mundusprorideu-
789 5191 848 5232 nott
865 5184 1016 5242 scrutatur,
1039 5173 1151 5248 culpam
1173 5172 1202 5226 iu
1236 5169 1411 5242 superiorem
1432 5175 1563 5223 naturam
