<?xml version="1.0" encoding="UTF-8"?>
<!DOCTYPE html PUBLIC "-//W3C//DTD XHTML 1.0 Transitional//EN"
    "http://www.w3.org/TR/xhtml1/DTD/xhtml1-transitional.dtd">
<html xmlns="http://www.w3.org/1999/xhtml" xml:lang="en" lang="en">
 <head>
  <title>
</title>
<meta http-equiv="Content-Type" content="text/html;charset=utf-8" />
  <meta name='ocr-system' content='tesseract 3.04.00' />
  <meta name='ocr-capabilities' content='ocr_page ocr_carea ocr_par ocr_line ocrx_word'/>
</head>
<body>
  <div class='ocr_page' id='page_1' title='image "./fragmentaphilos03mullgoog/fragmentaphilos03mullgoog_0083.png"; bbox 0 0 3838 5926; ppageno 0'>
   <div class='ocr_carea' id='block_1_1' title="bbox 253 351 1206 428">
    <p class='ocr_par' dir='ltr' id='par_1_1' title="bbox 253 351 1206 428">
     <span class='ocr_line' id='line_1_1' title="bbox 253 351 1206 428; baseline 0.001 -12"><span class='ocrx_word' id='word_1_1' title='bbox 253 377 290 428; x_wconf 79' lang='lat' dir='ltr'>o</span> <span class='ocrx_word' id='word_1_2' title='bbox 898 351 1206 419; x_wconf 80' lang='lat' dir='ltr'>euuunnrsnrus</span> 
     </span>
    </p>
   </div>
   <div class='ocr_carea' id='block_1_2' title="bbox 179 482 1870 5179">
    <p class='ocr_par' dir='ltr' id='par_1_2' title="bbox 179 482 1857 2832">
     <span class='ocr_line' id='line_1_2' title="bbox 250 482 1847 569; baseline -0.007 -15"><span class='ocrx_word' id='word_1_3' title='bbox 250 501 321 554; x_wconf 74' lang='lat' dir='ltr'>Haec</span> <span class='ocrx_word' id='word_1_4' title='bbox 335 495 505 556; x_wconf 72' lang='lat' dir='ltr'><strong>Plutarchus</strong></span> <span class='ocrx_word' id='word_1_5' title='bbox 518 492 554 552; x_wconf 87' lang='lat' dir='ltr'>de</span> <span class='ocrx_word' id='word_1_6' title='bbox 577 492 660 551; x_wconf 80' lang='lat' dir='ltr'><strong>Facie</strong></span> <span class='ocrx_word' id='word_1_7' title='bbox 678 490 751 550; x_wconf 91' lang='lat' dir='ltr'>Lun.</span> <span class='ocrx_word' id='word_1_8' title='bbox 769 511 799 569; x_wconf 90' lang='lat' dir='ltr'>p.</span> <span class='ocrx_word' id='word_1_9' title='bbox 813 492 891 568; x_wconf 82' lang='lat'><strong>926,</strong></span> <span class='ocrx_word' id='word_1_10' title='bbox 906 490 967 546; x_wconf 78' lang='lat' dir='ltr'>vol.</span> <span class='ocrx_word' id='word_1_11' title='bbox 986 487 1050 569; x_wconf 61' lang='lat' dir='ltr'>lxq</span> <span class='ocrx_word' id='word_1_12' title='bbox 1110 487 1159 547; x_wconf 90' lang='lat' dir='ltr'>Vs.</span> <span class='ocrx_word' id='word_1_13' title='bbox 1187 487 1323 560; x_wconf 81' lang='lat'>175·176.</span> <span class='ocrx_word' id='word_1_14' title='bbox 1348 483 1429 552; x_wconf 83' lang='grc' dir='ltr'>οὓτως</span> <span class='ocrx_word' id='word_1_15' title='bbox 1450 482 1713 564; x_wconf 81' lang='grc' dir='ltr'>ἁρμονίης-γαίων]</span> <span class='ocrx_word' id='word_1_16' title='bbox 1732 497 1847 543; x_wconf 84' lang='lat' dir='ltr'>exstant</span> 
     </span>
     <span class='ocr_line' id='line_1_3' title="bbox 253 571 1845 662; baseline -0.007 -20"><span class='ocrx_word' id='word_1_17' title='bbox 253 604 284 662; x_wconf 85' lang='lat' dir='ltr'>p.</span> <span class='ocrx_word' id='word_1_18' title='bbox 296 585 353 642; x_wconf 79' lang='lat'>663</span> <span class='ocrx_word' id='word_1_19' title='bbox 368 582 465 644; x_wconf 85' lang='lat' dir='ltr'>laudat</span> <span class='ocrx_word' id='word_1_20' title='bbox 477 582 512 640; x_wconf 86' lang='lat' dir='ltr'>ad</span> <span class='ocrx_word' id='word_1_21' title='bbox 526 579 686 656; x_wconf 73' lang='lat' dir='ltr'>Discordice</span> <span class='ocrx_word' id='word_1_22' title='bbox 697 597 817 654; x_wconf 83' lang='lat' dir='ltr'>regnum</span> <span class='ocrx_word' id='word_1_23' title='bbox 833 577 969 638; x_wconf 82' lang='lat' dir='ltr'>referens.</span> <span class='ocrx_word' id='word_1_24' title='bbox 981 575 1027 633; x_wconf 87' lang='lat' dir='ltr'>Sic</span> <span class='ocrx_word' id='word_1_25' title='bbox 1072 575 1148 652; x_wconf 87' lang='lat' dir='ltr'>apud</span> <span class='ocrx_word' id='word_1_26' title='bbox 1169 575 1352 653; x_wconf 81' lang='lat' dir='ltr'>Simplicium</span> <span class='ocrx_word' id='word_1_27' title='bbox 1376 573 1467 652; x_wconf 84' lang='lat' dir='ltr'>Phys.</span> <span class='ocrx_word' id='word_1_28' title='bbox 1495 571 1575 644; x_wconf 87' lang='lat' dir='ltr'>vttt,</span> <span class='ocrx_word' id='word_1_29' title='bbox 1602 572 1624 630; x_wconf 85' lang='lat' dir='ltr'>l.</span> <span class='ocrx_word' id='word_1_30' title='bbox 1647 573 1740 645; x_wconf 70' lang='lat' dir='ltr'>apah</span> <span class='ocrx_word' id='word_1_31' title='bbox 1765 572 1845 644; x_wconf 86' lang='lat' dir='ltr'>(vid.</span> 
     </span>
     <span class='ocr_line' id='line_1_4' title="bbox 252 661 1848 744; baseline -0.007 -14"><span class='ocrx_word' id='word_1_32' title='bbox 252 683 346 730; x_wconf 87' lang='lat' dir='ltr'>sutem</span> <span class='ocrx_word' id='word_1_33' title='bbox 361 670 420 728; x_wconf 83' lang='lat' dir='ltr'>ait:</span> <span class='ocrx_word' id='word_1_34' title='bbox 437 667 530 727; x_wconf 75' lang='grc' dir='ltr'>σκόπει</span> <span class='ocrx_word' id='word_1_35' title='bbox 544 665 581 744; x_wconf 81' lang='grc' dir='ltr'>μὴ</span> <span class='ocrx_word' id='word_1_36' title='bbox 593 664 769 742; x_wconf 81' lang='grc' dir='ltr'>μεθιστδςκαί</span> <span class='ocrx_word' id='word_1_37' title='bbox 782 664 891 741; x_wconf 84' lang='grc' dir='ltr'>οίποίγνιν</span> <span class='ocrx_word' id='word_1_38' title='bbox 907 661 1026 735; x_wconf 79' lang='grc' dir='ltr'>ίκοστον,</span> <span class='ocrx_word' id='word_1_39' title='bbox 1072 681 1158 740; x_wconf 75' lang='grc' dir='ltr'>ευριπ</span> <span class='ocrx_word' id='word_1_40' title='bbox 1171 663 1207 722; x_wconf 87' lang='lat' dir='ltr'>ad</span> <span class='ocrx_word' id='word_1_41' title='bbox 1221 682 1265 723; x_wconf 83' lang='grc' dir='ltr'>νε.</span> <span class='ocrx_word' id='word_1_42' title='bbox 1290 663 1362 738; x_wconf 72' lang='grc'>169)</span> <span class='ocrx_word' id='word_1_43' title='bbox 1378 675 1407 720; x_wconf 90' lang='lat' dir='ltr'>et</span> <span class='ocrx_word' id='word_1_44' title='bbox 1424 661 1502 740; x_wconf 87' lang='lat' dir='ltr'>apud</span> <span class='ocrx_word' id='word_1_45' title='bbox 1516 661 1677 738; x_wconf 78' lang='lat' dir='ltr'>Peyronum</span> <span class='ocrx_word' id='word_1_46' title='bbox 1696 682 1725 740; x_wconf 89' lang='lat' dir='ltr'>p.</span> <span class='ocrx_word' id='word_1_47' title='bbox 1742 661 1790 720; x_wconf 76' lang='lat'>52.</span> <span class='ocrx_word' id='word_1_48' title='bbox 1815 661 1848 719; x_wconf 92' lang='lat' dir='ltr'>ln</span> 
     </span>
     <span class='ocr_line' id='line_1_5' title="bbox 250 745 1846 836; baseline -0.006 -19"><span class='ocrx_word' id='word_1_49' title='bbox 250 755 316 817; x_wconf 77' lang='grc' dir='ltr'>ὅπου</span> <span class='ocrx_word' id='word_1_50' title='bbox 327 755 439 836; x_wconf 74' lang='grc' dir='ltr'>πέφυκεν</span> <span class='ocrx_word' id='word_1_51' title='bbox 457 745 539 827; x_wconf 73' lang='grc' dir='ltr'>εἶναι,</span> <span class='ocrx_word' id='word_1_52' title='bbox 556 753 672 812; x_wconf 84' lang='grc' dir='ltr'>διάλυσίν</span> <span class='ocrx_word' id='word_1_53' title='bbox 695 774 753 810; x_wconf 85' lang='grc' dir='ltr'>τινα</span> <span class='ocrx_word' id='word_1_54' title='bbox 772 749 872 826; x_wconf 85' lang='grc' dir='ltr'>κόσμου</span> <span class='ocrx_word' id='word_1_55' title='bbox 887 751 1028 829; x_wconf 74' lang='grc' dir='ltr'>φιλοσοφῇς</span> <span class='ocrx_word' id='word_1_56' title='bbox 1072 751 1179 808; x_wconf 84' lang='lat' dir='ltr'>Aldino</span> <span class='ocrx_word' id='word_1_57' title='bbox 1203 751 1336 829; x_wconf 84' lang='lat' dir='ltr'>exemplo</span> <span class='ocrx_word' id='word_1_58' title='bbox 1358 751 1465 826; x_wconf 86' lang='lat' dir='ltr'>legitur</span> <span class='ocrx_word' id='word_1_59' title='bbox 1484 751 1585 827; x_wconf 77' lang='grc' dir='ltr'>πυκινῷ</span> <span class='ocrx_word' id='word_1_60' title='bbox 1605 746 1707 827; x_wconf 68' lang='lat' dir='ltr'>spelpes,</span> <span class='ocrx_word' id='word_1_61' title='bbox 1734 749 1766 805; x_wconf 93' lang='lat' dir='ltr'>in</span> <span class='ocrx_word' id='word_1_62' title='bbox 1781 748 1846 807; x_wconf 90' lang='lat' dir='ltr'>cod.</span> 
     </span>
     <span class='ocr_line' id='line_1_6' title="bbox 251 834 1849 920; baseline -0.006 -16"><span class='ocrx_word' id='word_1_63' title='bbox 251 849 296 904; x_wconf 79' lang='grc' dir='ltr'>καί</span> <span class='ocrx_word' id='word_1_64' title='bbox 318 845 348 904; x_wconf 87' lang='grc' dir='ltr'>τδ</span> <span class='ocrx_word' id='word_1_65' title='bbox 366 852 450 910; x_wconf 86' lang='grc' dir='ltr'>νεῖκος</span> <span class='ocrx_word' id='word_1_66' title='bbox 470 842 586 920; x_wconf 81' lang='grc' dir='ltr'>μετάγῃς</span> <span class='ocrx_word' id='word_1_67' title='bbox 607 839 638 900; x_wconf 87' lang='grc' dir='ltr'>τδ</span> <span class='ocrx_word' id='word_1_68' title='bbox 656 837 863 917; x_wconf 72' lang='grc' dir='ltr'>Ἐμπεδοκλέους</span> <span class='ocrx_word' id='word_1_69' title='bbox 882 837 936 902; x_wconf 83' lang='grc' dir='ltr'>τοῖς</span> <span class='ocrx_word' id='word_1_70' title='bbox 958 837 1027 914; x_wconf 87' lang='grc' dir='ltr'>προί-</span> <span class='ocrx_word' id='word_1_71' title='bbox 1071 837 1246 896; x_wconf 81' lang='lat' dir='ltr'>&#39;Pouriuensi</span> <span class='ocrx_word' id='word_1_72' title='bbox 1267 839 1368 916; x_wconf 78' lang='grc' dir='ltr'>πυκινῷ</span> <span class='ocrx_word' id='word_1_73' title='bbox 1381 834 1578 914; x_wconf 73' lang='grc' dir='ltr'>κρυρῷ,συ]”οο</span> <span class='ocrx_word' id='word_1_74' title='bbox 1595 835 1662 893; x_wconf 90' lang='lat' dir='ltr'>loeo</span> <span class='ocrx_word' id='word_1_75' title='bbox 1676 834 1849 894; x_wconf 82' lang='lat' dir='ltr'>Karsteuius</span> 
     </span>
     <span class='ocr_line' id='line_1_7' title="bbox 251 921 1849 1009; baseline -0.007 -19"><span class='ocrx_word' id='word_1_76' title='bbox 251 929 480 1009; x_wconf 66' lang='grc' dir='ltr'>γρεατ-καλιὴν</span> <span class='ocrx_word' id='word_1_77' title='bbox 492 929 602 1006; x_wconf 79' lang='grc' dir='ltr'>μυθικὴν</span> <span class='ocrx_word' id='word_1_78' title='bbox 612 926 712 1000; x_wconf 85' lang='grc' dir='ltr'>ίκείνην</span> <span class='ocrx_word' id='word_1_79' title='bbox 722 924 885 1006; x_wconf 77' lang='grc' dir='ltr'>καίροὸερὰν</span> <span class='ocrx_word' id='word_1_80' title='bbox 894 921 1024 998; x_wconf 80' lang='grc' dir='ltr'>ἀκοσμίαν</span> <span class='ocrx_word' id='word_1_81' title='bbox 1073 924 1287 1004; x_wconf 79' lang='grc' dir='ltr'>ποκινῷκρύρῳ</span> <span class='ocrx_word' id='word_1_82' title='bbox 1308 925 1410 984; x_wconf 81' lang='lat' dir='ltr'>edidit.</span> <span class='ocrx_word' id='word_1_83' title='bbox 1435 923 1610 999; x_wconf 87' lang='lat' dir='ltr'>llujusmodi</span> <span class='ocrx_word' id='word_1_84' title='bbox 1627 923 1737 980; x_wconf 93' lang='lat' dir='ltr'>locutio</span> <span class='ocrx_word' id='word_1_85' title='bbox 1757 943 1849 998; x_wconf 90' lang='lat' dir='ltr'>quum</span> 
     </span>
     <span class='ocr_line' id='line_1_8' title="bbox 251 1008 1850 1094; baseline -0.005 -18"><span class='ocrx_word' id='word_1_86' title='bbox 251 1019 295 1078; x_wconf 79' lang='grc' dir='ltr'>καί</span> <span class='ocrx_word' id='word_1_87' title='bbox 310 1015 492 1094; x_wconf 82' lang='grc' dir='ltr'>πλημμελιιαν</span> <span class='ocrx_word' id='word_1_88' title='bbox 509 1016 607 1074; x_wconf 77' lang='grc' dir='ltr'>ἐπιδεῖν</span> <span class='ocrx_word' id='word_1_89' title='bbox 628 1017 723 1092; x_wconf 82' lang='grc' dir='ltr'>ποθῇς,</span> <span class='ocrx_word' id='word_1_90' title='bbox 742 1011 822 1092; x_wconf 78' lang='grc' dir='ltr'>χειρίς</span> <span class='ocrx_word' id='word_1_91' title='bbox 841 1011 872 1070; x_wconf 83' lang='grc' dir='ltr'>τὸ</span> <span class='ocrx_word' id='word_1_92' title='bbox 891 1008 957 1089; x_wconf 78' lang='grc' dir='ltr'>βαρὺ</span> <span class='ocrx_word' id='word_1_93' title='bbox 975 1017 1026 1066; x_wconf 73' lang='grc' dir='ltr'>πᾶν</span> <span class='ocrx_word' id='word_1_94' title='bbox 1073 1011 1142 1070; x_wconf 86' lang='lat' dir='ltr'>lerri</span> <span class='ocrx_word' id='word_1_95' title='bbox 1157 1026 1289 1089; x_wconf 82' lang='lat' dir='ltr'>nequeat,</span> <span class='ocrx_word' id='word_1_96' title='bbox 1304 1013 1368 1090; x_wconf 83' lang='lat' dir='ltr'>ipse</span> <span class='ocrx_word' id='word_1_97' title='bbox 1388 1011 1504 1088; x_wconf 85' lang='lat' dir='ltr'>quidem</span> <span class='ocrx_word' id='word_1_98' title='bbox 1518 1023 1630 1088; x_wconf 84' lang='lat' dir='ltr'>poetam</span> <span class='ocrx_word' id='word_1_99' title='bbox 1643 1029 1778 1068; x_wconf 86' lang='lat' dir='ltr'>exarasse</span> <span class='ocrx_word' id='word_1_100' title='bbox 1799 1031 1850 1069; x_wconf 86' lang='lat' dir='ltr'>su-</span> 
     </span>
     <span class='ocr_line' id='line_1_9' title="bbox 252 1096 1849 1185; baseline 0.009 -22"><span class='ocrx_word' id='word_1_101' title='bbox 252 1106 298 1164; x_wconf 79' lang='grc' dir='ltr'>καλ</span> <span class='ocrx_word' id='word_1_102' title='bbox 320 1104 401 1185; x_wconf 80' lang='grc' dir='ltr'>χειρίς</span> <span class='ocrx_word' id='word_1_103' title='bbox 419 1101 450 1162; x_wconf 88' lang='grc' dir='ltr'>τδ</span> <span class='ocrx_word' id='word_1_104' title='bbox 471 1107 566 1182; x_wconf 76' lang='grc' dir='ltr'>κοῦφον</span> <span class='ocrx_word' id='word_1_105' title='bbox 583 1099 657 1161; x_wconf 84' lang='grc' dir='ltr'>Ἔνθ’</span> <span class='ocrx_word' id='word_1_106' title='bbox 685 1097 738 1160; x_wconf 79' lang='grc' dir='ltr'>οὔτ’</span> <span class='ocrx_word' id='word_1_107' title='bbox 763 1097 862 1168; x_wconf 78' lang='grc' dir='ltr'>ἠελίοιο</span> <span class='ocrx_word' id='word_1_108' title='bbox 884 1096 1027 1155; x_wconf 77' lang='grc' dir='ltr'>δεδίττεται</span> <span class='ocrx_word' id='word_1_109' title='bbox 1073 1096 1762 1180; x_wconf 58' lang='lat' dir='ltr'>spicatusesthwffe&#39;tiilil&#39;“il&#39;m‘lvelmwil</span> <span class='ocrx_word' id='word_1_110' title='bbox 1776 1101 1849 1180; x_wconf 57' lang='grc' dir='ltr'>φρενί</span> 
     </span>
     <span class='ocr_line' id='line_1_10' title="bbox 253 1181 1852 1270; baseline -0.005 -19"><span class='ocrx_word' id='word_1_111' title='bbox 253 1191 351 1270; x_wconf 79' lang='grc' dir='ltr'>ἀγλαὸν</span> <span class='ocrx_word' id='word_1_112' title='bbox 362 1182 426 1256; x_wconf 86' lang='grc' dir='ltr'>είδος</span> <span class='ocrx_word' id='word_1_113' title='bbox 440 1190 509 1249; x_wconf 74' lang='grc' dir='ltr'>Οὐδὲ</span> <span class='ocrx_word' id='word_1_114' title='bbox 524 1187 572 1264; x_wconf 76' lang='grc' dir='ltr'>μὲν</span> <span class='ocrx_word' id='word_1_115' title='bbox 585 1188 638 1247; x_wconf 81' lang='grc' dir='ltr'>οὐδ’</span> <span class='ocrx_word' id='word_1_116' title='bbox 649 1185 708 1258; x_wconf 81' lang='grc' dir='ltr'>αίης</span> <span class='ocrx_word' id='word_1_117' title='bbox 722 1184 812 1245; x_wconf 77' lang='grc' dir='ltr'>λάσιον</span> <span class='ocrx_word' id='word_1_118' title='bbox 826 1185 899 1263; x_wconf 79' lang='grc' dir='ltr'>γένος</span> <span class='ocrx_word' id='word_1_119' title='bbox 912 1181 969 1242; x_wconf 79' lang='grc' dir='ltr'>οὐδὲ</span> <span class='ocrx_word' id='word_1_120' title='bbox 980 1182 1028 1240; x_wconf 83' lang='grc' dir='ltr'>δοί-</span> <span class='ocrx_word' id='word_1_121' title='bbox 1072 1183 1240 1266; x_wconf 69' lang='lat' dir='ltr'>lor-dpereat,</span> <span class='ocrx_word' id='word_1_122' title='bbox 1255 1187 1304 1245; x_wconf 89' lang='lat' dir='ltr'>sed</span> <span class='ocrx_word' id='word_1_123' title='bbox 1316 1199 1433 1266; x_wconf 84' lang='lat' dir='ltr'>praestat</span> <span class='ocrx_word' id='word_1_124' title='bbox 1448 1186 1551 1244; x_wconf 88' lang='lat' dir='ltr'>Steinii</span> <span class='ocrx_word' id='word_1_125' title='bbox 1563 1185 1728 1262; x_wconf 68' lang='lat' dir='ltr'>conjectura</span> <span class='ocrx_word' id='word_1_126' title='bbox 1746 1193 1852 1266; x_wconf 77' lang='grc' dir='ltr'>πυκινῷ</span> 
     </span>
     <span class='ocr_line' id='line_1_11' title="bbox 252 1271 1853 1357; baseline -0.004 -18"><span class='ocrx_word' id='word_1_127' title='bbox 252 1281 358 1355; x_wconf 87' lang='grc' dir='ltr'>λασσα,</span> <span class='ocrx_word' id='word_1_128' title='bbox 371 1276 406 1344; x_wconf 75' lang='grc' dir='ltr'>ὥς</span> <span class='ocrx_word' id='word_1_129' title='bbox 415 1298 492 1357; x_wconf 74' lang='grc' dir='ltr'>φησιν</span> <span class='ocrx_word' id='word_1_130' title='bbox 507 1274 705 1350; x_wconf 77' lang='grc' dir='ltr'>Ἐμπεδοκλῆς,</span> <span class='ocrx_word' id='word_1_131' title='bbox 716 1274 745 1332; x_wconf 81' lang='grc' dir='ltr'>οὗ</span> <span class='ocrx_word' id='word_1_132' title='bbox 760 1276 795 1352; x_wconf 78' lang='grc' dir='ltr'>γῆ</span> <span class='ocrx_word' id='word_1_133' title='bbox 806 1271 964 1350; x_wconf 68' lang='grc' dir='ltr'>θερμότητος</span> <span class='ocrx_word' id='word_1_134' title='bbox 979 1293 1027 1347; x_wconf 83' lang='grc' dir='ltr'>με·</span> <span class='ocrx_word' id='word_1_135' title='bbox 1072 1273 1144 1334; x_wconf 83' lang='grc' dir='ltr'>κύτει</span> <span class='ocrx_word' id='word_1_136' title='bbox 1158 1274 1309 1352; x_wconf 69' lang='grc' dir='ltr'>ἐστήρικται</span> <span class='ocrx_word' id='word_1_137' title='bbox 1321 1293 1406 1352; x_wconf 86' lang='lat' dir='ltr'>quam</span> <span class='ocrx_word' id='word_1_138' title='bbox 1415 1272 1538 1332; x_wconf 91' lang='lat' dir='ltr'>carmini</span> <span class='ocrx_word' id='word_1_139' title='bbox 1548 1272 1670 1330; x_wconf 89' lang='lat' dir='ltr'>inserui.</span> <span class='ocrx_word' id='word_1_140' title='bbox 1687 1273 1853 1350; x_wconf 82' lang='lat' dir='ltr'>Hesychius</span> 
     </span>
     <span class='ocr_line' id='line_1_12' title="bbox 253 1357 1850 1446; baseline -0.002 -25"><span class='ocrx_word' id='word_1_141' title='bbox 253 1367 354 1446; x_wconf 86' lang='grc' dir='ltr'>τεῖχεν,</span> <span class='ocrx_word' id='word_1_142' title='bbox 365 1367 415 1444; x_wconf 83' lang='grc' dir='ltr'>οὐχ</span> <span class='ocrx_word' id='word_1_143' title='bbox 432 1362 500 1442; x_wconf 73' lang='grc' dir='ltr'>ὕδωρ</span> <span class='ocrx_word' id='word_1_144' title='bbox 512 1361 676 1437; x_wconf 84' lang='grc' dir='ltr'>πνεύματος,</span> <span class='ocrx_word' id='word_1_145' title='bbox 693 1359 805 1418; x_wconf 84' lang='grc' dir='ltr'>οὐκοίνω</span> <span class='ocrx_word' id='word_1_146' title='bbox 818 1381 843 1416; x_wconf 89' lang='grc' dir='ltr'>τι</span> <span class='ocrx_word' id='word_1_147' title='bbox 856 1361 909 1415; x_wconf 79' lang='grc' dir='ltr'>τῶν</span> <span class='ocrx_word' id='word_1_148' title='bbox 926 1357 1028 1437; x_wconf 73' lang='grc' dir='ltr'>βαρέων</span> <span class='ocrx_word' id='word_1_149' title='bbox 1072 1358 1147 1427; x_wconf 83' lang='grc' dir='ltr'>κύτος</span> <span class='ocrx_word' id='word_1_150' title='bbox 1169 1363 1290 1439; x_wconf 84' lang='lat' dir='ltr'>exponit</span> <span class='ocrx_word' id='word_1_151' title='bbox 1314 1363 1402 1438; x_wconf 83' lang='grc' dir='ltr'>σῶμα,</span> <span class='ocrx_word' id='word_1_152' title='bbox 1426 1359 1511 1437; x_wconf 83' lang='grc' dir='ltr'>ὄγκος.</span> <span class='ocrx_word' id='word_1_153' title='bbox 1535 1357 1642 1416; x_wconf 78' lang='lat' dir='ltr'>Sensus</span> <span class='ocrx_word' id='word_1_154' title='bbox 1667 1358 1758 1433; x_wconf 84' lang='lat' dir='ltr'>igitur</span> <span class='ocrx_word' id='word_1_155' title='bbox 1779 1376 1825 1418; x_wconf 86' lang='lat' dir='ltr'>est</span> <span class='ocrx_word' id='word_1_156' title='bbox 1843 1385 1850 1418; x_wconf 88' lang='lat'>:</span> 
     </span>
     <span class='ocr_line' id='line_1_13' title="bbox 252 1443 1853 1526; baseline -0.004 -15"><span class='ocrx_word' id='word_1_157' title='bbox 252 1453 283 1512; x_wconf 84' lang='grc' dir='ltr'>οὗ</span> <span class='ocrx_word' id='word_1_158' title='bbox 302 1451 375 1510; x_wconf 88' lang='grc' dir='ltr'>κοίτω</span> <span class='ocrx_word' id='word_1_159' title='bbox 395 1475 420 1509; x_wconf 90' lang='grc' dir='ltr'>τι</span> <span class='ocrx_word' id='word_1_160' title='bbox 434 1455 484 1508; x_wconf 81' lang='grc' dir='ltr'>τῶν</span> <span class='ocrx_word' id='word_1_161' title='bbox 499 1447 613 1526; x_wconf 69' lang='grc' dir='ltr'>κούριον,</span> <span class='ocrx_word' id='word_1_162' title='bbox 638 1445 695 1503; x_wconf 80' lang='grc' dir='ltr'>ἀλλ’</span> <span class='ocrx_word' id='word_1_163' title='bbox 717 1443 826 1524; x_wconf 79' lang='grc' dir='ltr'>ἄκρατοι</span> <span class='ocrx_word' id='word_1_164' title='bbox 840 1443 885 1502; x_wconf 81' lang='grc' dir='ltr'>καί</span> <span class='ocrx_word' id='word_1_165' title='bbox 906 1446 1027 1522; x_wconf 73' lang='grc' dir='ltr'>ἄστοργοι</span> <span class='ocrx_word' id='word_1_166' title='bbox 1071 1452 1306 1506; x_wconf 76' lang='grc' dir='ltr'>σι’σπεσειεᾰεπεα</span> <span class='ocrx_word' id='word_1_167' title='bbox 1316 1452 1388 1506; x_wconf 86' lang='lat' dir='ltr'>mole</span> <span class='ocrx_word' id='word_1_168' title='bbox 1396 1453 1558 1504; x_wconf 80' lang='lat' dir='ltr'>continetur.</span> <span class='ocrx_word' id='word_1_169' title='bbox 1569 1445 1689 1504; x_wconf 81' lang='lat' dir='ltr'>Versum</span> <span class='ocrx_word' id='word_1_170' title='bbox 1705 1450 1853 1524; x_wconf 87' lang='lat' dir='ltr'>posterio-</span> 
     </span>
     <span class='ocr_line' id='line_1_14' title="bbox 254 1530 1851 1613; baseline -0.009 -7"><span class='ocrx_word' id='word_1_171' title='bbox 254 1539 300 1598; x_wconf 69' lang='lat' dir='ltr'>zoi</span> <span class='ocrx_word' id='word_1_172' title='bbox 315 1539 424 1612; x_wconf 70' lang='grc' dir='ltr'>μονάδες</span> <span class='ocrx_word' id='word_1_173' title='bbox 438 1539 465 1596; x_wconf 73' lang='grc' dir='ltr'>αἱ</span> <span class='ocrx_word' id='word_1_174' title='bbox 475 1539 526 1594; x_wconf 76' lang='grc' dir='ltr'>τῶν</span> <span class='ocrx_word' id='word_1_175' title='bbox 541 1535 608 1593; x_wconf 73' lang='grc' dir='ltr'>ὅλων</span> <span class='ocrx_word' id='word_1_176' title='bbox 624 1531 718 1612; x_wconf 64' lang='lat' dir='ltr'>Ami,</span> <span class='ocrx_word' id='word_1_177' title='bbox 737 1531 774 1608; x_wconf 82' lang='grc' dir='ltr'>μὴ</span> <span class='ocrx_word' id='word_1_178' title='bbox 787 1531 956 1608; x_wconf 67' lang='grc' dir='ltr'>προσιέμεναι</span> <span class='ocrx_word' id='word_1_179' title='bbox 966 1530 1028 1607; x_wconf 83' lang='grc' dir='ltr'>σύγ·</span> <span class='ocrx_word' id='word_1_180' title='bbox 1074 1553 1133 1592; x_wconf 89' lang='lat' dir='ltr'>rem</span> <span class='ocrx_word' id='word_1_181' title='bbox 1149 1536 1216 1593; x_wconf 89' lang='lat' dir='ltr'>citat</span> <span class='ocrx_word' id='word_1_182' title='bbox 1232 1535 1399 1613; x_wconf 80' lang='lat' dir='ltr'>Simplicius</span> <span class='ocrx_word' id='word_1_183' title='bbox 1413 1535 1449 1592; x_wconf 91' lang='lat' dir='ltr'>de</span> <span class='ocrx_word' id='word_1_184' title='bbox 1465 1533 1537 1591; x_wconf 87' lang='lat' dir='ltr'>Coel.</span> <span class='ocrx_word' id='word_1_185' title='bbox 1557 1532 1577 1591; x_wconf 91' lang='lat' dir='ltr'>s.</span> <span class='ocrx_word' id='word_1_186' title='bbox 1597 1534 1651 1599; x_wconf 70' lang='lat'>145</span> <span class='ocrx_word' id='word_1_187' title='bbox 1668 1537 1689 1590; x_wconf 88' lang='lat' dir='ltr'>B</span> <span class='ocrx_word' id='word_1_188' title='bbox 1708 1534 1755 1592; x_wconf 90' lang='lat' dir='ltr'>ed.</span> <span class='ocrx_word' id='word_1_189' title='bbox 1771 1537 1851 1606; x_wconf 84' lang='lat' dir='ltr'>Ald.;</span> 
     </span>
     <span class='ocr_line' id='line_1_15' title="bbox 256 1617 1851 1704; baseline -0.003 -20"><span class='ocrx_word' id='word_1_190' title='bbox 256 1623 521 1704; x_wconf 76' lang='grc' dir='ltr'>κρισινέτέρουπρδς</span> <span class='ocrx_word' id='word_1_191' title='bbox 540 1617 705 1700; x_wconf 77' lang='grc' dir='ltr'>ἕτερονμηδδ</span> <span class='ocrx_word' id='word_1_192' title='bbox 723 1617 872 1688; x_wconf 84' lang='grc' dir='ltr'>κοινωνίαν,</span> <span class='ocrx_word' id='word_1_193' title='bbox 888 1617 1028 1698; x_wconf 77' lang='grc' dir='ltr'>δλλδρεύ-</span> <span class='ocrx_word' id='word_1_194' title='bbox 1073 1640 1119 1698; x_wconf 90' lang='lat' dir='ltr'>ap.</span> <span class='ocrx_word' id='word_1_195' title='bbox 1144 1621 1269 1698; x_wconf 83' lang='lat' dir='ltr'>Peyron.</span> <span class='ocrx_word' id='word_1_196' title='bbox 1293 1643 1324 1700; x_wconf 87' lang='lat' dir='ltr'>p.</span> <span class='ocrx_word' id='word_1_197' title='bbox 1351 1631 1406 1694; x_wconf 68' lang='lat'>473</span> <span class='ocrx_word' id='word_1_198' title='bbox 1434 1621 1600 1679; x_wconf 74' lang='lat' dir='ltr'>Antoninus</span> <span class='ocrx_word' id='word_1_199' title='bbox 1620 1620 1696 1680; x_wconf 89' lang='lat' dir='ltr'>Phil.</span> <span class='ocrx_word' id='word_1_200' title='bbox 1722 1620 1792 1692; x_wconf 87' lang='lat' dir='ltr'>Xll,</span> <span class='ocrx_word' id='word_1_201' title='bbox 1816 1627 1851 1692; x_wconf 82' lang='lat'>3;</span> 
     </span>
     <span class='ocr_line' id='line_1_16' title="bbox 253 1705 1854 1791; baseline -0.002 -20"><span class='ocrx_word' id='word_1_202' title='bbox 253 1735 347 1791; x_wconf 86' lang='grc' dir='ltr'>γουσαι</span> <span class='ocrx_word' id='word_1_203' title='bbox 367 1711 412 1771; x_wconf 82' lang='grc' dir='ltr'>καί</span> <span class='ocrx_word' id='word_1_204' title='bbox 424 1707 650 1790; x_wconf 71' lang='grc' dir='ltr'>ἀποστρεφόμεναι</span> <span class='ocrx_word' id='word_1_205' title='bbox 670 1709 729 1765; x_wconf 89' lang='grc' dir='ltr'>κτλ.</span> <span class='ocrx_word' id='word_1_206' title='bbox 745 1706 889 1764; x_wconf 86' lang='lat' dir='ltr'>Praeterea</span> <span class='ocrx_word' id='word_1_207' title='bbox 908 1705 1030 1763; x_wconf 78' lang='lat' dir='ltr'>Procius</span> <span class='ocrx_word' id='word_1_208' title='bbox 1075 1708 1201 1770; x_wconf 85' lang='lat' dir='ltr'>Achilles</span> <span class='ocrx_word' id='word_1_209' title='bbox 1214 1710 1317 1768; x_wconf 85' lang='lat' dir='ltr'>Tatius</span> <span class='ocrx_word' id='word_1_210' title='bbox 1328 1711 1359 1768; x_wconf 94' lang='lat' dir='ltr'>in</span> <span class='ocrx_word' id='word_1_211' title='bbox 1373 1711 1452 1766; x_wconf 86' lang='lat' dir='ltr'>Arat.</span> <span class='ocrx_word' id='word_1_212' title='bbox 1465 1729 1496 1785; x_wconf 92' lang='lat' dir='ltr'>p.</span> <span class='ocrx_word' id='word_1_213' title='bbox 1516 1728 1551 1781; x_wconf 87' lang='lat'>77</span> <span class='ocrx_word' id='word_1_214' title='bbox 1568 1708 1658 1767; x_wconf 83' lang='lat' dir='ltr'>Antv.</span> <span class='ocrx_word' id='word_1_215' title='bbox 1675 1708 1854 1768; x_wconf 76' lang='lat' dir='ltr'>scholiastes</span> 
     </span>
     <span class='ocr_line' id='line_1_17' title="bbox 254 1790 1854 1876; baseline -0.002 -18"><span class='ocrx_word' id='word_1_216' title='bbox 254 1801 286 1858; x_wconf 92' lang='lat' dir='ltr'>in</span> <span class='ocrx_word' id='word_1_217' title='bbox 302 1797 434 1860; x_wconf 88' lang='lat' dir='ltr'>Parm.V</span> <span class='ocrx_word' id='word_1_218' title='bbox 455 1818 485 1873; x_wconf 94' lang='lat' dir='ltr'>p.</span> <span class='ocrx_word' id='word_1_219' title='bbox 501 1797 538 1854; x_wconf 77' lang='lat'>83</span> <span class='ocrx_word' id='word_1_220' title='bbox 555 1793 585 1853; x_wconf 85' lang='grc' dir='ltr'>τὸ</span> <span class='ocrx_word' id='word_1_221' title='bbox 601 1792 806 1870; x_wconf 79' lang='grc' dir='ltr'>Ἐμπεδόκλειον</span> <span class='ocrx_word' id='word_1_222' title='bbox 826 1799 906 1857; x_wconf 87' lang='grc' dir='ltr'>νεῖκος</span> <span class='ocrx_word' id='word_1_223' title='bbox 923 1790 968 1850; x_wconf 81' lang='grc' dir='ltr'>καί</span> <span class='ocrx_word' id='word_1_224' title='bbox 985 1791 1029 1850; x_wconf 79' lang='grc' dir='ltr'>τὸν</span> <span class='ocrx_word' id='word_1_225' title='bbox 1073 1797 1153 1854; x_wconf 87' lang='lat' dir='ltr'>Arati</span> <span class='ocrx_word' id='word_1_226' title='bbox 1164 1797 1234 1857; x_wconf 85' lang='lat' dir='ltr'>ibid.</span> <span class='ocrx_word' id='word_1_227' title='bbox 1244 1819 1275 1876; x_wconf 93' lang='lat' dir='ltr'>p.</span> <span class='ocrx_word' id='word_1_228' title='bbox 1287 1800 1335 1875; x_wconf 83' lang='lat'>96.</span> <span class='ocrx_word' id='word_1_229' title='bbox 1350 1795 1459 1854; x_wconf 89' lang='lat' dir='ltr'>Ultima</span> <span class='ocrx_word' id='word_1_230' title='bbox 1467 1795 1556 1854; x_wconf 90' lang='lat' dir='ltr'>verba</span> <span class='ocrx_word' id='word_1_231' title='bbox 1566 1794 1644 1872; x_wconf 81' lang='grc' dir='ltr'>μονίῃ</span> <span class='ocrx_word' id='word_1_232' title='bbox 1654 1797 1712 1853; x_wconf 85' lang='grc' dir='ltr'>κτλ.</span> <span class='ocrx_word' id='word_1_233' title='bbox 1725 1795 1854 1856; x_wconf 86' lang='lat' dir='ltr'>Proclus</span> 
     </span>
     <span class='ocr_line' id='line_1_18' title="bbox 253 1879 1853 1965; baseline -0.003 -21"><span class='ocrx_word' id='word_1_234' title='bbox 253 1884 403 1965; x_wconf 83' lang='grc' dir='ltr'>γιγαντικδν</span> <span class='ocrx_word' id='word_1_235' title='bbox 414 1884 528 1959; x_wconf 81' lang='grc' dir='ltr'>πόλεμον</span> <span class='ocrx_word' id='word_1_236' title='bbox 541 1893 758 1942; x_wconf 81' lang='lat' dir='ltr'>commemorat.</span> <span class='ocrx_word' id='word_1_237' title='bbox 772 1879 815 1937; x_wconf 86' lang='lat' dir='ltr'>Ex</span> <span class='ocrx_word' id='word_1_238' title='bbox 828 1879 875 1937; x_wconf 88' lang='lat' dir='ltr'>his</span> <span class='ocrx_word' id='word_1_239' title='bbox 889 1898 954 1955; x_wconf 84' lang='lat' dir='ltr'>quae</span> <span class='ocrx_word' id='word_1_240' title='bbox 965 1879 1028 1937; x_wconf 82' lang='lat' dir='ltr'>alle</span> <span class='ocrx_word' id='word_1_241' title='bbox 1074 1881 1104 1940; x_wconf 93' lang='lat' dir='ltr'>in</span> <span class='ocrx_word' id='word_1_242' title='bbox 1116 1883 1193 1941; x_wconf 82' lang='lat' dir='ltr'>Tim.</span> <span class='ocrx_word' id='word_1_243' title='bbox 1210 1904 1241 1962; x_wconf 93' lang='lat' dir='ltr'>p.</span> <span class='ocrx_word' id='word_1_244' title='bbox 1257 1887 1323 1944; x_wconf 79' lang='lat'>160.</span> <span class='ocrx_word' id='word_1_245' title='bbox 1334 1883 1407 1940; x_wconf 83' lang='lat' dir='ltr'>Vide</span> <span class='ocrx_word' id='word_1_246' title='bbox 1418 1903 1482 1959; x_wconf 82' lang='lat' dir='ltr'>quae</span> <span class='ocrx_word' id='word_1_247' title='bbox 1495 1882 1658 1940; x_wconf 88' lang='lat' dir='ltr'>notavimus</span> <span class='ocrx_word' id='word_1_248' title='bbox 1668 1881 1703 1938; x_wconf 85' lang='lat' dir='ltr'>ad</span> <span class='ocrx_word' id='word_1_249' title='bbox 1716 1900 1760 1939; x_wconf 87' lang='grc' dir='ltr'>νε.</span> <span class='ocrx_word' id='word_1_250' title='bbox 1784 1887 1853 1942; x_wconf 78' lang='grc' dir='ltr'>εδδ.</span> 
     </span>
     <span class='ocr_line' id='line_1_19' title="bbox 256 1965 1855 2048; baseline -0.003 -18"><span class='ocrx_word' id='word_1_251' title='bbox 256 1973 389 2048; x_wconf 88' lang='lat' dir='ltr'>gavimus</span> <span class='ocrx_word' id='word_1_252' title='bbox 401 1969 533 2028; x_wconf 80' lang='lat' dir='ltr'>concludi</span> <span class='ocrx_word' id='word_1_253' title='bbox 549 1969 633 2041; x_wconf 85' lang='lat' dir='ltr'>licet,</span> <span class='ocrx_word' id='word_1_254' title='bbox 649 1979 742 2026; x_wconf 80' lang='lat' dir='ltr'>vatem</span> <span class='ocrx_word' id='word_1_255' title='bbox 758 1965 978 2044; x_wconf 76' lang='lat' dir='ltr'>Agrigentinum</span> <span class='ocrx_word' id='word_1_256' title='bbox 995 1985 1030 2023; x_wconf 90' lang='lat' dir='ltr'>eo</span> <span class='ocrx_word' id='word_1_257' title='bbox 1112 1968 1174 2030; x_wconf 69' lang='grc' dir='ltr'>δίει.</span> <span class='ocrx_word' id='word_1_258' title='bbox 1188 1965 1855 2048; x_wconf 62' lang='lat' dir='ltr'>177-179.desipuit-epos]servovum-i-</span> 
     </span>
     <span class='ocr_line' id='line_1_20' title="bbox 255 2052 1854 2136; baseline -0.003 -20"><span class='ocrx_word' id='word_1_259' title='bbox 255 2060 336 2130; x_wconf 87' lang='lat' dir='ltr'>loco,</span> <span class='ocrx_word' id='word_1_260' title='bbox 352 2058 429 2116; x_wconf 88' lang='lat' dir='ltr'>unde</span> <span class='ocrx_word' id='word_1_261' title='bbox 440 2057 472 2116; x_wconf 92' lang='lat' dir='ltr'>hi</span> <span class='ocrx_word' id='word_1_262' title='bbox 490 2055 628 2114; x_wconf 84' lang='lat' dir='ltr'>versiculi</span> <span class='ocrx_word' id='word_1_263' title='bbox 648 2055 735 2113; x_wconf 90' lang='lat' dir='ltr'>sumti</span> <span class='ocrx_word' id='word_1_264' title='bbox 756 2066 841 2125; x_wconf 89' lang='lat' dir='ltr'>sunt,</span> <span class='ocrx_word' id='word_1_265' title='bbox 857 2052 1030 2112; x_wconf 78' lang='lat' dir='ltr'>informasse</span> <span class='ocrx_word' id='word_1_266' title='bbox 1061 2058 1189 2130; x_wconf 80' lang='lat' dir='ltr'>stoteles</span> <span class='ocrx_word' id='word_1_267' title='bbox 1204 2058 1328 2136; x_wconf 89' lang='lat' dir='ltr'>llletaph.</span> <span class='ocrx_word' id='word_1_268' title='bbox 1346 2056 1416 2126; x_wconf 78' lang='lat' dir='ltr'>11‚t</span> <span class='ocrx_word' id='word_1_269' title='bbox 1433 2077 1462 2134; x_wconf 90' lang='lat' dir='ltr'>p.</span> <span class='ocrx_word' id='word_1_270' title='bbox 1479 2077 1552 2113; x_wconf 83' lang='lat' dir='ltr'>roco</span> <span class='ocrx_word' id='word_1_271' title='bbox 1570 2055 1615 2114; x_wconf 88' lang='lat' dir='ltr'>ed.</span> <span class='ocrx_word' id='word_1_272' title='bbox 1632 2055 1765 2125; x_wconf 78' lang='lat' dir='ltr'>bekker,</span> <span class='ocrx_word' id='word_1_273' title='bbox 1782 2056 1854 2112; x_wconf 87' lang='lat' dir='ltr'>item</span> 
     </span>
     <span class='ocr_line' id='line_1_21' title="bbox 256 2141 1856 2222; baseline -0.003 -18"><span class='ocrx_word' id='word_1_274' title='bbox 256 2160 365 2204; x_wconf 86' lang='lat' dir='ltr'>naturae</span> <span class='ocrx_word' id='word_1_275' title='bbox 379 2146 512 2216; x_wconf 85' lang='lat' dir='ltr'>vultum,</span> <span class='ocrx_word' id='word_1_276' title='bbox 534 2143 630 2221; x_wconf 89' lang='lat' dir='ltr'>qualis</span> <span class='ocrx_word' id='word_1_277' title='bbox 648 2154 740 2213; x_wconf 85' lang='lat' dir='ltr'>esset,</span> <span class='ocrx_word' id='word_1_278' title='bbox 760 2153 897 2217; x_wconf 80' lang='lat' dir='ltr'>regnante</span> <span class='ocrx_word' id='word_1_279' title='bbox 910 2141 1030 2199; x_wconf 88' lang='lat' dir='ltr'>Discor-</span> <span class='ocrx_word' id='word_1_280' title='bbox 1074 2143 1242 2222; x_wconf 89' lang='lat' dir='ltr'>Simplicius</span> <span class='ocrx_word' id='word_1_281' title='bbox 1254 2145 1343 2222; x_wconf 83' lang='lat' dir='ltr'>Phys.</span> <span class='ocrx_word' id='word_1_282' title='bbox 1359 2143 1442 2220; x_wconf 84' lang='lat' dir='ltr'>Vlll,</span> <span class='ocrx_word' id='word_1_283' title='bbox 1454 2143 1475 2202; x_wconf 90' lang='lat' dir='ltr'>l.</span> <span class='ocrx_word' id='word_1_284' title='bbox 1490 2163 1545 2216; x_wconf 82' lang='lat'>272</span> <span class='ocrx_word' id='word_1_285' title='bbox 1559 2141 1590 2201; x_wconf 94' lang='lat' dir='ltr'>b.</span> <span class='ocrx_word' id='word_1_286' title='bbox 1600 2143 1772 2219; x_wconf 85' lang='lat' dir='ltr'>lleprompti</span> <span class='ocrx_word' id='word_1_287' title='bbox 1785 2158 1856 2201; x_wconf 89' lang='lat' dir='ltr'>sunt</span> 
     </span>
     <span class='ocr_line' id='line_1_22' title="bbox 179 2226 1857 2308; baseline -0.002 -18"><span class='ocrx_word' id='word_1_288' title='bbox 179 2295 182 2302; x_wconf 58' lang='grc'>,</span> <span class='ocrx_word' id='word_1_289' title='bbox 255 2233 313 2291; x_wconf 87' lang='lat' dir='ltr'>dia.</span> <span class='ocrx_word' id='word_1_290' title='bbox 326 2232 479 2290; x_wconf 83' lang='lat' dir='ltr'>Distractis</span> <span class='ocrx_word' id='word_1_291' title='bbox 492 2249 588 2290; x_wconf 90' lang='lat' dir='ltr'>rerum</span> <span class='ocrx_word' id='word_1_292' title='bbox 604 2229 760 2306; x_wconf 89' lang='lat' dir='ltr'>principiis</span> <span class='ocrx_word' id='word_1_293' title='bbox 780 2226 863 2288; x_wconf 87' lang='lat' dir='ltr'>rudis</span> <span class='ocrx_word' id='word_1_294' title='bbox 876 2240 937 2286; x_wconf 87' lang='lat' dir='ltr'>erat</span> <span class='ocrx_word' id='word_1_295' title='bbox 953 2226 1029 2285; x_wconf 91' lang='lat' dir='ltr'>indi·</span> <span class='ocrx_word' id='word_1_296' title='bbox 1075 2231 1106 2290; x_wconf 92' lang='lat' dir='ltr'>hi</span> <span class='ocrx_word' id='word_1_297' title='bbox 1124 2251 1224 2291; x_wconf 74' lang='lat' dir='ltr'>versus</span> <span class='ocrx_word' id='word_1_298' title='bbox 1238 2251 1275 2290; x_wconf 80' lang='lat' dir='ltr'>ex</span> <span class='ocrx_word' id='word_1_299' title='bbox 1295 2252 1328 2290; x_wconf 83' lang='lat' dir='ltr'>ea</span> <span class='ocrx_word' id='word_1_300' title='bbox 1351 2231 1488 2290; x_wconf 84' lang='lat' dir='ltr'>carminis</span> <span class='ocrx_word' id='word_1_301' title='bbox 1506 2243 1594 2308; x_wconf 87' lang='lat' dir='ltr'>parte,</span> <span class='ocrx_word' id='word_1_302' title='bbox 1612 2249 1669 2306; x_wconf 91' lang='lat' dir='ltr'>qua</span> <span class='ocrx_word' id='word_1_303' title='bbox 1690 2233 1857 2288; x_wconf 84' lang='lat' dir='ltr'>necessaria</span> 
     </span>
     <span class='ocr_line' id='line_1_23' title="bbox 257 2315 1855 2396; baseline -0.001 -20"><span class='ocrx_word' id='word_1_304' title='bbox 257 2331 392 2396; x_wconf 83' lang='lat' dir='ltr'>gestaque</span> <span class='ocrx_word' id='word_1_305' title='bbox 407 2319 505 2377; x_wconf 89' lang='lat' dir='ltr'>moles.</span> <span class='ocrx_word' id='word_1_306' title='bbox 522 2317 622 2392; x_wconf 85' lang='lat' dir='ltr'>ltaque</span> <span class='ocrx_word' id='word_1_307' title='bbox 636 2315 750 2373; x_wconf 88' lang='lat' dir='ltr'>sublata</span> <span class='ocrx_word' id='word_1_308' title='bbox 766 2334 922 2392; x_wconf 84' lang='lat' dir='ltr'>corporum</span> <span class='ocrx_word' id='word_1_309' title='bbox 938 2316 1030 2372; x_wconf 89' lang='lat' dir='ltr'>varie·</span> <span class='ocrx_word' id='word_1_310' title='bbox 1076 2337 1171 2377; x_wconf 89' lang='lat' dir='ltr'>rerum</span> <span class='ocrx_word' id='word_1_311' title='bbox 1189 2318 1358 2378; x_wconf 86' lang='lat' dir='ltr'>vicissitudo</span> <span class='ocrx_word' id='word_1_312' title='bbox 1381 2317 1608 2376; x_wconf 88' lang='lat' dir='ltr'>describebatur.</span> <span class='ocrx_word' id='word_1_313' title='bbox 1626 2317 1754 2374; x_wconf 86' lang='lat' dir='ltr'>Alternis</span> <span class='ocrx_word' id='word_1_314' title='bbox 1768 2319 1855 2375; x_wconf 87' lang='lat' dir='ltr'>enim</span> 
     </span>
     <span class='ocr_line' id='line_1_24' title="bbox 258 2400 1857 2482; baseline -0.001 -19"><span class='ocrx_word' id='word_1_315' title='bbox 258 2419 314 2464; x_wconf 91' lang='lat' dir='ltr'>tate</span> <span class='ocrx_word' id='word_1_316' title='bbox 324 2424 417 2482; x_wconf 92' lang='lat' dir='ltr'>neque</span> <span class='ocrx_word' id='word_1_317' title='bbox 426 2404 469 2462; x_wconf 91' lang='lat' dir='ltr'>sol</span> <span class='ocrx_word' id='word_1_318' title='bbox 477 2417 753 2480; x_wconf 89' lang='lat' dir='ltr'>nequeterraneque</span> <span class='ocrx_word' id='word_1_319' title='bbox 761 2420 839 2459; x_wconf 88' lang='lat' dir='ltr'>marc</span> <span class='ocrx_word' id='word_1_320' title='bbox 849 2420 942 2478; x_wconf 86' lang='lat' dir='ltr'>neque</span> <span class='ocrx_word' id='word_1_321' title='bbox 951 2400 1030 2458; x_wconf 90' lang='lat' dir='ltr'>aliud</span> <span class='ocrx_word' id='word_1_322' title='bbox 1076 2407 1238 2465; x_wconf 80' lang='lat' dir='ltr'>Amicitiam</span> <span class='ocrx_word' id='word_1_323' title='bbox 1253 2419 1282 2465; x_wconf 89' lang='lat' dir='ltr'>et</span> <span class='ocrx_word' id='word_1_324' title='bbox 1302 2406 1483 2464; x_wconf 84' lang='lat' dir='ltr'>Discordiam</span> <span class='ocrx_word' id='word_1_325' title='bbox 1504 2404 1648 2462; x_wconf 87' lang='lat' dir='ltr'>dominari</span> <span class='ocrx_word' id='word_1_326' title='bbox 1663 2402 1857 2480; x_wconf 79' lang='lat' dir='ltr'>Empedocles</span> 
     </span>
     <span class='ocr_line' id='line_1_25' title="bbox 257 2487 1855 2570; baseline 0.001 -22"><span class='ocrx_word' id='word_1_327' title='bbox 257 2492 416 2568; x_wconf 88' lang='lat' dir='ltr'>quidquam</span> <span class='ocrx_word' id='word_1_328' title='bbox 432 2510 484 2548; x_wconf 88' lang='lat' dir='ltr'>sua</span> <span class='ocrx_word' id='word_1_329' title='bbox 502 2490 593 2547; x_wconf 88' lang='lat' dir='ltr'>sorma</span> <span class='ocrx_word' id='word_1_330' title='bbox 616 2489 768 2565; x_wconf 82' lang='lat' dir='ltr'>praeditum</span> <span class='ocrx_word' id='word_1_331' title='bbox 783 2487 1028 2566; x_wconf 86' lang='lat' dir='ltr'>conspiciebatur.</span> <span class='ocrx_word' id='word_1_332' title='bbox 1076 2494 1197 2553; x_wconf 87' lang='lat' dir='ltr'>censuit.</span> <span class='ocrx_word' id='word_1_333' title='bbox 1219 2493 1310 2570; x_wconf 86' lang='lat' dir='ltr'>Cujus</span> <span class='ocrx_word' id='word_1_334' title='bbox 1331 2493 1386 2562; x_wconf 85' lang='lat' dir='ltr'>rei,</span> <span class='ocrx_word' id='word_1_335' title='bbox 1416 2493 1442 2550; x_wconf 90' lang='lat' dir='ltr'>si</span> <span class='ocrx_word' id='word_1_336' title='bbox 1466 2492 1536 2548; x_wconf 85' lang='lat' dir='ltr'>fides</span> <span class='ocrx_word' id='word_1_337' title='bbox 1551 2491 1714 2558; x_wconf 84' lang='lat' dir='ltr'>Aristoteli,</span> <span class='ocrx_word' id='word_1_338' title='bbox 1738 2492 1855 2549; x_wconf 87' lang='lat' dir='ltr'>nullam</span> 
     </span>
     <span class='ocr_line' id='line_1_26' title="bbox 257 2574 1857 2654; baseline -0.001 -15"><span class='ocrx_word' id='word_1_339' title='bbox 257 2581 357 2639; x_wconf 86' lang='lat' dir='ltr'>Primo</span> <span class='ocrx_word' id='word_1_340' title='bbox 371 2578 468 2638; x_wconf 83' lang='lat' dir='ltr'>versui</span> <span class='ocrx_word' id='word_1_341' title='bbox 487 2577 619 2635; x_wconf 90' lang='lat' dir='ltr'>ultimum</span> <span class='ocrx_word' id='word_1_342' title='bbox 630 2575 710 2633; x_wconf 86' lang='lat' dir='ltr'>deest</span> <span class='ocrx_word' id='word_1_343' title='bbox 723 2574 909 2646; x_wconf 87' lang='lat' dir='ltr'>vocabulum,</span> <span class='ocrx_word' id='word_1_344' title='bbox 926 2575 1032 2651; x_wconf 92' lang='lat' dir='ltr'>quode</span> <span class='ocrx_word' id='word_1_345' title='bbox 1076 2577 1214 2637; x_wconf 79' lang='lat' dir='ltr'>asserebat</span> <span class='ocrx_word' id='word_1_346' title='bbox 1227 2599 1341 2639; x_wconf 89' lang='lat' dir='ltr'>causam</span> <span class='ocrx_word' id='word_1_347' title='bbox 1368 2592 1447 2637; x_wconf 78' lang='lat' dir='ltr'>rates</span> <span class='ocrx_word' id='word_1_348' title='bbox 1460 2577 1665 2654; x_wconf 86' lang='lat' dir='ltr'>Agrigentinus</span> <span class='ocrx_word' id='word_1_349' title='bbox 1682 2577 1739 2634; x_wconf 90' lang='lat' dir='ltr'>nisi</span> <span class='ocrx_word' id='word_1_350' title='bbox 1754 2597 1857 2637; x_wconf 89' lang='lat' dir='ltr'>neces·</span> 
     </span>
     <span class='ocr_line' id='line_1_27' title="bbox 260 2659 1856 2743; baseline 0.002 -21"><span class='ocrx_word' id='word_1_351' title='bbox 260 2664 409 2723; x_wconf 90' lang='lat' dir='ltr'>Plutarchi</span> <span class='ocrx_word' id='word_1_352' title='bbox 431 2661 529 2721; x_wconf 86' lang='lat' dir='ltr'>verbis</span> <span class='ocrx_word' id='word_1_353' title='bbox 556 2660 638 2718; x_wconf 93' lang='lat' dir='ltr'>nullo</span> <span class='ocrx_word' id='word_1_354' title='bbox 664 2660 781 2735; x_wconf 88' lang='lat' dir='ltr'>negotio</span> <span class='ocrx_word' id='word_1_355' title='bbox 806 2661 930 2720; x_wconf 86' lang='lat' dir='ltr'>eruitur.</span> <span class='ocrx_word' id='word_1_356' title='bbox 953 2659 1031 2730; x_wconf 84' lang='lat' dir='ltr'>Qua·</span> <span class='ocrx_word' id='word_1_357' title='bbox 1077 2665 1190 2722; x_wconf 88' lang='lat' dir='ltr'>sitatem</span> <span class='ocrx_word' id='word_1_358' title='bbox 1214 2667 1261 2725; x_wconf 83' lang='lat' dir='ltr'>vel</span> <span class='ocrx_word' id='word_1_359' title='bbox 1276 2667 1352 2743; x_wconf 88' lang='lat' dir='ltr'>quod</span> <span class='ocrx_word' id='word_1_360' title='bbox 1369 2678 1471 2724; x_wconf 90' lang='lat' dir='ltr'>natura</span> <span class='ocrx_word' id='word_1_361' title='bbox 1489 2667 1530 2722; x_wconf 89' lang='lat' dir='ltr'>ita</span> <span class='ocrx_word' id='word_1_362' title='bbox 1551 2677 1747 2742; x_wconf 88' lang='lat' dir='ltr'>comparatum</span> <span class='ocrx_word' id='word_1_363' title='bbox 1764 2681 1856 2737; x_wconf 86' lang='lat' dir='ltr'>esset,</span> 
     </span>
     <span class='ocr_line' id='line_1_28' title="bbox 258 2745 1855 2832; baseline 0.001 -24"><span class='ocrx_word' id='word_1_364' title='bbox 258 2764 377 2828; x_wconf 88' lang='lat' dir='ltr'>propter</span> <span class='ocrx_word' id='word_1_365' title='bbox 389 2748 521 2807; x_wconf 82' lang='lat' dir='ltr'>Sturzlus</span> <span class='ocrx_word' id='word_1_366' title='bbox 532 2747 639 2824; x_wconf 81' lang='lat' dir='ltr'>adjecit</span> <span class='ocrx_word' id='word_1_367' title='bbox 655 2745 732 2818; x_wconf 80' lang='grc' dir='ltr'>ἔθηκε</span> <span class='ocrx_word' id='word_1_368' title='bbox 752 2745 798 2822; x_wconf 75' lang='grc' dir='ltr'>[τὸ</span> <span class='ocrx_word' id='word_1_369' title='bbox 811 2747 921 2826; x_wconf 82' lang='grc' dir='ltr'>νεῖκος).</span> <span class='ocrx_word' id='word_1_370' title='bbox 1079 2777 1091 2804; x_wconf 88' lang='lat'>«</span> <span class='ocrx_word' id='word_1_371' title='bbox 1106 2752 1149 2810; x_wconf 85' lang='grc' dir='ltr'>καὶ</span> <span class='ocrx_word' id='word_1_372' title='bbox 1164 2751 1220 2830; x_wconf 80' lang='grc' dir='ltr'>ἅμα</span> <span class='ocrx_word' id='word_1_373' title='bbox 1230 2752 1258 2812; x_wconf 75' lang='lat' dir='ltr'>dl</span> <span class='ocrx_word' id='word_1_374' title='bbox 1273 2756 1351 2824; x_wconf 76' lang='grc' dir='ltr'>αὐτῆς</span> <span class='ocrx_word' id='word_1_375' title='bbox 1362 2757 1409 2824; x_wconf 81' lang='grc' dir='ltr'>τῆς</span> <span class='ocrx_word' id='word_1_376' title='bbox 1423 2751 1572 2828; x_wconf 76' lang='grc' dir='ltr'>μεταὸολῆς</span> <span class='ocrx_word' id='word_1_377' title='bbox 1582 2753 1663 2810; x_wconf 87' lang='grc' dir='ltr'>αίτιον</span> <span class='ocrx_word' id='word_1_378' title='bbox 1679 2751 1750 2809; x_wconf 69' lang='grc' dir='ltr'>οὐδὲν</span> <span class='ocrx_word' id='word_1_379' title='bbox 1763 2755 1855 2832; x_wconf 72' lang='grc' dir='ltr'>λέγει,</span> 
     </span>
    </p>

    <p class='ocr_par' dir='ltr' id='par_1_3' title="bbox 258 2831 1861 3878">
     <span class='ocr_line' id='line_1_29' title="bbox 298 2831 1857 2922; baseline -0.002 -26"><span class='ocrx_word' id='word_1_380' title='bbox 298 2837 346 2900; x_wconf 87' lang='lat' dir='ltr'>Vs.</span> <span class='ocrx_word' id='word_1_381' title='bbox 373 2858 439 2909; x_wconf 78' lang='lat'><strong>¹72·</strong></span> <span class='ocrx_word' id='word_1_382' title='bbox 455 2835 505 2894; x_wconf 79' lang='grc' dir='ltr'>ἔνθ’</span> <span class='ocrx_word' id='word_1_383' title='bbox 527 2833 580 2892; x_wconf 80' lang='grc' dir='ltr'>οὔτ’</span> <span class='ocrx_word' id='word_1_384' title='bbox 592 2833 690 2905; x_wconf 79' lang='grc' dir='ltr'>ἠελίοιο</span> <span class='ocrx_word' id='word_1_385' title='bbox 706 2833 853 2892; x_wconf 88' lang='grc' dir='ltr'>δεδίσκεται</span> <span class='ocrx_word' id='word_1_386' title='bbox 866 2832 943 2912; x_wconf 79' lang='grc' dir='ltr'>κτλ]</span> <span class='ocrx_word' id='word_1_387' title='bbox 964 2831 1032 2890; x_wconf 90' lang='lat' dir='ltr'>Plu·</span> <span class='ocrx_word' id='word_1_388' title='bbox 1077 2839 1164 2912; x_wconf 72' lang='grc' dir='ltr'>ἀλλ’ἢ</span> <span class='ocrx_word' id='word_1_389' title='bbox 1185 2839 1319 2908; x_wconf 56' lang='lat' dir='ltr'>duodeci&lt;</span> <span class='ocrx_word' id='word_1_390' title='bbox 1337 2841 1460 2922; x_wconf 60' lang='grc' dir='ltr'>πέφυκεν·</span> <span class='ocrx_word' id='word_1_391' title='bbox 1484 2841 1542 2898; x_wconf 80' lang='grc' dir='ltr'>ἀλλ’</span> <span class='ocrx_word' id='word_1_392' title='bbox 1570 2837 1612 2896; x_wconf 81' lang='grc' dir='ltr'>ὅτε</span> <span class='ocrx_word' id='word_1_393' title='bbox 1637 2836 1668 2909; x_wconf 76' lang='grc' dir='ltr'>δὴ</span> <span class='ocrx_word' id='word_1_394' title='bbox 1685 2837 1754 2916; x_wconf 83' lang='grc' dir='ltr'>μίγα</span> <span class='ocrx_word' id='word_1_395' title='bbox 1769 2849 1857 2908; x_wconf 62' lang='grc' dir='ltr'>νεῖκος</span> 
     </span>
     <span class='ocr_line' id='line_1_30' title="bbox 258 2919 1857 3006; baseline 0.002 -23"><span class='ocrx_word' id='word_1_396' title='bbox 258 2925 351 2984; x_wconf 87' lang='lat' dir='ltr'>tarchi</span> <span class='ocrx_word' id='word_1_397' title='bbox 364 2922 537 2981; x_wconf 80' lang='lat' dir='ltr'>membranae</span> <span class='ocrx_word' id='word_1_398' title='bbox 552 2921 714 2996; x_wconf 80' lang='grc' dir='ltr'>δεδίττεται,</span> <span class='ocrx_word' id='word_1_399' title='bbox 729 2921 812 2996; x_wconf 84' lang='lat' dir='ltr'>cujus</span> <span class='ocrx_word' id='word_1_400' title='bbox 828 2919 893 2977; x_wconf 92' lang='lat' dir='ltr'>loco</span> <span class='ocrx_word' id='word_1_401' title='bbox 907 2919 1032 2998; x_wconf 88' lang='lat' dir='ltr'>requiri·</span> <span class='ocrx_word' id='word_1_402' title='bbox 1076 2927 1134 2987; x_wconf 62' lang='lat' dir='ltr'>mi,</span> <span class='ocrx_word' id='word_1_403' title='bbox 1149 2931 1185 2996; x_wconf 72' lang='grc' dir='ltr'>ὡς</span> <span class='ocrx_word' id='word_1_404' title='bbox 1199 2931 1337 3005; x_wconf 62' lang='grc' dir='ltr'>ἀναγκαῖον</span> <span class='ocrx_word' id='word_1_405' title='bbox 1354 2930 1401 3006; x_wconf 76' lang='grc' dir='ltr'>μὲν</span> <span class='ocrx_word' id='word_1_406' title='bbox 1417 2925 1445 2986; x_wconf 78' lang='grc' dir='ltr'>δν</span> <span class='ocrx_word' id='word_1_407' title='bbox 1463 2925 1646 3003; x_wconf 73' lang='grc' dir='ltr'>μεταὸάλλειν,</span> <span class='ocrx_word' id='word_1_408' title='bbox 1663 2927 1747 2984; x_wconf 73' lang='grc' dir='ltr'>αἰτίαν</span> <span class='ocrx_word' id='word_1_409' title='bbox 1766 2928 1796 2986; x_wconf 79' lang='grc' dir='ltr'>δὲ</span> <span class='ocrx_word' id='word_1_410' title='bbox 1808 2935 1857 3000; x_wconf 77' lang='grc' dir='ltr'>τῆς</span> 
     </span>
     <span class='ocr_line' id='line_1_31' title="bbox 260 3005 1857 3095; baseline -0.006 -25"><span class='ocrx_word' id='word_1_411' title='bbox 260 3026 308 3071; x_wconf 90' lang='lat' dir='ltr'>tur</span> <span class='ocrx_word' id='word_1_412' title='bbox 320 3011 472 3081; x_wconf 87' lang='grc' dir='ltr'>δεδίσκεται,</span> <span class='ocrx_word' id='word_1_413' title='bbox 483 3009 505 3070; x_wconf 92' lang='lat' dir='ltr'>i.</span> <span class='ocrx_word' id='word_1_414' title='bbox 519 3027 546 3068; x_wconf 90' lang='lat' dir='ltr'>e.</span> <span class='ocrx_word' id='word_1_415' title='bbox 557 3006 695 3067; x_wconf 80' lang='grc' dir='ltr'>δείκνυται.</span> <span class='ocrx_word' id='word_1_416' title='bbox 709 3007 752 3064; x_wconf 88' lang='lat' dir='ltr'>lta</span> <span class='ocrx_word' id='word_1_417' title='bbox 760 3006 834 3064; x_wconf 88' lang='lat' dir='ltr'>bene</span> <span class='ocrx_word' id='word_1_418' title='bbox 846 3005 1034 3082; x_wconf 87' lang='lat' dir='ltr'>conjecerunt</span> <span class='ocrx_word' id='word_1_419' title='bbox 1077 3013 1191 3094; x_wconf 59' lang='grc' dir='ltr'>ἀνάγκης</span> <span class='ocrx_word' id='word_1_420' title='bbox 1204 3018 1325 3095; x_wconf 61' lang='grc' dir='ltr'>οὖδῳία,</span> <span class='ocrx_word' id='word_1_421' title='bbox 1334 3018 1416 3088; x_wconf 65' lang='grc' dir='ltr'>δηλοῖ,</span> <span class='ocrx_word' id='word_1_422' title='bbox 1427 3043 1440 3067; x_wconf 63' lang='grc' dir='ltr'>,ι</span> <span class='ocrx_word' id='word_1_423' title='bbox 1453 3015 1510 3074; x_wconf 71' lang='lat' dir='ltr'>Pro</span> <span class='ocrx_word' id='word_1_424' title='bbox 1525 3014 1607 3093; x_wconf 66' lang='grc' dir='ltr'>αὐτὰρ</span> <span class='ocrx_word' id='word_1_425' title='bbox 1619 3014 1675 3073; x_wconf 57' lang='grc' dir='ltr'>ἐπεὶ</span> <span class='ocrx_word' id='word_1_426' title='bbox 1687 3015 1763 3092; x_wconf 73' lang='lat' dir='ltr'>apud</span> <span class='ocrx_word' id='word_1_427' title='bbox 1781 3019 1857 3076; x_wconf 65' lang='lat' dir='ltr'>Ari.</span> 
     </span>
     <span class='ocr_line' id='line_1_32' title="bbox 260 3091 1857 3180; baseline -0.005 -24"><span class='ocrx_word' id='word_1_428' title='bbox 260 3093 429 3156; x_wconf 86' lang='lat' dir='ltr'>Karstcnius</span> <span class='ocrx_word' id='word_1_429' title='bbox 439 3109 467 3153; x_wconf 90' lang='lat' dir='ltr'>et</span> <span class='ocrx_word' id='word_1_430' title='bbox 475 3094 636 3172; x_wconf 77' lang='lat' dir='ltr'>Emporius.</span> <span class='ocrx_word' id='word_1_431' title='bbox 649 3092 705 3150; x_wconf 90' lang='lat' dir='ltr'>Sed</span> <span class='ocrx_word' id='word_1_432' title='bbox 721 3092 840 3149; x_wconf 83' lang='lat' dir='ltr'>fortasse</span> <span class='ocrx_word' id='word_1_433' title='bbox 853 3091 901 3149; x_wconf 91' lang='lat' dir='ltr'>hic</span> <span class='ocrx_word' id='word_1_434' title='bbox 917 3109 1033 3168; x_wconf 87' lang='lat' dir='ltr'>quoque</span> <span class='ocrx_word' id='word_1_435' title='bbox 1076 3106 1204 3162; x_wconf 61' lang='lat'>31010121„</span> <span class='ocrx_word' id='word_1_436' title='bbox 1226 3117 1269 3163; x_wconf 64' lang='lat' dir='ltr'>est</span> <span class='ocrx_word' id='word_1_437' title='bbox 1292 3105 1349 3162; x_wconf 62' lang='grc' dir='ltr'>ἀλλ’</span> <span class='ocrx_word' id='word_1_438' title='bbox 1361 3105 1402 3163; x_wconf 60' lang='grc' dir='ltr'>ὅτ.</span> <span class='ocrx_word' id='word_1_439' title='bbox 1423 3101 1455 3174; x_wconf 67' lang='grc' dir='ltr'>δή</span> <span class='ocrx_word' id='word_1_440' title='bbox 1472 3125 1478 3160; x_wconf 91' lang='lat'><strong>:</strong></span> <span class='ocrx_word' id='word_1_441' title='bbox 1503 3102 1552 3161; x_wconf 70' lang='lat' dir='ltr'>sed</span> <span class='ocrx_word' id='word_1_442' title='bbox 1569 3103 1690 3160; x_wconf 70' lang='lat' dir='ltr'>atterum</span> <span class='ocrx_word' id='word_1_443' title='bbox 1708 3102 1857 3180; x_wconf 69' lang='lat' dir='ltr'>Empedo.</span> 
     </span>
     <span class='ocr_line' id='line_1_33' title="bbox 260 3177 1859 3270; baseline 0.004 -28"><span class='ocrx_word' id='word_1_444' title='bbox 260 3196 345 3262; x_wconf 87' lang='lat' dir='ltr'>poeta</span> <span class='ocrx_word' id='word_1_445' title='bbox 369 3181 521 3258; x_wconf 81' lang='lat' dir='ltr'>usurpavit</span> <span class='ocrx_word' id='word_1_446' title='bbox 544 3179 681 3257; x_wconf 74' lang='grc' dir='ltr'>διείδεταῑ,</span> <span class='ocrx_word' id='word_1_447' title='bbox 702 3177 780 3257; x_wconf 80' lang='lat' dir='ltr'>quod</span> <span class='ocrx_word' id='word_1_448' title='bbox 802 3198 846 3236; x_wconf 70' lang='lat' dir='ltr'>ts·</span> <span class='ocrx_word' id='word_1_449' title='bbox 872 3181 927 3254; x_wconf 75' lang='lat'>169</span> <span class='ocrx_word' id='word_1_450' title='bbox 952 3180 983 3236; x_wconf 77' lang='lat' dir='ltr'>in</span> <span class='ocrx_word' id='word_1_451' title='bbox 1003 3197 1034 3236; x_wconf 74' lang='lat' dir='ltr'>te</span> <span class='ocrx_word' id='word_1_452' title='bbox 1077 3190 1169 3248; x_wconf 88' lang='lat' dir='ltr'>eleum</span> <span class='ocrx_word' id='word_1_453' title='bbox 1184 3190 1309 3251; x_wconf 82' lang='lat' dir='ltr'>ridetur.</span> <span class='ocrx_word' id='word_1_454' title='bbox 1325 3191 1381 3251; x_wconf 82' lang='grc' dir='ltr'>Ἐνί</span> <span class='ocrx_word' id='word_1_455' title='bbox 1392 3190 1525 3268; x_wconf 84' lang='grc' dir='ltr'>μελέεσσιν</span> <span class='ocrx_word' id='word_1_456' title='bbox 1541 3190 1670 3264; x_wconf 86' lang='lat' dir='ltr'>intellige</span> <span class='ocrx_word' id='word_1_457' title='bbox 1684 3193 1730 3248; x_wconf 82' lang='grc' dir='ltr'>τοῦ</span> <span class='ocrx_word' id='word_1_458' title='bbox 1741 3192 1859 3270; x_wconf 80' lang='grc' dir='ltr'>σραίροο</span> 
     </span>
     <span class='ocr_line' id='line_1_34' title="bbox 260 3266 1858 3357; baseline 0 -29"><span class='ocrx_word' id='word_1_459' title='bbox 260 3290 352 3350; x_wconf 89' lang='lat' dir='ltr'>prope</span> <span class='ocrx_word' id='word_1_460' title='bbox 375 3269 473 3328; x_wconf 89' lang='lat' dir='ltr'>eadem</span> <span class='ocrx_word' id='word_1_461' title='bbox 493 3267 654 3326; x_wconf 89' lang='lat' dir='ltr'>adhibitum</span> <span class='ocrx_word' id='word_1_462' title='bbox 673 3281 726 3335; x_wconf 77' lang='lat' dir='ltr'>est.</span> <span class='ocrx_word' id='word_1_463' title='bbox 743 3266 775 3324; x_wconf 93' lang='lat' dir='ltr'>ld</span> <span class='ocrx_word' id='word_1_464' title='bbox 788 3268 865 3324; x_wconf 88' lang='lat' dir='ltr'>enim</span> <span class='ocrx_word' id='word_1_465' title='bbox 888 3269 1034 3345; x_wconf 83' lang='lat' dir='ltr'>praecipue</span> <span class='ocrx_word' id='word_1_466' title='bbox 1077 3295 1162 3351; x_wconf 80' lang='lat' dir='ltr'>quem</span> <span class='ocrx_word' id='word_1_467' title='bbox 1187 3281 1269 3335; x_wconf 69' lang='lat' dir='ltr'>etiam</span> <span class='ocrx_word' id='word_1_468' title='bbox 1294 3278 1381 3336; x_wconf 78' lang='lat' dir='ltr'>deum</span> <span class='ocrx_word' id='word_1_469' title='bbox 1395 3297 1440 3337; x_wconf 75' lang='lat' dir='ltr'>vs,</span> <span class='ocrx_word' id='word_1_470' title='bbox 1470 3277 1526 3333; x_wconf 81' lang='lat'>180</span> <span class='ocrx_word' id='word_1_471' title='bbox 1541 3288 1698 3353; x_wconf 76' lang='lat' dir='ltr'>nuncupat.</span> <span class='ocrx_word' id='word_1_472' title='bbox 1721 3274 1858 3357; x_wconf 70' lang='grc' dir='ltr'>Ἐθρέφθη</span> 
     </span>
     <span class='ocr_line' id='line_1_35' title="bbox 259 3355 1858 3442; baseline 0.004 -25"><span class='ocrx_word' id='word_1_473' title='bbox 259 3361 395 3417; x_wconf 84' lang='lat' dir='ltr'>convenit</span> <span class='ocrx_word' id='word_1_474' title='bbox 408 3357 557 3434; x_wconf 90' lang='lat' dir='ltr'>epicorum</span> <span class='ocrx_word' id='word_1_475' title='bbox 573 3371 722 3434; x_wconf 89' lang='lat' dir='ltr'>poetarum</span> <span class='ocrx_word' id='word_1_476' title='bbox 735 3359 872 3415; x_wconf 86' lang='lat' dir='ltr'>sermoni.</span> <span class='ocrx_word' id='word_1_477' title='bbox 888 3355 937 3414; x_wconf 90' lang='lat' dir='ltr'>Sic</span> <span class='ocrx_word' id='word_1_478' title='bbox 950 3356 1032 3416; x_wconf 85' lang='lat' dir='ltr'>llom.</span> <span class='ocrx_word' id='word_1_479' title='bbox 1077 3374 1154 3419; x_wconf 90' lang='lat' dir='ltr'>recte</span> <span class='ocrx_word' id='word_1_480' title='bbox 1178 3363 1361 3435; x_wconf 87' lang='lat' dir='ltr'>Aristoteles;</span> <span class='ocrx_word' id='word_1_481' title='bbox 1385 3362 1529 3440; x_wconf 89' lang='lat' dir='ltr'>Simplicii</span> <span class='ocrx_word' id='word_1_482' title='bbox 1549 3358 1635 3420; x_wconf 88' lang='lat' dir='ltr'>codd.</span> <span class='ocrx_word' id='word_1_483' title='bbox 1655 3361 1729 3420; x_wconf 87' lang='lat' dir='ltr'>male</span> <span class='ocrx_word' id='word_1_484' title='bbox 1746 3363 1858 3442; x_wconf 75' lang='grc' dir='ltr'>ἐρέρδη.</span> 
     </span>
     <span class='ocr_line' id='line_1_36' title="bbox 260 3440 1859 3534; baseline 0.004 -32"><span class='ocrx_word' id='word_1_485' title='bbox 260 3442 343 3506; x_wconf 89' lang='lat' dir='ltr'>lliad.</span> <span class='ocrx_word' id='word_1_486' title='bbox 358 3443 413 3504; x_wconf 90' lang='lat' dir='ltr'>lib.</span> <span class='ocrx_word' id='word_1_487' title='bbox 426 3443 505 3512; x_wconf 84' lang='lat' dir='ltr'>Vlll,</span> <span class='ocrx_word' id='word_1_488' title='bbox 520 3463 565 3502; x_wconf 82' lang='grc' dir='ltr'>νε.</span> <span class='ocrx_word' id='word_1_489' title='bbox 580 3443 635 3501; x_wconf 84' lang='grc'>556</span> <span class='ocrx_word' id='word_1_490' title='bbox 650 3443 737 3502; x_wconf 86' lang='grc' dir='ltr'>πάντα</span> <span class='ocrx_word' id='word_1_491' title='bbox 751 3440 778 3500; x_wconf 81' lang='grc' dir='ltr'>δι’</span> <span class='ocrx_word' id='word_1_492' title='bbox 795 3443 818 3501; x_wconf 91' lang='grc' dir='ltr'>τ’</span> <span class='ocrx_word' id='word_1_493' title='bbox 828 3441 924 3500; x_wconf 85' lang='grc' dir='ltr'>είδεται</span> <span class='ocrx_word' id='word_1_494' title='bbox 938 3442 1033 3522; x_wconf 80' lang='grc' dir='ltr'>ἄστρα,</span> <span class='ocrx_word' id='word_1_495' title='bbox 1079 3446 1169 3506; x_wconf 83' lang='grc' dir='ltr'>Ροετο</span> <span class='ocrx_word' id='word_1_496' title='bbox 1183 3468 1226 3510; x_wconf 83' lang='grc' dir='ltr'>νε.</span> <span class='ocrx_word' id='word_1_497' title='bbox 1252 3471 1307 3524; x_wconf 81' lang='lat'>179</span> <span class='ocrx_word' id='word_1_498' title='bbox 1321 3451 1398 3528; x_wconf 91' lang='lat' dir='ltr'>apud</span> <span class='ocrx_word' id='word_1_499' title='bbox 1418 3449 1599 3508; x_wconf 88' lang='lat' dir='ltr'>Aristotelem</span> <span class='ocrx_word' id='word_1_500' title='bbox 1614 3449 1720 3525; x_wconf 89' lang='lat' dir='ltr'>legitur</span> <span class='ocrx_word' id='word_1_501' title='bbox 1741 3450 1768 3518; x_wconf 77' lang='grc' dir='ltr'>ὅς</span> <span class='ocrx_word' id='word_1_502' title='bbox 1784 3475 1859 3534; x_wconf 67' lang='grc' dir='ltr'>σφιν,</span> 
     </span>
     <span class='ocr_line' id='line_1_37' title="bbox 259 3521 1861 3617; baseline -0.001 -29"><span class='ocrx_word' id='word_1_503' title='bbox 259 3544 287 3588; x_wconf 93' lang='lat' dir='ltr'>et</span> <span class='ocrx_word' id='word_1_504' title='bbox 301 3531 356 3592; x_wconf 92' lang='lat' dir='ltr'>lib.</span> <span class='ocrx_word' id='word_1_505' title='bbox 369 3530 450 3603; x_wconf 80' lang='lat' dir='ltr'>lilii,</span> <span class='ocrx_word' id='word_1_506' title='bbox 474 3551 518 3590; x_wconf 89' lang='lat' dir='ltr'>vs.</span> <span class='ocrx_word' id='word_1_507' title='bbox 535 3534 573 3608; x_wconf 86' lang='lat'>98</span> <span class='ocrx_word' id='word_1_508' title='bbox 587 3536 631 3590; x_wconf 82' lang='grc' dir='ltr'>νῦν</span> <span class='ocrx_word' id='word_1_509' title='bbox 654 3528 685 3602; x_wconf 82' lang='grc' dir='ltr'>δὴ</span> <span class='ocrx_word' id='word_1_510' title='bbox 707 3529 804 3589; x_wconf 79' lang='grc' dir='ltr'>εἴδεται</span> <span class='ocrx_word' id='word_1_511' title='bbox 829 3521 913 3608; x_wconf 66' lang='grc' dir='ltr'>ἦμαρ.</span> <span class='ocrx_word' id='word_1_512' title='bbox 937 3529 1035 3608; x_wconf 89' lang='lat' dir='ltr'>Neque</span> <span class='ocrx_word' id='word_1_513' title='bbox 1078 3535 1153 3612; x_wconf 88' lang='lat' dir='ltr'>apud</span> <span class='ocrx_word' id='word_1_514' title='bbox 1165 3535 1347 3615; x_wconf 89' lang='lat' dir='ltr'>Simplicium</span> <span class='ocrx_word' id='word_1_515' title='bbox 1360 3537 1376 3596; x_wconf 86' lang='grc' dir='ltr'>ὅ</span> <span class='ocrx_word' id='word_1_516' title='bbox 1389 3559 1459 3617; x_wconf 82' lang='lat' dir='ltr'>equ.</span> <span class='ocrx_word' id='word_1_517' title='bbox 1479 3537 1610 3614; x_wconf 86' lang='lat' dir='ltr'>Denique</span> <span class='ocrx_word' id='word_1_518' title='bbox 1630 3557 1686 3614; x_wconf 90' lang='lat' dir='ltr'>pro</span> <span class='ocrx_word' id='word_1_519' title='bbox 1701 3540 1861 3616; x_wconf 64' lang='grc' dir='ltr'>παρελήλα.</span> 
     </span>
     <span class='ocr_line' id='line_1_38' title="bbox 261 3617 1860 3705; baseline -0.002 -29"><span class='ocrx_word' id='word_1_520' title='bbox 261 3631 356 3678; x_wconf 80' lang='grc' dir='ltr'>ιειπεπ</span> <span class='ocrx_word' id='word_1_521' title='bbox 372 3619 517 3678; x_wconf 87' lang='grc' dir='ltr'>δεδίσκεται</span> <span class='ocrx_word' id='word_1_522' title='bbox 531 3637 667 3696; x_wconf 89' lang='lat' dir='ltr'>spernere</span> <span class='ocrx_word' id='word_1_523' title='bbox 687 3637 774 3676; x_wconf 90' lang='lat' dir='ltr'>ausus</span> <span class='ocrx_word' id='word_1_524' title='bbox 789 3638 854 3676; x_wconf 91' lang='lat' dir='ltr'>cum</span> <span class='ocrx_word' id='word_1_525' title='bbox 868 3617 979 3676; x_wconf 84' lang='lat' dir='ltr'>Steinio</span> <span class='ocrx_word' id='word_1_526' title='bbox 993 3636 1036 3674; x_wconf 88' lang='lat' dir='ltr'>re·</span> <span class='ocrx_word' id='word_1_527' title='bbox 1078 3645 1121 3680; x_wconf 83' lang='grc' dir='ltr'>ται</span> <span class='ocrx_word' id='word_1_528' title='bbox 1135 3643 1201 3701; x_wconf 85' lang='lat' dir='ltr'>pars</span> <span class='ocrx_word' id='word_1_529' title='bbox 1213 3625 1342 3700; x_wconf 78' lang='lat' dir='ltr'>quaedam</span> <span class='ocrx_word' id='word_1_530' title='bbox 1358 3623 1592 3683; x_wconf 86' lang='lat' dir='ltr'>membranarum</span> <span class='ocrx_word' id='word_1_531' title='bbox 1607 3623 1755 3700; x_wconf 86' lang='lat' dir='ltr'>Stagiritae</span> <span class='ocrx_word' id='word_1_532' title='bbox 1769 3650 1860 3705; x_wconf 61' lang='grc' dir='ltr'>περς.</span> 
     </span>
     <span class='ocr_line' id='line_1_39' title="bbox 261 3704 1859 3789; baseline -0.003 -25"><span class='ocrx_word' id='word_1_533' title='bbox 261 3709 337 3784; x_wconf 86' lang='lat' dir='ltr'>cepi.</span> <span class='ocrx_word' id='word_1_534' title='bbox 362 3706 505 3764; x_wconf 87' lang='lat' dir='ltr'>Caeterum</span> <span class='ocrx_word' id='word_1_535' title='bbox 520 3725 576 3783; x_wconf 91' lang='lat' dir='ltr'>pro</span> <span class='ocrx_word' id='word_1_536' title='bbox 594 3704 646 3764; x_wconf 85' lang='grc' dir='ltr'>οὔτ’</span> <span class='ocrx_word' id='word_1_537' title='bbox 666 3705 764 3776; x_wconf 71' lang='grc' dir='ltr'>ἠελίοιο</span> <span class='ocrx_word' id='word_1_538' title='bbox 784 3707 923 3782; x_wconf 75' lang='lat' dir='ltr'>llerglsius</span> <span class='ocrx_word' id='word_1_539' title='bbox 946 3705 1036 3764; x_wconf 86' lang='lat' dir='ltr'>suasit</span> <span class='ocrx_word' id='word_1_540' title='bbox 1079 3708 1177 3780; x_wconf 77' lang='grc' dir='ltr'>λήλατο</span> <span class='ocrx_word' id='word_1_541' title='bbox 1190 3711 1292 3785; x_wconf 87' lang='lat' dir='ltr'>babet,</span> <span class='ocrx_word' id='word_1_542' title='bbox 1307 3712 1385 3789; x_wconf 85' lang='lat' dir='ltr'>quod</span> <span class='ocrx_word' id='word_1_543' title='bbox 1399 3713 1548 3770; x_wconf 75' lang='lat' dir='ltr'>sententiae</span> <span class='ocrx_word' id='word_1_544' title='bbox 1561 3727 1712 3789; x_wconf 82' lang='lat' dir='ltr'>repugnat.</span> <span class='ocrx_word' id='word_1_545' title='bbox 1728 3713 1771 3770; x_wconf 71' lang='lat' dir='ltr'>Ex</span> <span class='ocrx_word' id='word_1_546' title='bbox 1787 3719 1859 3774; x_wconf 65' lang='lat' dir='ltr'>Asi.</span> 
     </span>
     <span class='ocr_line' id='line_1_40' title="bbox 260 3792 1859 3878; baseline 0.007 -28"><span class='ocrx_word' id='word_1_547' title='bbox 260 3805 293 3850; x_wconf 89' lang='lat' dir='ltr'>ut</span> <span class='ocrx_word' id='word_1_548' title='bbox 304 3792 355 3850; x_wconf 85' lang='grc' dir='ltr'>οὐδ’</span> <span class='ocrx_word' id='word_1_549' title='bbox 367 3794 520 3867; x_wconf 87' lang='lat' dir='ltr'>legeretur.</span> <span class='ocrx_word' id='word_1_550' title='bbox 1080 3800 1189 3858; x_wconf 87' lang='lat' dir='ltr'>stotelis</span> <span class='ocrx_word' id='word_1_551' title='bbox 1206 3799 1442 3878; x_wconf 85' lang='lat' dir='ltr'>interpretatione</span> <span class='ocrx_word' id='word_1_552' title='bbox 1464 3799 1599 3870; x_wconf 87' lang='lat' dir='ltr'>ellicitur,</span> <span class='ocrx_word' id='word_1_553' title='bbox 1625 3799 1717 3858; x_wconf 87' lang='lat' dir='ltr'>verba</span> <span class='ocrx_word' id='word_1_554' title='bbox 1737 3803 1859 3872; x_wconf 80' lang='grc' dir='ltr'>πλατέος</span> 
     </span>
    </p>

    <p class='ocr_par' dir='ltr' id='par_1_4' title="bbox 261 3876 1870 4916">
     <span class='ocr_line' id='line_1_41' title="bbox 299 3876 1861 3964; baseline 0.006 -26"><span class='ocrx_word' id='word_1_555' title='bbox 299 3880 346 3940; x_wconf 88' lang='lat' dir='ltr'>Vs.</span> <span class='ocrx_word' id='word_1_556' title='bbox 367 3881 430 3951; x_wconf 72' lang='grc' dir='ltr'>ηδ.</span> <span class='ocrx_word' id='word_1_557' title='bbox 449 3877 507 3937; x_wconf 77' lang='grc' dir='ltr'>οὐδὲ</span> <span class='ocrx_word' id='word_1_558' title='bbox 523 3877 569 3954; x_wconf 75' lang='grc' dir='ltr'>μὲν</span> <span class='ocrx_word' id='word_1_559' title='bbox 593 3880 646 3936; x_wconf 80' lang='grc' dir='ltr'>οὐδ’</span> <span class='ocrx_word' id='word_1_560' title='bbox 663 3876 722 3950; x_wconf 86' lang='grc' dir='ltr'>αίης</span> <span class='ocrx_word' id='word_1_561' title='bbox 745 3879 835 3938; x_wconf 87' lang='grc' dir='ltr'>λείσιον</span> <span class='ocrx_word' id='word_1_562' title='bbox 850 3879 930 3957; x_wconf 81' lang='grc' dir='ltr'>δίμας</span> <span class='ocrx_word' id='word_1_563' title='bbox 956 3878 1033 3962; x_wconf 70' lang='lat' dir='ltr'>mh]</span> <span class='ocrx_word' id='word_1_564' title='bbox 1079 3881 1155 3964; x_wconf 79' lang='grc' dir='ltr'>ὅρκου</span> <span class='ocrx_word' id='word_1_565' title='bbox 1176 3901 1247 3942; x_wconf 83' lang='lat' dir='ltr'>certo</span> <span class='ocrx_word' id='word_1_566' title='bbox 1259 3889 1444 3959; x_wconf 70' lang='lat' dir='ltr'>Jorejuroudo</span> <span class='ocrx_word' id='word_1_567' title='bbox 1464 3885 1485 3944; x_wconf 91' lang='lat' dir='ltr'>i.</span> <span class='ocrx_word' id='word_1_568' title='bbox 1499 3905 1526 3945; x_wconf 88' lang='lat' dir='ltr'>e.</span> <span class='ocrx_word' id='word_1_569' title='bbox 1542 3900 1617 3943; x_wconf 90' lang='lat' dir='ltr'>certo</span> <span class='ocrx_word' id='word_1_570' title='bbox 1629 3885 1753 3959; x_wconf 75' lang='lat' dir='ltr'>soeaelerc,</span> <span class='ocrx_word' id='word_1_571' title='bbox 1779 3907 1861 3948; x_wconf 81' lang='lat' dir='ltr'>certa</span> 
     </span>
     <span class='ocr_line' id='line_1_42' title="bbox 261 3965 1860 4050; baseline 0.006 -25"><span class='ocrx_word' id='word_1_572' title='bbox 261 3967 347 4044; x_wconf 83' lang='lat' dir='ltr'>Apud</span> <span class='ocrx_word' id='word_1_573' title='bbox 359 3965 545 4023; x_wconf 84' lang='lat' dir='ltr'>Plutarchum</span> <span class='ocrx_word' id='word_1_574' title='bbox 560 3965 618 4036; x_wconf 82' lang='grc' dir='ltr'>ιιῐης</span> <span class='ocrx_word' id='word_1_575' title='bbox 629 3965 720 4025; x_wconf 89' lang='grc' dir='ltr'>λοίσιον</span> <span class='ocrx_word' id='word_1_576' title='bbox 732 3966 804 4043; x_wconf 76' lang='grc' dir='ltr'>γένος</span> <span class='ocrx_word' id='word_1_577' title='bbox 815 3969 968 4046; x_wconf 86' lang='lat' dir='ltr'>reperitur,</span> <span class='ocrx_word' id='word_1_578' title='bbox 985 3971 1034 4029; x_wconf 91' lang='lat' dir='ltr'>cui</span> <span class='ocrx_word' id='word_1_579' title='bbox 1080 3976 1142 4046; x_wconf 83' lang='lat' dir='ltr'>lege</span> <span class='ocrx_word' id='word_1_580' title='bbox 1154 3973 1190 4030; x_wconf 92' lang='lat' dir='ltr'>ad</span> <span class='ocrx_word' id='word_1_581' title='bbox 1205 3975 1398 4032; x_wconf 88' lang='lat' dir='ltr'>necessitatem</span> <span class='ocrx_word' id='word_1_582' title='bbox 1421 3985 1561 4050; x_wconf 89' lang='lat' dir='ltr'>spectare.</span> <span class='ocrx_word' id='word_1_583' title='bbox 1586 3973 1668 4030; x_wconf 91' lang='lat' dir='ltr'>llunc</span> <span class='ocrx_word' id='word_1_584' title='bbox 1691 3977 1860 4048; x_wconf 77' lang='lat' dir='ltr'>genitivum</span> 
     </span>
     <span class='ocr_line' id='line_1_43' title="bbox 261 4051 1859 4142; baseline 0.008 -32"><span class='ocrx_word' id='word_1_585' title='bbox 261 4053 401 4129; x_wconf 85' lang='lat' dir='ltr'>berghius</span> <span class='ocrx_word' id='word_1_586' title='bbox 414 4051 591 4130; x_wconf 89' lang='lat' dir='ltr'>patrocinari</span> <span class='ocrx_word' id='word_1_587' title='bbox 613 4072 674 4110; x_wconf 92' lang='lat' dir='ltr'>non</span> <span class='ocrx_word' id='word_1_588' title='bbox 699 4054 831 4114; x_wconf 88' lang='lat' dir='ltr'>debehat.</span> <span class='ocrx_word' id='word_1_589' title='bbox 854 4055 946 4112; x_wconf 91' lang='lat' dir='ltr'>lmmo</span> <span class='ocrx_word' id='word_1_590' title='bbox 961 4077 1034 4115; x_wconf 88' lang='lat' dir='ltr'>sen·</span> <span class='ocrx_word' id='word_1_591' title='bbox 1080 4059 1577 4140; x_wconf 61' lang='lat' dir='ltr'>Bessarionenupsiqtucmpendere</span> <span class='ocrx_word' id='word_1_592' title='bbox 1588 4073 1666 4117; x_wconf 88' lang='lat' dir='ltr'>ratus</span> <span class='ocrx_word' id='word_1_593' title='bbox 1679 4061 1775 4120; x_wconf 91' lang='lat' dir='ltr'>locum</span> <span class='ocrx_word' id='word_1_594' title='bbox 1791 4085 1859 4142; x_wconf 89' lang='lat' dir='ltr'>per-</span> 
     </span>
     <span class='ocr_line' id='line_1_44' title="bbox 262 4139 1862 4224; baseline 0.006 -26"><span class='ocrx_word' id='word_1_595' title='bbox 262 4141 351 4200; x_wconf 89' lang='lat' dir='ltr'>tentia</span> <span class='ocrx_word' id='word_1_596' title='bbox 363 4139 452 4200; x_wconf 82' lang='grc' dir='ltr'>λάσιον</span> <span class='ocrx_word' id='word_1_597' title='bbox 462 4139 542 4216; x_wconf 85' lang='grc' dir='ltr'>δίμας</span> <span class='ocrx_word' id='word_1_598' title='bbox 554 4139 681 4218; x_wconf 82' lang='lat' dir='ltr'>flagitat,</span> <span class='ocrx_word' id='word_1_599' title='bbox 695 4141 773 4218; x_wconf 91' lang='lat' dir='ltr'>quod</span> <span class='ocrx_word' id='word_1_600' title='bbox 790 4142 957 4200; x_wconf 87' lang='lat' dir='ltr'>Karstenius</span> <span class='ocrx_word' id='word_1_601' title='bbox 969 4163 1035 4202; x_wconf 88' lang='lat' dir='ltr'>ver·</span> <span class='ocrx_word' id='word_1_602' title='bbox 1079 4165 1180 4223; x_wconf 89' lang='lat' dir='ltr'>peram</span> <span class='ocrx_word' id='word_1_603' title='bbox 1201 4147 1307 4224; x_wconf 92' lang='lat' dir='ltr'>accipit</span> <span class='ocrx_word' id='word_1_604' title='bbox 1322 4168 1330 4205; x_wconf 79' lang='grc' dir='ltr'>τ</span> <span class='ocrx_word' id='word_1_605' title='bbox 1347 4167 1434 4202; x_wconf 76' lang='lat' dir='ltr'>«coen</span> <span class='ocrx_word' id='word_1_606' title='bbox 1459 4155 1534 4203; x_wconf 80' lang='lat' dir='ltr'>enim</span> <span class='ocrx_word' id='word_1_607' title='bbox 1551 4168 1655 4220; x_wconf 81' lang='lat' dir='ltr'>magna</span> <span class='ocrx_word' id='word_1_608' title='bbox 1670 4161 1811 4208; x_wconf 76' lang='lat' dir='ltr'>contentio</span> <span class='ocrx_word' id='word_1_609' title='bbox 1831 4162 1862 4208; x_wconf 78' lang='lat' dir='ltr'>m</span> 
     </span>
     <span class='ocr_line' id='line_1_45' title="bbox 261 4226 1860 4308; baseline 0.006 -23"><span class='ocrx_word' id='word_1_610' title='bbox 261 4226 309 4288; x_wconf 85' lang='lat' dir='ltr'>bis</span> <span class='ocrx_word' id='word_1_611' title='bbox 325 4227 525 4305; x_wconf 83' lang='lat' dir='ltr'>Etnpedoeleis</span> <span class='ocrx_word' id='word_1_612' title='bbox 544 4226 655 4289; x_wconf 89' lang='lat' dir='ltr'>intulit.</span> <span class='ocrx_word' id='word_1_613' title='bbox 678 4229 776 4288; x_wconf 85' lang='grc' dir='ltr'>Αοίσισν</span> <span class='ocrx_word' id='word_1_614' title='bbox 791 4228 952 4306; x_wconf 83' lang='lat' dir='ltr'>appellatur</span> <span class='ocrx_word' id='word_1_615' title='bbox 970 4249 1035 4308; x_wconf 92' lang='lat' dir='ltr'>pro·</span> <span class='ocrx_word' id='word_1_616' title='bbox 1080 4232 1381 4304; x_wconf 78' lang='lat' dir='ltr'>ntentbn&#39;snutrr&#39;tafult</span> <span class='ocrx_word' id='word_1_617' title='bbox 1392 4255 1427 4290; x_wconf 86' lang='lat' dir='ltr'>ac</span> <span class='ocrx_word' id='word_1_618' title='bbox 1441 4237 1481 4290; x_wconf 81' lang='lat' dir='ltr'>acl</span> <span class='ocrx_word' id='word_1_619' title='bbox 1498 4235 1613 4290; x_wconf 79' lang='lat' dir='ltr'>honores</span> <span class='ocrx_word' id='word_1_620' title='bbox 1625 4240 1753 4294; x_wconf 82' lang='lat' dir='ltr'>ascendit</span> <span class='ocrx_word' id='word_1_621' title='bbox 1778 4253 1860 4295; x_wconf 82' lang='lat' dir='ltr'>teur-</span> 
     </span>
     <span class='ocr_line' id='line_1_46' title="bbox 262 4314 1862 4400; baseline 0.008 -28"><span class='ocrx_word' id='word_1_622' title='bbox 262 4328 327 4392; x_wconf 90' lang='lat' dir='ltr'>pter</span> <span class='ocrx_word' id='word_1_623' title='bbox 340 4315 477 4386; x_wconf 84' lang='lat' dir='ltr'>arbores,</span> <span class='ocrx_word' id='word_1_624' title='bbox 501 4314 635 4391; x_wconf 79' lang='lat' dir='ltr'>frutices,</span> <span class='ocrx_word' id='word_1_625' title='bbox 656 4314 775 4386; x_wconf 87' lang='lat' dir='ltr'>herbas,</span> <span class='ocrx_word' id='word_1_626' title='bbox 801 4317 913 4393; x_wconf 90' lang='lat' dir='ltr'>plantas</span> <span class='ocrx_word' id='word_1_627' title='bbox 929 4318 1037 4394; x_wconf 87' lang='lat' dir='ltr'>quibus</span> <span class='ocrx_word' id='word_1_628' title='bbox 1078 4319 1289 4394; x_wconf 69' lang='lat' dir='ltr'>pomperfecto,</span> <span class='ocrx_word' id='word_1_629' title='bbox 1301 4323 1375 4396; x_wconf 84' lang='lat' dir='ltr'>quod</span> <span class='ocrx_word' id='word_1_630' title='bbox 1389 4328 1430 4378; x_wconf 83' lang='lat' dir='ltr'>cis</span> <span class='ocrx_word' id='word_1_631' title='bbox 1441 4342 1501 4378; x_wconf 88' lang='lat' dir='ltr'>cum</span> <span class='ocrx_word' id='word_1_632' title='bbox 1512 4325 1650 4378; x_wconf 79' lang='lat' dir='ltr'>alternum</span> <span class='ocrx_word' id='word_1_633' title='bbox 1659 4329 1715 4397; x_wconf 82' lang='lat' dir='ltr'>stt,</span> <span class='ocrx_word' id='word_1_634' title='bbox 1728 4331 1862 4400; x_wconf 73' lang='lat' dir='ltr'>eruptum</span> 
     </span>
     <span class='ocr_line' id='line_1_47' title="bbox 263 4401 1864 4481; baseline 0.007 -22"><span class='ocrx_word' id='word_1_635' title='bbox 263 4414 340 4460; x_wconf 86' lang='lat' dir='ltr'>terra</span> <span class='ocrx_word' id='word_1_636' title='bbox 351 4403 511 4461; x_wconf 84' lang='lat' dir='ltr'>convestita</span> <span class='ocrx_word' id='word_1_637' title='bbox 530 4401 648 4461; x_wconf 78' lang='lat' dir='ltr'>hirsutae</span> <span class='ocrx_word' id='word_1_638' title='bbox 668 4405 751 4480; x_wconf 88' lang='lat' dir='ltr'>quasi</span> <span class='ocrx_word' id='word_1_639' title='bbox 774 4403 899 4480; x_wconf 84' lang='lat' dir='ltr'>speciem</span> <span class='ocrx_word' id='word_1_640' title='bbox 914 4409 1034 4481; x_wconf 83' lang='lat' dir='ltr'>praebet.</span> <span class='ocrx_word' id='word_1_641' title='bbox 1077 4413 1222 4477; x_wconf 77' lang='lat' dir='ltr'>praecmsr&#39;t</span> <span class='ocrx_word' id='word_1_642' title='bbox 1233 4409 1441 4479; x_wconf 78' lang='lat' dir='ltr'>jusjurandum.</span> <span class='ocrx_word' id='word_1_643' title='bbox 1460 4431 1472 4458; x_wconf 80' lang='grc' dir='ltr'>ν</span> <span class='ocrx_word' id='word_1_644' title='bbox 1490 4405 1599 4465; x_wconf 89' lang='lat' dir='ltr'>Contra</span> <span class='ocrx_word' id='word_1_645' title='bbox 1616 4407 1864 4470; x_wconf 86' lang='lat' dir='ltr'>Panzerbieterus</span> 
     </span>
     <span class='ocr_line' id='line_1_48' title="bbox 262 4483 1870 4571; baseline 0.005 -25"><span class='ocrx_word' id='word_1_646' title='bbox 262 4487 347 4558; x_wconf 83' lang='lat' dir='ltr'>Quod</span> <span class='ocrx_word' id='word_1_647' title='bbox 364 4508 435 4548; x_wconf 83' lang='lat' dir='ltr'>vero</span> <span class='ocrx_word' id='word_1_648' title='bbox 449 4489 586 4566; x_wconf 82' lang='lat' dir='ltr'>Emperio</span> <span class='ocrx_word' id='word_1_649' title='bbox 609 4489 717 4565; x_wconf 90' lang='lat' dir='ltr'>placuit</span> <span class='ocrx_word' id='word_1_650' title='bbox 737 4489 828 4548; x_wconf 82' lang='grc' dir='ltr'>λε’σιον</span> <span class='ocrx_word' id='word_1_651' title='bbox 849 4489 934 4556; x_wconf 81' lang='grc' dir='ltr'>σδίνος</span> <span class='ocrx_word' id='word_1_652' title='bbox 957 4511 1037 4569; x_wconf 83' lang='lat' dir='ltr'>aeque</span> <span class='ocrx_word' id='word_1_653' title='bbox 1075 4483 1870 4571; x_wconf 64' lang='lat' dir='ltr'>p.28utasloripxouexipotssuimaptumesseopinamr</span> 
     </span>
     <span class='ocr_line' id='line_1_49' title="bbox 263 4571 1868 4652; baseline 0.011 -30"><span class='ocrx_word' id='word_1_654' title='bbox 263 4573 485 4651; x_wconf 70' lang='lat' dir='ltr'>improbandum</span> <span class='ocrx_word' id='word_1_655' title='bbox 495 4587 580 4634; x_wconf 65' lang='lat' dir='ltr'>escae</span> <span class='ocrx_word' id='word_1_656' title='bbox 595 4575 788 4652; x_wconf 69' lang='lat' dir='ltr'>Bergkianum</span> <span class='ocrx_word' id='word_1_657' title='bbox 805 4576 878 4634; x_wconf 80' lang='lat' dir='ltr'>illud</span> <span class='ocrx_word' id='word_1_658' title='bbox 888 4577 977 4635; x_wconf 59' lang='grc' dir='ltr'>λάσιοι</span> <span class='ocrx_word' id='word_1_659' title='bbox 991 4577 1037 4652; x_wconf 75' lang='grc' dir='ltr'>μέ.</span> <span class='ocrx_word' id='word_1_660' title='bbox 1075 4571 1201 4648; x_wconf 87' lang='lat' dir='ltr'>ideoque</span> <span class='ocrx_word' id='word_1_661' title='bbox 1213 4575 1289 4633; x_wconf 91' lang='lat' dir='ltr'>haud</span> <span class='ocrx_word' id='word_1_662' title='bbox 1305 4576 1401 4634; x_wconf 89' lang='lat' dir='ltr'>minus</span> <span class='ocrx_word' id='word_1_663' title='bbox 1419 4577 1492 4635; x_wconf 86' lang='lat' dir='ltr'>salso</span> <span class='ocrx_word' id='word_1_664' title='bbox 1506 4583 1593 4636; x_wconf 87' lang='lat' dir='ltr'>vertit</span> <span class='ocrx_word' id='word_1_665' title='bbox 1609 4600 1616 4637; x_wconf 77' lang='grc' dir='ltr'>ε</span> <span class='ocrx_word' id='word_1_666' title='bbox 1631 4606 1644 4632; x_wconf 77' lang='grc' dir='ltr'>ι</span> <span class='ocrx_word' id='word_1_667' title='bbox 1662 4582 1733 4639; x_wconf 80' lang='lat' dir='ltr'>aber</span> <span class='ocrx_word' id='word_1_668' title='bbox 1755 4584 1868 4641; x_wconf 90' lang='lat' dir='ltr'>sobald</span> 
     </span>
     <span class='ocr_line' id='line_1_50' title="bbox 263 4660 1867 4744; baseline 0.006 -26"><span class='ocrx_word' id='word_1_669' title='bbox 263 4683 316 4736; x_wconf 81' lang='grc' dir='ltr'>νος,</span> <span class='ocrx_word' id='word_1_670' title='bbox 331 4662 362 4719; x_wconf 93' lang='lat' dir='ltr'>in</span> <span class='ocrx_word' id='word_1_671' title='bbox 373 4681 431 4738; x_wconf 90' lang='lat' dir='ltr'>qao</span> <span class='ocrx_word' id='word_1_672' title='bbox 446 4661 671 4720; x_wconf 88' lang='lat' dir='ltr'>commendando</span> <span class='ocrx_word' id='word_1_673' title='bbox 686 4663 792 4721; x_wconf 88' lang='lat' dir='ltr'>lrustra</span> <span class='ocrx_word' id='word_1_674' title='bbox 807 4664 949 4721; x_wconf 86' lang='lat' dir='ltr'>laboravit</span> <span class='ocrx_word' id='word_1_675' title='bbox 965 4665 1038 4724; x_wconf 86' lang='lat' dir='ltr'>Stei-</span> <span class='ocrx_word' id='word_1_676' title='bbox 1076 4660 1136 4718; x_wconf 90' lang='lat' dir='ltr'>ihm</span> <span class='ocrx_word' id='word_1_677' title='bbox 1151 4660 1204 4720; x_wconf 91' lang='lat' dir='ltr'>der</span> <span class='ocrx_word' id='word_1_678' title='bbox 1218 4662 1369 4738; x_wconf 83' lang='lat' dir='ltr'>maechtige</span> <span class='ocrx_word' id='word_1_679' title='bbox 1382 4663 1470 4724; x_wconf 88' lang='lat' dir='ltr'>Streit</span> <span class='ocrx_word' id='word_1_680' title='bbox 1485 4667 1515 4723; x_wconf 91' lang='lat' dir='ltr'>in</span> <span class='ocrx_word' id='word_1_681' title='bbox 1533 4666 1582 4724; x_wconf 90' lang='lat' dir='ltr'>die</span> <span class='ocrx_word' id='word_1_682' title='bbox 1594 4667 1713 4726; x_wconf 86' lang='lat' dir='ltr'>Glieder</span> <span class='ocrx_word' id='word_1_683' title='bbox 1725 4671 1867 4744; x_wconf 74' lang='lat' dir='ltr'>gemach-</span> 
     </span>
     <span class='ocr_line' id='line_1_51' title="bbox 265 4747 1870 4834; baseline 0.006 -28"><span class='ocrx_word' id='word_1_684' title='bbox 265 4749 331 4808; x_wconf 90' lang='lat' dir='ltr'>nius</span> <span class='ocrx_word' id='word_1_685' title='bbox 344 4747 449 4806; x_wconf 77' lang='lat' dir='ltr'>collato</span> <span class='ocrx_word' id='word_1_686' title='bbox 462 4749 643 4808; x_wconf 89' lang='lat' dir='ltr'>Parmenidis</span> <span class='ocrx_word' id='word_1_687' title='bbox 657 4753 721 4809; x_wconf 93' lang='lat' dir='ltr'>loco</span> <span class='ocrx_word' id='word_1_688' title='bbox 732 4770 777 4810; x_wconf 88' lang='lat' dir='ltr'>vs.</span> <span class='ocrx_word' id='word_1_689' title='bbox 799 4754 852 4819; x_wconf 67' lang='grc' dir='ltr'>εδδ</span> <span class='ocrx_word' id='word_1_690' title='bbox 868 4751 968 4831; x_wconf 76' lang='grc' dir='ltr'>ἄστρων</span> <span class='ocrx_word' id='word_1_691' title='bbox 982 4759 1038 4834; x_wconf 82' lang='grc' dir='ltr'>θερ·</span> <span class='ocrx_word' id='word_1_692' title='bbox 1074 4767 1125 4807; x_wconf 86' lang='lat' dir='ltr'>sen</span> <span class='ocrx_word' id='word_1_693' title='bbox 1133 4791 1142 4821; x_wconf 87' lang='lat'>‚</span> <span class='ocrx_word' id='word_1_694' title='bbox 1154 4749 1264 4808; x_wconf 85' lang='lat' dir='ltr'>Undzu</span> <span class='ocrx_word' id='word_1_695' title='bbox 1274 4751 1368 4810; x_wconf 88' lang='lat' dir='ltr'>lllaclrt</span> <span class='ocrx_word' id='word_1_696' title='bbox 1378 4753 1438 4811; x_wconf 86' lang='lat' dir='ltr'>und</span> <span class='ocrx_word' id='word_1_697' title='bbox 1450 4753 1678 4832; x_wconf 85' lang='lat' dir='ltr'>Ehrengelangt‚</span> <span class='ocrx_word' id='word_1_698' title='bbox 1690 4756 1727 4814; x_wconf 90' lang='lat' dir='ltr'>da</span> <span class='ocrx_word' id='word_1_699' title='bbox 1737 4757 1786 4816; x_wconf 92' lang='lat' dir='ltr'>die</span> <span class='ocrx_word' id='word_1_700' title='bbox 1797 4758 1870 4816; x_wconf 88' lang='lat' dir='ltr'>Zeit</span> 
     </span>
     <span class='ocr_line' id='line_1_52' title="bbox 265 4833 1865 4916; baseline 0.007 -24"><span class='ocrx_word' id='word_1_701' title='bbox 265 4833 314 4913; x_wconf 89' lang='grc' dir='ltr'>μδν</span> <span class='ocrx_word' id='word_1_702' title='bbox 330 4833 413 4910; x_wconf 75' lang='grc' dir='ltr'>μίνος.</span> <span class='ocrx_word' id='word_1_703' title='bbox 1074 4835 1134 4894; x_wconf 88' lang='lat' dir='ltr'>sich</span> <span class='ocrx_word' id='word_1_704' title='bbox 1149 4837 1266 4897; x_wconf 78' lang='lat' dir='ltr'>erstillet</span> <span class='ocrx_word' id='word_1_705' title='bbox 1284 4840 1336 4897; x_wconf 86' lang='lat' dir='ltr'>llic</span> <span class='ocrx_word' id='word_1_706' title='bbox 1352 4843 1381 4897; x_wconf 93' lang='lat' dir='ltr'>in</span> <span class='ocrx_word' id='word_1_707' title='bbox 1391 4842 1573 4916; x_wconf 81' lang='lat' dir='ltr'>gewaltigeru</span> <span class='ocrx_word' id='word_1_708' title='bbox 1587 4841 1638 4901; x_wconf 72' lang='lat' dir='ltr'>ttid</span> <span class='ocrx_word' id='word_1_709' title='bbox 1652 4843 1865 4903; x_wconf 86' lang='lat' dir='ltr'>abwechselnd</span> 
     </span>
    </p>

    <p class='ocr_par' dir='ltr' id='par_1_5' title="bbox 265 4920 1867 5179">
     <span class='ocr_line' id='line_1_53' title="bbox 305 4920 1866 5010; baseline 0.009 -32"><span class='ocrx_word' id='word_1_710' title='bbox 305 4920 354 4982; x_wconf 80' lang='lat' dir='ltr'>Vs.</span> <span class='ocrx_word' id='word_1_711' title='bbox 382 4931 433 4996; x_wconf 72' lang='lat'>¹74</span> <span class='ocrx_word' id='word_1_712' title='bbox 449 4923 514 4981; x_wconf 88' lang='lat' dir='ltr'>crui</span> <span class='ocrx_word' id='word_1_713' title='bbox 538 4923 717 4983; x_wconf 87' lang='lat' dir='ltr'>ePlutarchi</span> <span class='ocrx_word' id='word_1_714' title='bbox 737 4925 801 4984; x_wconf 92' lang='lat' dir='ltr'>loco</span> <span class='ocrx_word' id='word_1_715' title='bbox 821 4925 856 4984; x_wconf 88' lang='lat' dir='ltr'>de</span> <span class='ocrx_word' id='word_1_716' title='bbox 879 4925 944 4990; x_wconf 86' lang='lat' dir='ltr'>Fac.</span> <span class='ocrx_word' id='word_1_717' title='bbox 963 4927 1036 4988; x_wconf 88' lang='lat' dir='ltr'>Luu.</span> <span class='ocrx_word' id='word_1_718' title='bbox 1074 4925 1162 4985; x_wconf 89' lang='lat' dir='ltr'>ihnen</span> <span class='ocrx_word' id='word_1_719' title='bbox 1176 4939 1283 5004; x_wconf 90' lang='lat' dir='ltr'>gesetzt</span> <span class='ocrx_word' id='word_1_720' title='bbox 1302 4930 1352 4986; x_wconf 92' lang='lat' dir='ltr'>ist.</span> <span class='ocrx_word' id='word_1_721' title='bbox 1369 4955 1381 4981; x_wconf 77' lang='grc' dir='ltr'>ν</span> <span class='ocrx_word' id='word_1_722' title='bbox 1407 4933 1443 4987; x_wconf 83' lang='lat' dir='ltr'>At</span> <span class='ocrx_word' id='word_1_723' title='bbox 1462 4931 1610 5005; x_wconf 87' lang='lat' dir='ltr'>genitivus</span> <span class='ocrx_word' id='word_1_724' title='bbox 1630 4931 1679 4990; x_wconf 87' lang='lat' dir='ltr'>ille</span> <span class='ocrx_word' id='word_1_725' title='bbox 1703 4947 1866 5010; x_wconf 77' lang='lat' dir='ltr'>poetarum</span> 
     </span>
     <span class='ocr_line' id='line_1_54' title="bbox 265 5009 1865 5093; baseline 0.007 -27"><span class='ocrx_word' id='word_1_726' title='bbox 265 5030 294 5087; x_wconf 92' lang='lat' dir='ltr'>p.</span> <span class='ocrx_word' id='word_1_727' title='bbox 306 5011 375 5084; x_wconf 83' lang='lat'><strong>926,</strong></span> <span class='ocrx_word' id='word_1_728' title='bbox 387 5011 446 5070; x_wconf 82' lang='lat' dir='ltr'>rol.</span> <span class='ocrx_word' id='word_1_729' title='bbox 457 5009 497 5067; x_wconf 87' lang='lat' dir='ltr'>tx</span> <span class='ocrx_word' id='word_1_730' title='bbox 508 5031 539 5087; x_wconf 95' lang='lat' dir='ltr'>p.</span> <span class='ocrx_word' id='word_1_731' title='bbox 551 5012 608 5069; x_wconf 84' lang='lat'>663</span> <span class='ocrx_word' id='word_1_732' title='bbox 619 5009 655 5069; x_wconf 85' lang='lat' dir='ltr'>ad</span> <span class='ocrx_word' id='word_1_733' title='bbox 668 5032 727 5073; x_wconf 76' lang='grc' dir='ltr'>νει.</span> <span class='ocrx_word' id='word_1_734' title='bbox 741 5015 863 5086; x_wconf 81' lang='lat'><strong>¹71·173</strong></span> <span class='ocrx_word' id='word_1_735' title='bbox 881 5013 1036 5093; x_wconf 88' lang='lat' dir='ltr'>descripto.</span> <span class='ocrx_word' id='word_1_736' title='bbox 1084 5033 1163 5072; x_wconf 81' lang='lat' dir='ltr'>inore</span> <span class='ocrx_word' id='word_1_737' title='bbox 1176 5013 1268 5071; x_wconf 81' lang='lat' dir='ltr'>dativi</span> <span class='ocrx_word' id='word_1_738' title='bbox 1280 5013 1343 5071; x_wconf 87' lang='lat' dir='ltr'>loco</span> <span class='ocrx_word' id='word_1_739' title='bbox 1352 5027 1516 5090; x_wconf 82' lang='lat' dir='ltr'>usurpatur.</span> <span class='ocrx_word' id='word_1_740' title='bbox 1530 5013 1574 5074; x_wconf 87' lang='lat' dir='ltr'>Cl.</span> <span class='ocrx_word' id='word_1_741' title='bbox 1585 5015 1712 5073; x_wconf 81' lang='lat' dir='ltr'>Matthiae</span> <span class='ocrx_word' id='word_1_742' title='bbox 1728 5019 1865 5078; x_wconf 87' lang='lat' dir='ltr'>Gramm.</span> 
     </span>
     <span class='ocr_line' id='line_1_55' title="bbox 265 5095 1867 5179; baseline 0.006 -24"><span class='ocrx_word' id='word_1_743' title='bbox 265 5095 393 5156; x_wconf 86' lang='lat' dir='ltr'>Steinius</span> <span class='ocrx_word' id='word_1_744' title='bbox 404 5097 478 5156; x_wconf 90' lang='lat' dir='ltr'>nihil</span> <span class='ocrx_word' id='word_1_745' title='bbox 491 5097 548 5157; x_wconf 88' lang='lat' dir='ltr'>nisi</span> <span class='ocrx_word' id='word_1_746' title='bbox 561 5095 683 5178; x_wconf 77' lang='grc' dir='ltr'>ἄστοργοι</span> <span class='ocrx_word' id='word_1_747' title='bbox 694 5097 739 5157; x_wconf 85' lang='grc' dir='ltr'>καὶ</span> <span class='ocrx_word' id='word_1_748' title='bbox 751 5097 861 5179; x_wconf 81' lang='grc' dir='ltr'>ἄκρητοι</span> <span class='ocrx_word' id='word_1_749' title='bbox 871 5101 998 5179; x_wconf 87' lang='lat' dir='ltr'>scripsit.</span> <span class='ocrx_word' id='word_1_750' title='bbox 1084 5101 1134 5159; x_wconf 90' lang='lat' dir='ltr'>Gr.</span> <span class='ocrx_word' id='word_1_751' title='bbox 1158 5103 1175 5178; x_wconf 72' lang='lat' dir='ltr'>S</span> <span class='ocrx_word' id='word_1_752' title='bbox 1198 5103 1253 5174; x_wconf 77' lang='lat'>375</span> <span class='ocrx_word' id='word_1_753' title='bbox 1280 5099 1347 5160; x_wconf 87' lang='lat' dir='ltr'>adn.</span> <span class='ocrx_word' id='word_1_754' title='bbox 1375 5122 1402 5159; x_wconf 83' lang='lat'>2.</span> <span class='ocrx_word' id='word_1_755' title='bbox 1426 5101 1595 5161; x_wconf 84' lang='lat' dir='ltr'>llarstcnius</span> <span class='ocrx_word' id='word_1_756' title='bbox 1618 5117 1710 5162; x_wconf 91' lang='lat' dir='ltr'>autem</span> <span class='ocrx_word' id='word_1_757' title='bbox 1734 5106 1766 5164; x_wconf 89' lang='lat' dir='ltr'>iu</span> <span class='ocrx_word' id='word_1_758' title='bbox 1791 5128 1867 5165; x_wconf 78' lang='grc' dir='ltr'>νοτ-ο</span> 
     </span>
    </p>
   </div>
   <div class='ocr_carea' id='block_1_3' title="bbox 0 0 1941 5926">
    <p class='ocr_par' dir='ltr' id='par_1_6' title="bbox 0 0 1941 5926">
     <span class='ocr_line' id='line_1_56' title="bbox 0 0 1941 5926; baseline 0 0"><span class='ocrx_word' id='word_1_759' title='bbox 0 0 1941 5926; x_wconf 95' lang='lat' dir='ltr'> </span> 
     </span>
    </p>
   </div>
  </div>
 </body>
</html>
