3776 5926
718 393 768 453 DE
789 391 954 450 ORPHEO.
1578 407 1630 458 163

21 527 95 584 diret
104 527 156 583 sed
166 528 250 583 etiam
262 535 294 582 ut
305 523 455 600 conjugem
464 524 740 597 secnmabdnceret‚
752 526 804 581 hac
848 524 986 579 habemns
1004 531 1100 580 testem
1113 527 1290 586 Ciceronem.
1312 527 1440 602 Namque
1457 533 1502 585 hic
1514 529 1550 589 de
1563 532 1630 595 Nat,

20 627 117 671 tamen
132 616 205 688 lege,
222 633 258 669 ne
272 615 350 688 prius
363 614 515 686 respiceret
536 612 671 686 quemad
688 629 805 686 superos
850 612 927 666 deor.
950 612 975 679 1,
1000 612 1059 670 38:
1079 637 1088 660 ·
1103 614 1267 690 Orpheum,
1291 617 1394 689 inquit,
1418 630 1532 689 poetam
1545 618 1630 675 ducet

18 706 203 778 pervenisset.
213 703 462 758 verumenimvero
472 711 550 754 vates
564 718 651 754 morae
658 701 805 772 impatiens
849 697 1012 756 Aristoteles
1025 719 1171 774 nunquam
1185 702 1266 756 fuisse
1282 714 1310 757 ct
1332 705 1386 758 hoc
1402 705 1559 778 Orphicum
1572 725 1631 761 car·

19 796 146 866 legisque
162 795 312 846 immemor
323 787 414 845 oculis
424 791 454 844 in
468 788 581 844 delicias
594 807 656 861 quae
672 805 748 862 pone
761 805 804 842 so·
849 804 914 839 men
928 787 1098 860 Pythagorei
1110 788 1202 842 serunt
1213 789 1359 860 cujusdam
1368 791 1451 846 luisse
1464 793 1604 866 Cercopis.
1619 817 1630 842 ι

19 883 184 954 quebantur
207 881 342 952 conjectis
359 897 478 954 uxorem
497 876 617 948 jamjam
629 877 666 932 ad
684 895 804 950 superos
848 872 985 944 Congruit
1001 874 1059 928 sere
1077 893 1141 928 cum
1156 875 1210 930 hoc
1225 877 1387 934 testimonio
1411 880 1472 952 ipsa
1486 877 1627 952 Stagiritae

20 969 181 1023 redituram
199 970 302 1023 iterum
313 968 417 1024 amisit.
431 967 525 1036 Quum
540 966 626 1039 igitur
640 965 741 1027 multas
754 984 813 1030 ιιιι-Ι
849 961 940 1014 oratio
958 961 993 1014 de
1008 960 1059 1016 An.
1075 962 1100 1031 l,
1115 959 1181 1017 θεία
1192 963 1341 1019 scribentis
1354 984 1361 1019 τ
1374 965 1460 1022 Τοῦτο
1478 965 1505 1022 δὲ
1518 969 1631 1024 πέπονθε

18 1059 90 1130 ptias
111 1057 266 1128 sprevisset
276 1055 400 1127 aliosque
414 1054 556 1126 insupera
572 1053 723 1108 mulierum
734 1069 802 1106 con·
848 1045 893 1102 καί
904 1048 918 1103 ό
931 1047 957 1103 ίν
971 1054 1024 1111 τοῖς
1038 1044 1172 1126 Ὀρφικοῖς
1185 1047 1267 1109 ἔτεσι
1277 1049 1446 1125 καλουμένοις
1466 1051 1554 1128 λόγος·
1567 1053 1632 1130 φησί

19 1144 107 1197 sartio
128 1152 158 1196 et
175 1159 273 1196 amore
297 1141 506 1208 dehortaretur,
531 1139 644 1195 tandem
666 1157 682 1194 a
700 1140 803 1193 lilaena·
848 1133 899 1214 γάρ
917 1134 963 1205 τὴν
987 1135 1073 1215 ψυχὴν
1098 1137 1128 1193 ix
1152 1141 1199 1194 τοῦ
1229 1135 1290 1194 δλου
1311 1136 1418 1196 είσιίναι
1438 1139 1630 1211 ἀναπνεόντων,

20 1230 100 1283 dibus
130 1228 294 1302 discerptus
319 1245 379 1282 esse
407 1226 541 1284 traditur.
576 1223 644 1297 Ejus
676 1223 804 1280 membra
848 1223 992 1301 φερομένην
1005 1224 1054 1282 ὑπὸ
1064 1225 1115 1280 τῶν
1131 1227 1245 1298 ἀνίμων.
1257 1226 1317 1302 ΟὐγΙ
1331 1216 1382 1283 οἶόν
1398 1247 1425 1283 τε
1440 1226 1471 1296 δὴ
1485 1227 1536 1292 τοῖς
1546 1227 1632 1305 φυτοῖς

20 1318 121 1390 passim
142 1335 293 1391 peragras
310 1333 405 1390 sparsa
417 1316 500 1372 lliusae
519 1315 696 1387 collegerunt
716 1327 802 1386 atque
848 1310 1082 1386 conmmeatum
1094 1311 1151 1370 οὐδὲ
1165 1315 1217 1369 τῶν
1230 1313 1302 1391 ζῴων
1314 1313 1398 1389 ἐνίοις,
1408 1313 1481 1393 είπιρ
1496 1314 1533 1390 μὴ
1544 1315 1631 1373 πάντα

20 1405 184 1461 humarunt.
197 1406 288 1477 Caput
300 1421 370 1458 vero
382 1421 448 1457 cum
463 1403 524 1474 lyra
540 1403 570 1456 in
583 1402 709 1457 Hebrum
724 1399 802 1470 deje·
849 1398 1031 1458 άναπνίουσιν.
1043 1401 1129 1458 Τοῦτο
1142 1399 1169 1457 δέ
1179 1398 1273 1471 λέληθε
1282 1398 1340 1465 τοὺς
1352 1401 1433 1468 οὕτως
1446 1403 1629 1480 ὑπειληφότας.

21 1503 93 1546 ctum
112 1493 144 1546 vi
162 1489 288 1546 fluminis
312 1490 435 1546 Lesbum
459 1488 583 1544 delatum
606 1498 691 1562 atque
707 1488 748 1543 ibi
766 1489 803 1542 ab
848 1487 894 1542 Ad
909 1505 993 1560 quem
1008 1489 1104 1542 locum
1121 1489 1297 1561 Philoponus
1310 1492 1369 1545 haec
1384 1492 1531 1546 adnotavit
1547 1511 1554 1546 τ
1571 1493 1630 1549 Κα-

22 1581 120 1636 iucolis
131 1581 276 1654 sepultam
291 1596 347 1634 esse
368 1578 468 1634 dicunt
484 1595 491 1634 :
508 1578 568 1650 lyra
582 1587 701 1633 autema
718 1579 804 1632 illusis
848 1564 1072 1648 λουμένοιςείτιεν,
1086 1572 1176 1642 ίττειδὴ
1188 1574 1225 1649 μὴ
1239 1577 1310 1632 δοκεῖ
1323 1575 1442 1656 Ὀρφέοις
1453 1567 1631 1648 ιῖναιτδιίπη,

20 1686 140 1740 quarum
164 1667 264 1722 laudus
279 1676 417 1740 perpetuo
436 1665 630 1721 celebraverat
648 1667 678 1718 in
700 1667 802 1719 coelnm
848 1661 882 1724 ὡς
896 1659 942 1715 καί
957 1659 1032 1724 αὐτὸς
1044 1663 1069 1718 έν
1081 1668 1136 1726 τοῖς
1152 1661 1215 1738 περί,
1227 1663 1379 1740 φιλοσοφίας
1398 1663 1480 1738 λίγει·
1494 1665 1571 1722 αὐτοῦ
1583 1665 1631 1740 μὲν

20 1758 150 1810 hatxslata
166 1757 240 1810 inter
253 1754 345 1809 sidera
366 1752 465 1827 fulget.
485 1753 602 1808 Narravi
618 1752 727 1807 fabulas
740 1755 802 1824 qui·
847 1745 898 1824 γάρ
910 1748 960 1805 τίσι
983 1747 1016 1806 τά
1031 1747 1165 1826 δόγματα·
1189 1755 1271 1806 ταῦτα
1293 1748 1321 1806 δέ
1342 1773 1420 1827 φησιν
1441 1751 1631 1829 Ὀνομάκριτον

19 1843 65 1897 bns
81 1844 194 1916 Orphei
209 1860 314 1896 nonren
332 1853 481 1914 puetarum
497 1841 721 1912 suaviloquentia
748 1841 802 1893 im·
848 1833 1132 1894 literatissimum.
1145 1840 1208 1894 Jam
1223 1837 1631 1913 licetl‘hiloponusnonidem

18 1932 185 1985 mortalitati
197 1929 426 1984 commendatum
439 1939 488 1982 est.
505 1929 568 1998 Qua
579 1929 608 1981 in
620 1945 651 1982 re
669 1927 700 1981 id
710 1927 803 1981 solum
848 1922 926 1994 apud
939 1926 1118 1980 Aristotelem
1125 1926 1313 2000 legeritquod
1325 1929 1423 1982 Cicero
1436 1945 1465 1982 se
1473 1930 1632 2002 repperisse

19 2020 153 2091 spectavi,
170 2028 203 2072 ut
220 2016 399 2071 ostenderem
414 2017 510 2070 omnia
521 2033 583 2086 quae
597 2013 634 2069 ‹le
643 2033 677 2069 eo
690 2014 803 2087 prodita
847 2011 907 2066 ait:
925 2021 1019 2067 tamen
1030 2013 1083 2066 ista
1096 2014 1322 2067 testimoniorum
1336 2014 1524 2086 discrepantia
1538 2017 1567 2069 in
1578 2017 1631 2073 hac

19 2109 78 2151 sont
100 2099 215 2152 incerta
231 2113 288 2150 esse
310 2106 339 2150 et
362 2093 499 2162 fabulosa,
518 2094 622 2161 vitam,
638 2111 742 2161 mores,
758 2111 803 2148 res
847 2099 1000 2168 quaestione
1008 2117 1067 2154 non
1076 2101 1172 2172 magni
1183 2102 1317 2154 momenti
1324 2111 1374 2168 est,
1386 2102 1521 2173 qnoniam
1529 2103 1632 2158 Aristo-

19 2197 119 2260 gcstas,
151 2183 265 2256 studia,
293 2182 399 2255 ingenii
422 2191 616 2236 monumenta.
641 2183 682 2237 Ac
703 2191 802 2236 caetera
848 2184 930 2239 telem
945 2186 1317 2259 Orphicaquaedtcebantur
1327 2205 1450 2242 carmina
1464 2189 1499 2243 ab
1515 2191 1630 2264 Orpheo

20 2273 133 2344 qnidem
156 2270 420 2358 praeteimittamns,
448 2267 571 2322 carmina
593 2284 663 2321 vero
685 2267 801 2340 Orpheo
847 2271 1113 2346 abjudicassepatet.
1125 2275 1282 2330 Aristotelis
1291 2275 1631 2347 partibusadnmnerandt

19 2360 162 2433 adscripta
175 2376 237 2430 quae
247 2330 366 2412 velolim
376 2355 541 2410 exstiterunt
552 2354 596 2408 vel
605 2371 681 2408 nnnc
695 2363 803 2408 exstant
847 2364 1044 2416 suutomnesii
1054 2363 1113 2434 qui,
1122 2359 1227 2433 rejecta
1237 2362 1314 2436 vulgi
1324 2363 1631 2438 opinione,grtecorurn

19 2463 178 2518 eorumque
216 2445 370 2516 fragmenta
405 2442 531 2496 breviter
570 2443 800 2515 perstringamus.
846 2458 1010 2519 poematum
1025 2450 1217 2521 antiquissima
1237 2451 1355 2504 Homeri
1378 2451 1482 2521 scripta
1495 2468 1552 2506 esse
1566 2470 1629 2506 cre-

18 2534 160 2604 Quaeritur
172 2533 246 2588 enim
255 2533 348 2586 sintne
357 2530 464 2601 Orphei
475 2547 511 2584 an
519 2529 588 2584 alius
600 2539 701 2602 poetae.
713 2529 802 2583 Nimi·
849 2530 1180 2608 diderunt.Vulgusenim
1186 2535 1375 2607 Orphicorum
1383 2548 1629 2592 monumentorum
1652 2595 1657 2603 ,

17 2641 75 2676 τοττι
96 2624 120 2676 si
137 2621 328 2688 Aristotelem,
347 2620 523 2683 Ciceronem,
544 2616 662 2671 Suidam
676 2616 803 2689 aliosque
848 2621 1044 2692 antiquitatem
1058 2621 1202 2676 tuebatur.
1219 2623 1357 2694 Josephus
1374 2635 1467 2677 contr.
1486 2625 1588 2698 Apion.
1604 2629 1629 2697 l,

18 2720 146 2764 auctores
155 2710 323 2782 incorrupte
327 2704 465 2778 judicasse
476 2706 677 2772 existimamus,
685 2703 804 2759 redditis
849 2723 907 2777 ap.
923 2707 980 2773 438
999 2724 1007 2765 ε
1024 2702 1117 2771 Ὀλως
1134 2707 1276 2784 respirauit
1296 2705 1427 2777 Ἕλλησιν
1448 2707 1520 2766 οὐδὲν
1535 2711 1630 2786 epoho.

18 2800 65 2852 suis
74 2799 187 2868 cuique
196 2805 290 2870 poetae
299 2794 425 2848 versibus
435 2794 523 2848 veteri
534 2795 677 2850 Musarum
686 2793 802 2847 alumno
847 2792 971 2864 γοόμινον
998 2791 1145 2872 εὑρίσκεται
1162 2798 1208 2864 τῆς
1223 2792 1344 2872 Ὀμήρου
1364 2795 1492 2864 ποιήσεως
1512 2795 1629 2874 πρεσόιί-

18 2904 70 2940 uon
83 2885 179 2940 inodo
198 2885 308 2938 nullum
330 2899 446 2956 poema,
465 2881 515 2936 sed
535 2900 571 2936 ne
591 2899 665 2936 unus
688 2881 803 2954 quidem
847 2899 931 2954 τερον.
947 2883 1046 2936 Sextus
1060 2881 1219 2955 Empiricos
1240 2895 1332 2940 contr.
1347 2884 1471 2939 Gramm.
1486 2885 1537 2942 lib.
1550 2887 1575 2954 1,
1595 2905 1629 2941 ιο

18 2971 356 3043 νετείοιιίοετείῐιιιγυίιιιτ.
367 2968 542 3042 Quippeboo
550 2969 645 3041 posito
657 2969 803 3041 inOrphei
846 2983 877 3038 p.
895 2965 974 3040 259:
996 2965 1125 3042 Πίνδαρός
1142 2987 1230 3044 φησιν,
1247 2967 1410 3044 ἀρχαιοτάτη
1425 2968 1494 3027 ἐστίν
1508 2973 1525 3040 ἡ
1541 2967 1627 3046 Ὀμή-

17 3059 111 3112 locum
128 3059 299 3125 Brontinns‚
326 3055 461 3128 Cercops‚
494 3055 637 3126 Zopyrus,
661 3056 801 3121 Porsinna,
848 3073 892 3128 φου
907 3052 1023 3123 ποίησις·
1047 3053 1148 3128 ποίημα
1169 3055 1220 3131 γδιρ
1246 3055 1316 3113 οὐδὲν
1333 3048 1580 3134 πρεσόιίτερονῆκτν
1594 3059 1630 3126 είς

19 3147 230 3212 Onomacritus,
241 3144 393 3210 Maximus,
404 3144 452 3196 alii
465 3141 619 3196 succedant
629 3160 740 3198 necesse
755 3153 803 3198 est
846 3141 917 3208 ἡμᾶς
931 3143 976 3210 τῆς
992 3141 1091 3197 ίκείνου
1112 3141 1250 3211 ποιήσεως.
1275 3145 1441 3200 scholiastes
1456 3145 1493 3201 ad
1509 3149 1628 3222 Dionys.

18 3232 110 3304 Quid?
122 3239 202 3305 quod
214 3251 231 3288 a
243 3233 291 3286 tali
304 3231 439 3284 sententia
454 3246 490 3283 ne
506 3225 667 3292 Herodotus
685 3227 722 3302 (8)
736 3230 802 3303 qni·
846 3228 970 3285 Gramm.
984 3247 1014 3302 p.
1030 3229 1086 3299 785
1098 3247 1105 3287 :
1118 3231 1150 3287 Ei
1165 3229 1209 3286 καί
1221 3230 1352 3308 ἱστοροῦσί
1366 3253 1431 3298 τινες
1440 3232 1549 3301 ποιητός
1563 3255 1630 3310 προ-

19 3320 267 3374 demabhorruisse
277 3317 446 3373 videturlib.
466 3316 504 3384 ll,
514 3314 549 3370 53
560 3316 595 3370 de
604 3318 696 3388 poetis
707 3335 801 3371 rerum
846 3318 999 3390 γεγενῆσθαι
1013 3313 1133 3394 Ὀμήρου
1151 3315 1286 3374 Μουσαῖόν
1301 3317 1386 3374 τεκαὶ
1404 3317 1506 3394 Ὀρφέα
1519 3318 1564 3375 καί
1577 3319 1627 3376 Λί-

17 3425 159 3462 sacrarum
169 3405 367 3461 inventoribus
377 3405 436 3458 haec
446 3403 602 3458 tradenstn
617 3403 689 3457 Nam
705 3405 802 3458 Hesio·
846 3424 899 3472 νον,
912 3403 971 3459 ἀλλ’
997 3399 1068 3476 ὅμως
1092 3402 1166 3460 οὐδὲν
1193 3402 1370 3480 αρεσόύτερον
1394 3407 1441 3473 τῆς
1457 3403 1566 3470 Ἰλιάδος
1585 3405 1630 3461 καὶ

18 3490 801 3570 dusatqueHumenxsquosqrtatlringentisnonamplius
847 3488 1001 3555 Ὀδυσσείας
1027 3490 1154 3558 σώζεσθαι
1183 3489 1296 3565 ποίημα.
1321 3489 1390 3548 Ἀλλ’
1417 3495 1469 3568 ἐρεῖ
1495 3513 1544 3565 τις,
1556 3494 1627 3562 πῶς;

16 3585 92 3638 annis
106 3595 172 3639 ante
190 3601 237 3638 me
251 3583 354 3636 vixisse
374 3585 488 3654 opinor,
505 3577 546 3634 illi
565 3579 645 3634 fuere
659 3581 708 3652 qui
725 3580 802 3635 Grae-
847 3575 902 3632 ἐπεὶ
916 3575 1060 3655 γράμματα
1081 3575 1209 3645 στίζονται
1231 3575 1412 3655 πρεσὸιίτερα;
1428 3577 1473 3635 καί
1489 3599 1574 3656 φαμεν
1590 3577 1630 3635 ότι

17 3673 55 3726 cis
64 3673 253 3745 theogonium
265 3669 394 3724 iecerunt
403 3667 513 3739 diisque
529 3666 645 3739 singulis
656 3677 685 3721 et
696 3685 801 3739 cogno·
846 3661 878 3720 τδι
894 3662 942 3738 μὲν
957 3664 1055 3720 τούτων
1070 3663 1242 3742 ἐψευσμένους
1252 3665 1342 3742 ἔχουσι
1353 3664 1411 3728 τοὺς
1424 3664 1540 3743 χρόνους,
1554 3664 1587 3723 τά
1601 3665 1629 3721 δὲ

18 3761 91 3814 mina
101 3759 247 3814 dederunt
259 3757 417 3812 ethonores
426 3765 510 3827 atque
524 3751 641 3808 artificia
651 3755 800 3807 constitue·
845 3749 977 3828 νεωτέρων
992 3754 1069 3808 τινῶν
1086 3754 1197 3830 ἐχόντων
1214 3751 1365 3828 ὁμωνυμίας
1383 3755 1436 3810 τῶν
1450 3754 1571 3810 παλαιῶν
1584 3751 1629 3816 τάς

19 3859 82 3902 rant
99 3859 128 3902 et
150 3845 257 3921 figuras
279 3863 379 3900 eornm
400 3845 591 3916 designarunt.
613 3843 722 3914 Quibus
735 3845 802 3898 viris
846 3836 991 3918 εἰτιγραφδς
1003 3836 1100 3918 έχουσι.
1115 3842 1282 3897 scholiastes
1294 3842 1330 3897 ad
1342 3841 1493 3898 Aristidem
1504 3860 1534 3915 p.
1547 3841 1604 3895 206
1620 3854 1629 3897 t

19 3938 64 4006 qni
77 3938 191 4010 priores
203 3934 391 4007 perhibentur
402 3932 536 3987 exstitisse
544 3942 647 4004 poetae,
658 3933 801 4004 posterio-
846 3927 1029 4006 ’Λρχαιότατός
1040 3930 1109 3986 ίστιν
1118 3927 1315 4009 ό“ομηρος,όις
1325 3928 1411 4004 ἴσμεν,
1426 3931 1459 3986 El
1469 3927 1496 3985 δέ
1508 3951 1544 3994 τις
1554 3926 1627 4005 εἴπῃ,

17 4034 111 4090 res,ut
124 4042 180 4097 ego
194 4023 311 4096 opinor,
321 4021 374 4074 illis
388 4019 515 4074 luerunt.
529 4043 541 4066 ι
556 4019 609 4072 Hic
624 4019 711 4090 igitur
725 4018 801 4072 nulla
845 4014 953 4091 καὶμὴν
967 4014 1017 4092 πρὸ
1040 4017 1120 4074 αὐτοῦ
1143 4015 1246 4095 γέγονεν
1269 4015 1398 4096 Ὀρφεύς,
1417 4017 1469 4094 πρὸ
1488 4017 1566 4074 αὐτοῦ
1582 4014 1629 4090 μὲν

18 4111 122 4182 Orphei
135 4107 173 4185 l9}
191 4109 339 4164 mentione
364 4105 438 4160 sacta
461 4107 603 4160 neminem
626 4105 750 4162 Homero
773 4115 801 4158 et
845 4103 948 4206 γέγονε,
964 4102 1036 4160 τόδὲ
1046 4102 1165 4180 δόγματα
1176 4103 1293 4182 ’ρὈρφεως
1302 4104 1491 4182 Ὀνομάκριτος
1499 4101 1629 4177 μετεόαλε

18 4193 143 4250 Hesiodo
153 4195 344 4267 antiquiorem
357 4204 472 4266 poetam
487 4194 578 4248 novit.
845 4190 903 4250 δι’
893 4193 971 4248 ἐπῶν·
988 4213 1033 4248 και
1023 4189 1182 4268 Αἰσχίνης,
1196 4191 1270 4259 Λέξον
1285 4216 1333 4272 περ
1334 4192 1344 4248 l
1360 4191 1480 4269 Ομῆρου
1496 4189 1524 4248 δν
1540 4192 1619 4248 ἐν
1578 4212 1630 4254 τοις

53 4279 447 4350 DeAristotele,cujusverba
456 4279 492 4332 ad
502 4289 626 4332 nostram
634 4277 800 4332 memoriam
845 4277 1034 4357 πρεσδυτάτοις
1049 4277 1094 4335 καλ
1110 4269 1268 4388 σρφωτάτοις
1288 4282 1339 4337 τῶν
1356 4283 1470 4348 ποιητῶν
1483 4277 1628 4354 τάττομεν·

16 4386 72 4422 non
92 4379 274 4436 manserunt,
310 4386 397 4440 quum
421 4366 549 4440 (tr-pirna
585 4367 614 4419 in
645 4363 802 4437 deperditis
844 4363 916 4436 tta
930 4387 1025 4444 nuptast
1044 4364 1147 4434 ποίησίς
1170 4369 1269 4424 ἐστιν’
1259 4389 1298 4441 η
1293 4391 1359 4424 υιετα
1346 4365 1510 4443 μιμήσεως
1530 4361 1628 4434 τινοςῆ

15 4458 127 4530 scriptis
140 4458 200 4512 sine
208 4455 299 4512 dubio
308 4456 465 4510 accuratius
477 4455 616 4524 tractarit,
628 4453 800 4526 locupletem
846 4451 1069 4530 μετδοίκονομίας
1077 4477 1122 4512 και
1113 4453 1268 4526 διασκευῆς
1279 4454 1323 4512 καί
1334 4454 1420 4531 μύθων
1429 4456 1454 4512 ἐν
1466 4452 1540 4511 ίπεσι
1548 4451 1628 4520 τάξις·

43 4705 80 4764 (θ)
99 4701 236 4752 Herodotus
245 4700 287 4750 llb.
300 4701 331 4760 ll,
345 4704 390 4750 53:
400 4697 509 4748 Ἡσίοδον
523 4698 567 4761 γάρ
581 4698 622 4748 ital
631 4698 737 4760 Ὀμηρον
749 4698 800 4754 ἡλι-
847 4697 996 4747 Ίίνδεδύκτισι
1006 4698 1135 4752 δίαιθῶνας
1142 4696 1229 4751 λινέους
1238 4698 1289 4759 περὶ
1299 4695 1328 4744 τὰ
1335 4697 1421 4744 σκέλεα
1427 4695 1582 4755 θυσανωτούς,
1591 4695 1630 4752 οὓς

12 4774 65 4830 sies
78 4773 254 4833 τετρακοσίοισι
270 4771 332 4819 ἔτεσι
351 4770 427 4818 δοκέω
445 4784 489 4830 μεν
502 4768 669 4830 πφιοόυτὲρους
682 4769 799 4830 γενέσθαι,
845 4769 956 4816 καλέουσι
973 4767 1107 4828 καλασίρις·
1128 4769 1165 4815 ἐπὶ
1186 4765 1290 4815 τοιίτοισι
1314 4767 1338 4814 δὲ
1355 4766 1439 4828 ιίρίνεα
1453 4767 1538 4826 εἵματα
1558 4765 1629 4813 λευκά

11 4846 51 4890 καί
65 4844 97 4891 οὺ
107 4843 199 4891 πλέοσι.
209 4841 282 4890 otrus
289 4842 315 4890 δι’
324 4843 370 4890 είσι
382 4843 405 4888 ol
413 4840 553 4896 ποιήσαντες
563 4840 684 4900 θεογονίην
691 4839 800 4896 Ἕλλησι,
848 4839 1007 4895 ίπαναόληδὸν
1018 4839 1137 4900 φορέουσι.
1148 4837 1185 4885 Οὐ
1195 4839 1273 4897 μέντοι
1283 4837 1304 4891 t<
1316 4851 1343 4896 γι
1354 4839 1383 4883 τοι
1396 4837 1434 4896 ipit
1450 4837 1563 4897 ἐςφίφεται
1574 4833 1629 4895 είρί-

10 4914 129 4959 seinaim
136 4913 207 4958 lecim
216 4912 256 4966 she
266 4910 399 4971 ίπιονυμίας
411 4909 498 4966 δόντες,
508 4910 548 4956 καί
562 4912 630 4971 τιμάς
639 4924 664 4957 τι
671 4910 711 4957 καὶ
719 4907 801 4969 τέχνας
846 4925 901 4966 νεα,
912 4909 964 4957 οὐδὲ
981 4908 1200 4965 συγκαταθάπτεταί
1212 4921 1266 4969 σρι·
1282 4907 1310 4955 οὐ
1323 4908 1367 4968 γὰρ
1377 4907 1451 4954 ὅσιον.
1461 4905 1629 4966 ἰιμοὶογίουσι

10 4981 141 5034 διελόντες.
154 4981 192 5027 καὶ
203 4981 265 5029 eldea
278 4982 354 5028 αὐτῶν
368 4979 523 5040 σημήναντες.
538 4979 600 5027 otus
613 4978 723 5040 πρότερον
732 4994 801 5034 ποιη-
846 4979 870 5027 δὲ
880 4983 953 5026 ταῦτα
967 4983 1028 5026 τοῖσι
1038 4978 1168 5040 Ὀρφικοῖσι
1181 4979 1344 5039 καλεομένοισι
1357 4980 1396 5024 καί
1412 4980 1557 5038 Βακχικοῖσι.
1565 4973 1629 5021 δοῦσι

9 5056 48 5100 ταί
62 5050 188 5111 λεγόμενοι
202 5053 289 5100 τούτων
304 5057 351 5100 τῶν
367 5051 457 5113 ἀνδρῶν
467 5050 587 5112 γενέσθαι,
601 5049 709 5112 ὕστερον,
722 5049 801 5111 ίμιιγε
846 5049 871 5096 δὲ
892 5047 1040 5108 Αἰγυπτίοισι
1061 5049 1102 5097 καὶ
1127 5048 1316 5110 Πυθαγορείοισι.
1336 5047 1396 5094 Οὐδὲ
1414 5047 1458 5106 γὰρ
1478 5045 1564 5092 τούτων
1582 5049 1629 5091 τῶν

9 5123 119 5179 δοκέειν,
132 5121 337 5178 ίγίνυιτοτοιίτων.
848 5118 933 5179 ὀργίων
947 5120 1077 5179 μετέχοντα,
1093 5119 1158 5166 dorin
1175 5119 1224 5166 ἐστι
1241 5119 1264 5166 ἐν
1280 5117 1395 5178 εἰρινέοισι
1412 5117 1491 5172 εἵμασι
1507 5115 1628 5174 θαφθῆναι.

45 5191 374 5252 (9)οιμ1ιῖοοτυιτιῖιι1ιιιιιο
394 5191 493 5241 modum
512 5189 623 5239 meminit
640 5189 681 5238 lib.
696 5189 802 5248 thet:
846 5188 913 5236 Ἔστι
925 5188 1012 5251 &rapi
1022 5189 1099 5238 αὐτῶν
1115 5189 1162 5252 ἱρὸς
1172 5189 1240 5250 λόγος
1251 5187 1382 5248 λεγόμενος.

1516 5275 1549 5317 ii.
