3838 5926
292 421 349 474 tte

346 547 415 616 (τῶν
422 541 484 622 μίαν
495 540 616 622 ούχρειύν
624 541 703 613 ἐστιν,
713 541 739 599 έν
746 530 970 621 ᾧπεπλανημένοι
976 535 1068 620 εἰσίν)

290 653 328 692 tta
348 631 460 690 άντίαδ
475 630 609 709 ίκρίναντο
622 627 704 704 δίμας
717 627 762 686 καὶ
775 624 874 704 σήματ’
882 626 969 686 limo

346 717 426 799 χωρίς
440 716 485 776 ἀπ’
500 715 634 787 ἀλλήλοιν·
653 717 687 794 τῇ
700 714 747 791 μέν
765 712 858 796 ρλογδτ
871 713 983 794 αἰθέριον
996 719 1048 795 π’ύρ

332 807 422 878 ,ἤπιον
433 805 485 877 έύν,
499 803 558 881 μέγ’
572 801 671 883 δραιάν,
683 804 772 883 έιοιιτῷ
786 801 901 860 πάντοσε
913 800 1028 876 ταύτόν,

345 897 383 974 τῷ
396 894 418 952 δ’
428 893 508 972 έτέριρ
523 892 560 967 μὴ
572 890 684 951 τωῦτάν·
699 889 766 970 ἀτάρ
777 891 882 950 κάκεῖνο
891 888 949 950 κατ’
960 887 1024 948 αὐτὸ

347 981 432 1053 ἀντία,
449 982 520 1041 νύκτ’
534 982 619 1052 alini,
634 978 740 1039 πυκινὸν
757 976 838 1055 δέμας
851 977 974 1059 έμθριθές
986 999 1025 1036 τε.

199 1111 205 1126 .
290 1091 328 1130 110
347 1073 372 1131 Τ
373 1074 408 1129 ῶν
421 1092 461 1130 σοι
476 1067 528 1145 έγδι
542 1067 685 1143 διάκοσμον
700 1065 803 1127 ἐοικότα
814 1067 901 1125 πάντα
914 1066 1033 1148 ρατὶσω,

346 1153 381 1217 ὡς
392 1149 422 1207 οὗ
435 1146 537 1225 μήποτέ
546 1146 584 1214 τίς
600 1168 630 1205 σι
641 1149 740 1227 βροτῶν
754 1145 847 1224 γνώμη
862 1145 1028 1226 παριλάσοῃ.

497 1287 513 1318 a
673 1285 688 1316 a
848 1285 862 1316 a

347 1391 438 1472 Λύτδιρ
451 1387 540 1462 ἐπειδὴ
553 1389 640 1450 πάντα
657 1391 722 1470 palor
733 1390 779 1450 καὶ
793 1388 838 1460 νύξ
851 1389 996 1466 θνάμασται

287 1626 388 1684 parum
396 1607 518 1680 differat,
531 1619 564 1663 ut
573 1627 618 1681 ap.
631 1609 744 1665 Pindar.
757 1609 781 1676 l,
798 1607 826 1677 3,
839 1627 872 1678 71
887 1603 989 1685 μορρδν
1005 1609 1070 1686 βρα-

288 1693 346 1772 χύς.
362 1696 555 1769 Quamobrem
564 1697 620 1751 hoc
632 1697 696 1752 loco
707 1697 887 1752 Parmenides
897 1693 997 1773 μορρδτ
1011 1696 1070 1752 duo

287 1782 423 1856 primaria
439 1799 535 1838 rerum
547 1783 686 1839 elementa
698 1783 847 1856 intelligit,
868 1801 993 1855 quorum
1012 1781 1069 1838 dis·

288 1878 409 1932 crImina
425 1877 574 1932 hominum
587 1877 716 1932 instituto
734 1895 760 1930 ν.
787 1875 840 1932 115
857 1877 893 1932 ad
914 1895 1070 1951 corporum

289 1964 482 2019 diversitatem
497 1974 621 2020 revocat.
639 1965 733 2018 Minus
750 1965 934 2038 perspicuum
954 1965 984 2018 in
998 1962 1071 2034 ejus·

288 2053 368 2108 modi
380 2055 516 2108 sententia
534 2057 657 2128 corpmr's
668 2070 774 2108 nomen
786 2060 827 2106 est
833 2093 843 2123 ‚
863 2049 893 2105 id
906 2051 987 2124 quod
998 2053 1073 2106 Kur-

288 2142 408 2196 stenium
422 2141 549 2214 impulit,
566 2151 598 2196 ut
612 2137 694 2213 δέμας
717 2141 952 2212 interpretaretur
973 2150 1072 2194 mate-

288 2233 367 2286 riem.
397 2231 435 2284 At
457 2229 504 2284 hic
531 2230 715 2302 antiquorum
738 2227 827 2302 magis
857 2245 944 2300 quam
970 2237 1070 2282 nostro

288 2332 370 2370 more
384 2315 561 2388 loquendum
574 2326 625 2371 est.

329 2403 365 2459 V.
386 2409 453 2469 ιιι..
469 2400 588 2457 Sensum
603 2401 760 2457 verborum
781 2401 833 2458 τῶν
856 2397 919 2475 μίαν
932 2401 960 2458 οὗ
982 2399 1069 2478 χρεών

290 2487 360 2546 ἐστιν
375 2507 469 2562 neque
483 2490 629 2544 Bessarion
644 2499 787 2546 assecutus
800 2500 842 2545 est
863 2508 957 2563 neque
979 2489 1073 2546 Fiille·

290 2577 408 2632 bornius
427 2594 480 2630 nec
494 2577 666 2632 Brundisina.
681 2577 829 2632 Bessarion
849 2577 913 2634 adv.
937 2578 1007 2634 Plat.
1024 2596 1073 2632 cu-

957 401 1199 466 rtnuaututs

1113 545 1225 608 (quarum
1237 541 1374 594 alterutram
1386 542 1460 594 solam
1473 543 1528 607 poni
1535 545 1694 607 conoportet,
1706 544 1790 607 inquo
1799 547 1900 606 errant)

1113 643 1203 695 eaaqae
1229 630 1339 681 bilariam
1354 629 1516 680 distinxerunt
1531 629 1673 693 corporibus
1692 631 1816 694 amatque
1833 630 1903 680 addi·

1112 719 1220 770 diruam
1234 733 1241 769 ι
1255 719 1311 768 triac
1321 717 1399 780 ignem
1410 716 1515 768 flamme
1526 717 1675 780 ethereum,
1802 716 1903 781 [derunt

1114 805 1206 866 mitem,
1216 805 1366 868 pertenuem,
1380 802 1418 852 aul
1430 815 1616 868 quoquoversus
1627 801 1742 866 similem,

1113 893 1181 944 atteri
1191 891 1338 953 dissimilem
1352 903 1435 941 rerum
1445 890 1491 940 troc
1498 903 1595 953 quoqne
1605 889 1652 940 albi
1660 890 1815 940 consentinae

1114 993 1145 1030 ex
1163 980 1286 1043 opposito,
1298 979 1392 1028 uocum
1403 977 1546 1039 obscuram,
1564 989 1650 1040 corpus
1665 977 1766 1028 dunum
1781 979 1807 1028 et
1820 991 1904 1039 gnae

1115 1069 1271 1128 Quorumego
1279 1063 1654 1127 tiblordiaem,qualisrideatur,
1662 1077 1903 1126 οιιιασιιιοιροιιοια,

1116 1158 1142 1204 ut
1153 1167 1184 1205 ne
1196 1153 1245 1203 ulla
1263 1154 1287 1203 te
1300 1151 1436 1203 mortalium
1445 1150 1554 1202 docutm
1567 1151 1649 1213 sumat.

1116 1409 1198 1466 Quum
1210 1407 1292 1457 autem
1302 1405 1383 1456 omnia
1394 1404 1517 1455 nominata
1528 1405 1577 1455 aiat
1588 1403 1630 1454 lux
1645 1405 1670 1454 et
1681 1415 1731 1452 aux

1113 1629 1163 1673 τως
1181 1603 1226 1666 δύο
1246 1607 1365 1686 στοιχεῖα
1386 1603 1483 1680 ἵλαθι,
1505 1647 1643 1665 ......
1656 1602 1701 1662 καί
1715 1605 1906 1676 πεπλανῆσθαι

1115 1692 1143 1753 δέ
1156 1717 1220 1774 φησι
1232 1692 1291 1759 τούς
1303 1693 1350 1766 τὴν
1370 1693 1498 1753 ἀντίθεσιν
1514 1695 1566 1752 τῶν
1580 1691 1628 1762 τὴν
1644 1692 1744 1772 γένεσιν
1759 1694 1906 1752 σιινιστιύν-

1113 1803 1166 1837 των
1187 1778 1323 1860 στοιχείων
1347 1778 1385 1857 μὴ
1405 1781 1571 1858 συνορῶντας
1577 1823 1586 1852 ,
1601 1777 1619 1850 ἢ
1635 1777 1672 1854 μὴ
1687 1783 1780 1860 capri<
1794 1782 1905 1837 tincae-

1114 1863 1267 1930 λάπτοντας.

1154 1951 1188 2006 V.
1210 1947 1281 2014 115.¹
1291 1943 1400 2021 σήματα
1423 1945 1538 2022 poetice
1554 1943 1625 2001 dicit
1635 1963 1689 2019 pro
1706 1943 1847 2016 ποιότητες
1860 1948 1905 2000 vel

1117 2031 1250 2112 διαροραί.
1266 2033 1373 2092 Exhoc
1387 2051 1492 2109 genere
1507 2035 1631 2089 citantur
1637 2031 1724 2104 ἤπιον,
1735 2030 1841 2108 ἀραιόν,
1854 2055 1905 2089 ιω·

1116 2119 1198 2192 κινόν,
1213 2119 1344 2199 ίμθριθίς,
1360 2131 1414 2177 etc.

1156 2210 1195 2269 V.
1217 2211 1282 2267 116.
1306 2211 1500 2284 opponuntur
1512 2211 1544 2264 in
1565 2209 1618 2264 lrac
1640 2209 1798 2264 verborum
1818 2227 1904 2264 com·

1116 2297 1304 2372 prehensione
1326 2317 1359 2372 τη
1375 2293 1422 2370 μὲν
1438 2294 1533 2374 φλογὸς
1543 2307 1571 2352 et
1584 2315 1613 2353 ν.
1633 2294 1688 2352 ιιθ
1704 2291 1772 2371 ἀτάρ
1789 2337 1797 2352 .
1814 2337 1821 2349 .
1844 2339 1852 2353 .
1873 2337 1880 2352 .
1897 2339 1904 2352 .

1117 2381 1192 2440 ἀντία
1205 2381 1286 2453 νύκτ’,
1300 2401 1433 2457 suspensa
1449 2401 1484 2439 ex
1498 2381 1593 2440 ίθεντο.

1157 2473 1190 2528 V.
1218 2491 1281 2543 117.
1299 2470 1461 2545 Simplicius
1481 2471 1502 2529 l.
1532 2489 1560 2542 7,
1580 2470 1612 2538 b,
1630 2469 1706 2524 hunc
1730 2485 1848 2522 versum
1867 2469 1905 2522 sic

1117 2559 1254 2616 exhibet:
1277 2552 1378 2616 Ἤπιον
1392 2554 1430 2628 δν,
1450 2554 1508 2634 μέγ’
1531 2552 1637 2633 ἀραιόν,
1652 2551 1787 2633 έλαρράν,
1814 2555 1905 2630 ἑαυτῷ

1116 2644 1229 2702 πάντοσε
1244 2643 1357 2718 ταύτόν,
1379 2663 1473 2719 neque
1496 2644 1579 2702 aliter
1597 2646 1619 2702 ι’.
1648 2663 1679 2718 9,
1701 2661 1729 2713 a,
1743 2644 1799 2700 nisi
1820 2643 1905 2716 quod

1116 2734 1157 2789 ibi
1177 2743 1266 2790 exstat
1280 2735 1385 2811 έωυτῷ,
1402 2733 1449 2790 aed
1466 2733 1487 2792 l'.
1502 2735 1548 2807 39,
1567 2753 1599 2804 a,
1614 2733 1653 2787 ita
1668 2748 1676 2789 τ
1692 2727 1795 2789 Ἠιτιόν
1811 2729 1904 2799 ἐστιν,

1118 2818 1242 2898 ἐλαφράν,
1255 2821 1340 2898 ἑαυτῷ
1350 2817 1464 2878 πάντοσε
1474 2819 1582 2881 ταύτόν.
1596 2823 1665 2893 Quae
1680 2838 1769 2894 quum
1785 2821 1828 2874 ita
1841 2822 1906 2888 sint,

1118 2906 1159 2965 ἐάν
1173 2927 1189 2964 e
1208 2907 1382 2965 Parmenidia
1396 2909 1602 2965 consuetudine
1616 2908 1731 2981 wlgari
1750 2925 1808 2980 pro
1823 2905 1868 2977 ὄν,
1880 2919 1907 2961 et

1118 2992 1228 3074 ἐλαφράν
1239 2994 1319 3068 qnod
1327 2995 1462 3069 glossema
1468 2996 1543 3068 sapit
1553 3013 1618 3050 cum
1630 2994 1778 3051 Karstenio
1790 3011 1807 3049 e
1818 3012 1906 3049 versa

1118 3082 1203 3154 ejeci,
1227 3084 1379 3140 substituto
1400 3083 1431 3138 in
1448 3080 1507 3153 ejus
1524 3083 1620 3138 locum
1637 3077 1739 3158 ἀραιόν.
1760 3082 1906 3137 Prellerus

1120 3169 1189 3228 llist.
1203 3171 1275 3244 phil.
1288 3189 1320 3244 p.
1334 3167 1372 3244 95
1386 3187 1442 3244 pro
1452 3167 1529 3239 ἤπιον
1539 3167 1592 3244 ἐόν,
1606 3169 1686 3243 quod
1698 3186 1752 3243 per
1761 3170 1907 3242 synizesin

1117 3255 1373 3332 pronuntiandum,
1390 3257 1539 3331 legendum
1552 3255 1678 3328 conjecit
1691 3253 1836 3334 ἠπιόφρον.
1852 3255 1906 3313 Sed

1117 3345 1170 3400 hac
1184 3344 1344 3400 mutatione
1358 3361 1455 3399 versus
1465 3361 1524 3398 non
1538 3343 1657 3420 indiget.

290 2664 381 2720 lumn.
395 2663 447 2721 lib.
463 2663 499 2733 ll,
521 2683 552 2719 11
570 2663 620 2722 lul.
642 2664 691 2733 32,
712 2679 738 2735 a,
753 2681 850 2719 versus
868 2665 1073 2738 110-119sic

289 2751 357 2806 lecit
372 2749 475 2806 latinos
490 2769 496 2804 ι

353 2891 476 2940 Hactenus
487 2890 512 2938 ct
523 2888 574 2939 reri
586 2888 692 2938 mentem
703 2886 894 2949 intemerataque
907 2886 996 2949 verba;

352 2969 423 3017 Nunc
434 2981 471 3016 res
485 2967 617 3024 mortales,
632 2977 729 3014 carmen
743 2975 841 3026 quoque
855 2965 946 3013 sumite
959 2963 1042 3014 latias.

353 3044 475 3107 Principio
487 3042 609 3106 duplicem
620 3043 759 3091 statuerunt
773 3041 853 3090 dicere
863 3041 981 3104 turmam

353 3120 435 3170 Altera
444 3120 488 3169 sed
500 3119 583 3168 minus
596 3123 633 3168 eat
645 3117 688 3166 tali
697 3119 842 3178 cognomine
851 3117 938 3180 digna,

354 3197 425 3256 Quod
441 3197 557 3246 simulans
571 3208 654 3244 verum
667 3195 726 3245 tellit
740 3195 850 3243 mortalia
864 3195 947 3244 corda.

354 3278 405 3325 lias
418 3279 502 3324 cctttra
516 3273 618 3324 adverso
632 3277 770 3323 statuerunt
788 3273 873 3337 ordine
885 3275 979 3322 metas:

355 3355 402 3404 ittc
413 3353 534 3402 flammam
540 3353 664 3403 etherium
674 3353 787 3402 statuunt
796 3363 924 3414 raramque
932 3352 1057 3414 levemque
1066 3368 1073 3412 ;

355 3434 411 3493 lpse
424 3429 461 3479 aul
471 3430 555 3479 almills
565 3441 708 3492 semperque
721 3428 767 3479 albi
780 3427 892 3491 undique
904 3430 1014 3491 οοοείσίς
1157 3435 1192 3489 V,
1207 3448 1320 3505 119ap.
1333 3427 1435 3504 Simpl.
1450 3430 1471 3488 f.
1483 3449 1511 3500 7,
1521 3431 1553 3500 b,
1564 3433 1604 3487 sic
1612 3439 1761 3488 exaratur:
1774 3429 1905 3486 τάναντία

295 3535 300 3548 ·
354 3507 408 3559 lttic
417 3507 546 3558 obscuram
556 3507 776 3594 adversantemque
785 3505 893 3568 undique
905 3506 1012 3568 noctem,
1117 3517 1232 3577 ,mugga
1249 3515 1296 3586 ἠδὲ
1318 3514 1441 3588 πυκινόν,
1457 3517 1505 3574 sed
1525 3518 1545 3574 s·
1568 3537 1598 3593 9,
1622 3535 1662 3574 a.
1693 3515 1771 3573 ἄντρα
1787 3517 1906 3575 νυκτρδι

353 3587 498 3645 ¹⁰⁰⁰¹¹¹²⁸¹¹¹'
511 3584 666 3644 humentem*
678 3581 793 3645 ⁸²¹¹d⁸m’
804 3581 1073 3646 denumquwmm'
1117 3605 1164 3675 ἠδὲ
1183 3603 1280 3661 πυκνόν
1296 3615 1326 3660 et
1339 3603 1359 3662 ί.
1377 3605 1415 3680 39
1433 3601 1509 3662 δντία
1528 3603 1643 3661 νυκτάδα
1664 3601 1682 3674 ἢ
1705 3603 1833 3663 πυκινόν.
1850 3608 1906 3662 Pro

1002 3659 1073 3724 [qm
1118 3691 1233 3747 australia
1258 3688 1275 3758 ἢ
1303 3689 1430 3766 Scaliger
1455 3702 1524 3746 teste
1558 3693 1713 3746 Karstenio
1738 3693 1907 3747 emendarit

293 3786 421 3855 Apparet
437 3797 502 3833 eum
516 3779 546 3832 in
560 3794 685 3832 errorem
699 3775 848 3831 inductum
863 3791 922 3830 esse
936 3773 1074 3831 Aristote·
1118 3777 1189 3836 νύκτ’
1202 3779 1286 3853 ιἰδαῆ,
1301 3780 1399 3852 inqua
1411 3779 1609 3834 emendatione
1622 3779 1683 3853 ipse
1693 3780 1868 3835 Karstenius
1881 3791 1907 3836 et

293 3868 329 3922 lis
339 3867 521 3934 auctoritate,
536 3883 599 3936 quae
613 3873 641 3918 et
649 3863 798 3918 Brundisio
813 3861 906 3916 fraudi
923 3861 987 3919 luit.
1004 3865 1074 3918 Nam
1118 3879 1182 3940 post
1191 3886 1255 3923 eum
1265 3868 1403 3922 Prellerus
1413 3868 1433 3924 l.
1447 3863 1558 3940 c.p.95
1569 3867 1674 3942 aliique
1684 3867 1904 3940 acquieverunt.

293 3952 492 4010 Futtebomius
531 3969 561 4005 se
588 3951 648 4004 haec
676 3949 764 4004 verba
797 3950 948 4022 percipere
978 3959 1072 4024 negat.
1118 3957 1217 4028 Neque
1226 3974 1304 4010 secus
1315 3953 1351 4010 de
1364 3955 1495 4010 hocloco
1507 3951 1907 4010 videtursensissfflffifflon

294 4039 456 4094 Brundisina
469 4038 508 4092 sic
521 4036 658 4109 explicat,
669 4036 827 4090 utiliorum
841 4053 904 4107 quae
918 4053 1071 4090 memoran·
1120 4057 1228 4099 noctem
1244 4045 1389 4100 obscuram
1412 4051 1542 4112 vertens,
1561 4059 1723 4115 quanquam
1742 4042 1905 4114 latendum,

295 4137 344 4182 tur
358 4143 493 4197 generum
503 4123 620 4178 alterum
639 4125 658 4181 i.
674 4141 702 4194 e.
717 4133 832 4178 noctem
844 4139 904 4177 esse
918 4123 986 4177 velit
1001 4139 1074 4177 non·
1118 4133 1195 4188 hune
1215 4129 1406 4206 significatum
1429 4141 1486 4186 mn
1503 4147 1601 4186 mum
1624 4147 1697 4199 m,
1721 4139 1753 4184 ut
1778 4133 1832 4187 vix
1847 4133 1906 4188 2111,

295 4231 356 4271 ens.
372 4215 477 4268 Verum
491 4222 567 4266 recte
582 4210 783 4266 animadvertis
796 4209 958 4266 Karstenius
971 4207 1009 4262 ad
1019 4209 1075 4263 hoc
1119 4221 1255 4293 exemplis
1269 4219 1459 4274 (lemma-ari
1473 4229 1571 4292 queat,
1583 4219 1682 4291 Neque
1692 4235 1765 4273 mo
1782 4218 1906 4276 dubium

295 4299 513 4376 exprimendum
533 4297 686 4354 dicendum
703 4297 787 4352 luisse
800 4297 852 4352 τῶν
871 4293 933 4372 μίαν
948 4295 977 4352 ού
989 4292 1074 4371 χρεὼν
1119 4309 1189 4379 quin
1202 4308 1249 4362 hic
1263 4305 1362 4361 eadem
1383 4307 1412 4360 vi
1425 4305 1529 4362 dixerit
1542 4315 1630 4380 poeta
1643 4301 1715 4360 νύκτ’
1736 4303 1826 4380 άδαῆ,
1848 4323 1906 4380 qua

295 4378 376 4457 εἶναι,
402 4387 481 4461 quod
499 4386 602 4441 omisso
622 4381 679 4442 ἐστι’
701 4384 844 4440 diceretur
859 4401 914 4456 pro
926 4384 978 4440 τῶν
1004 4371 1072 4458 (ὧν)
1118 4393 1191 4448 infra
1206 4411 1235 4449 v.
1256 4399 1308 4457 ταί,
1325 4390 1415 4456 νυκτὸς
1428 4391 1554 4468 δράντοο,
1567 4393 1588 4446 i.
1605 4409 1629 4448 e.
1646 4389 1771 4468 ἀφανοῦς.

297 4475 359 4548 μίαν
371 4475 418 4531 οὐκ
436 4462 502 4529 εἶναι
525 4468 611 4551 χρεών
635 4471 703 4528 ίστι.
718 4473 787 4542 Quae
807 4489 884 4526 nunc
905 4472 1039 4545 leguntur
1058 4489 1075 4527 e
1158 4483 1191 4536 v.
1214 4497 1277 4536 120.
1292 4481 1344 4534 τῶν
1360 4499 1402 4536 σοι
1416 4475 1637 4554 ἐγὼθιάκοσμον)
1654 4480 1707 4535 τῶν
1720 4479 1827 4552 scripsi
1842 4497 1905 4535 cum

294 4561 522 4637 precedentibus
534 4563 574 4615 sic
582 4558 750 4614 illustranda
759 4569 826 4614 sunt
839 4577 846 4614 τ
860 4559 911 4615 τῶν
928 4547 999 4634 (ὧν)
1013 4579 1075 4635 μορ·
1120 4565 1267 4622 {tat-scenio
1280 4584 1334 4640 pm
1346 4563 1402 4624 τὸν,
1417 4569 1460 4622 De
1473 4583 1546 4622 ωηο
1557 4562 1699 4639 διάκοσμος
1709 4583 1774 4638 φρ
1787 4566 1840 4620 hic
1856 4583 1905 4619 or.

295 4651 349 4727 ρῶν
362 4647 424 4724 μίαν
441 4645 519 4722 μόνον
539 4643 697 4705 καταθέσθαι
715 4645 744 4702 σθ
765 4643 849 4722 χρεών
872 4647 938 4715 ἐστι,
955 4666 1074 4720 quanam
1119 4653 1214 4708 dinem
1228 4665 1257 4709 et
1270 4655 1485 4728 dispositionem
1497 4649 1683 4728 significatos.
1696 4663 1806 4726 praeter
1821 4654 1905 4720 alios,

295 4739 451 4794 formarum
468 4755 553 4792 unam
569 4739 589 4792 i.
606 4755 632 4792 e.
648 4737 813 4792 alterutram
829 4737 918 4790 solam
930 4737 1000 4809 poni
1015 4755 1074 4791 non
1119 4759 1191 4814 qnos
1203 4743 1324 4796 excitavi
1343 4740 1378 4796 ad
1395 4740 1551 4797 Democriti
1567 4739 1723 4814 fragmenta
1741 4755 1815 4813 pag.
1838 4757 1905 4812 ¹²91

296 4835 428 4900 oportet3
447 4825 583 4880 falluntur
597 4826 671 4880 enim
694 4823 744 4897 qni
758 4825 924 4880 alterutram
938 4834 1073 4882 statuunt.
1119 4830 1162 4887 cl,
1202 4827 1367 4885 salmasium
1402 4829 1440 4884 ad
1473 4829 1635 4902 Epictetum
1665 4839 1695 4882 et
1723 4827 1904 4901 Simplicium

293 4916 370 4969 Dum
384 4913 470 4988 igitur
482 4913 540 4968 duo
553 4911 691 4968 elementa
701 4911 793 4988 lingit,
804 4913 887 4967 simul
899 4929 948 4968 eos
961 4913 1073 4986 vitupe-
1117 4933 1183 4991 pag.
1208 4915 1264 4972 168
1285 4935 1346 4990 seq.
1370 4928 1399 4971 et
1419 4933 1473 4985 177
1494 4915 1539 4972 ed.
1562 4914 1655 4989 Lugd.
1672 4913 1735 4972 Bat.
1761 4915 1855 4979 1640.
1868 4941 1904 4956 -

293 5012 339 5056 rat
352 5003 487 5076 physicos
507 5002 557 5076 qui
579 5001 696 5075 simplex
715 5019 813 5057 rerum
825 5001 1000 5075 principium
1016 5019 1075 5056 ease
1119 4999 1221 5060 έοικάτσι
1236 5005 1305 5060 dicit
1322 5002 1403 5076 quod
1417 5021 1479 5077 quae
1500 5014 1662 5076 sequuntur
1683 5003 1784 5058 omnia
1802 5003 1836 5078 τῇ
1852 5000 1904 5054 τῶν

294 5089 435 5148 «licebant.
450 5091 556 5146 Eodem
571 5089 647 5145 redit
658 5090 796 5165 Simplicii
808 5090 960 5164 explicatio
975 5090 1025 5161 qui
1039 5089 1075 5145 ud
1120 5091 1218 5167 βροτῶν
1230 5087 1290 5166 δόξῃ
1305 5101 1490 5146 consentanea
1504 5099 1579 5146 sunt.
1901 5135 1904 5145 .

294 5179 377 5234 Arist.
394 5179 476 5252 Phys.
492 5178 512 5235 f.
537 5173 1074 5256 7,b,olirc1capite‚inquit,rlvrtii·
1159 5175 1191 5234 V.
1217 5183 1372 5236 rau-125
1398 5174 1492 5254 (αύτάρ
1516 5173 1715 5251 ἐπειδὴ-μέτα
1740 5169 1841 5251 μηθέν)
1865 5175 1903 5228 le·
