3708 5916
594 351 632 413 ΙΝ
653 351 1005 414 destructrum.
1533 374 1588 427 441
1670 377 1678 392 “

13 485 172 562 ἀδικούμενος
198 483 322 563 βούλεται
349 473 414 541 εἰναι
437 479 554 556 θεόν,ἰν’
578 483 726 561 ἐπικουρίας
746 475 783 543 dv
829 487 927 564 ἀναιρεῖ
955 483 982 543 δδ
1008 482 1041 542 ed
1069 482 1150 542 κακοί·
1180 483 1219 543 διδ
1237 485 1281 544 καί
1305 485 1391 558 πάντη
1416 492 1504 550 κακῶν
1532 495 1601 554 ἔστιν

13 575 116 633 πέπονθε
127 572 209 651 τύχῃ.
255 570 302 630 Διθ
313 569 372 636 tol<
385 571 537 636 ἀδικοῦντας
550 572 587 636 είς
598 570 628 628 τδ
640 571 783 630 ἀδικεῖσθαι
828 574 948 639 ἀναίτιος
977 569 1035 638 τοθς
1070 570 1096 631 δὲ
1136 573 1305 640 κακυνθέντας
1343 575 1514 645 αὐτεξουσίως
1551 583 1612 661 tp:

13 667 159 742 περιστῆναι
180 661 236 730 δεῖ,
251 657 284 715 ἵν’
303 657 317 715 δ
331 657 368 734 μὴ
383 657 491 716 ίόλτπον
504 659 530 714 lv
544 659 582 736 τῷ
596 657 674 734 δρᾶν,
686 661 724 736 τῷ
737 663 784 728 τῆς
829 666 907 733 μαῐς,
921 656 966 715 καί
975 655 1018 714 τθν
1030 659 1056 715 iv
1068 658 1155 724 αύτοῑς
1166 657 1239 736 θρθθν
1249 659 1324 736 λόγον
1344 665 1597 744 ἀμνημονήσαντας,

13 748 150 816 πλεονεξίας
163 747 245 804 πάθει
264 729 411 822 μεθύοντες,
431 746 508 822 ἐντῷ
528 743 643 822 πάσχειν
663 744 784 820 μεταμύ-
827 749 862 806 ώε
873 742 919 819 μὲν
937 741 1031 809 κακοθς
1044 742 1147 810 κολάζει
1165 748 1203 822 τῷ
1214 745 1286 824 νόμῳ
1306 750 1342 824 τῷ
1365 750 1554 828 ἀπαγορεύοντι
1565 754 1599 812 τὰ

13 843 86 905 θωσι,
100 837 137 914 τῷ
150 838 198 903 τῆς
212 831 382 896 ἐλαττώσεως
396 832 493 909 ἀνιαρῷ
508 830 705 906 παιδευόμενοι,
718 831 742 888 εἰ
753 854 783 908 γε
827 828 905 886 κακοί·
920 831 955 894 ὣς
972 827 999 886 δί
1015 828 1179 908 ἀνθρώπους,
1198 834 1232 908 τῇ
1246 831 1395 909 ίπιισιούσῃ
1411 837 1539 914 ἐπιπλοκῇ
1553 845 1599 897 τοῦ

13 925 89 984 καλῶς
100 918 221 999 ὑπέχοιεν
238 917 323 983 δίκας.
341 919 372 976 Εἰ
386 915 413 974 δὲ
423 920 457 994 τῇ
473 917 612 991 ίταμύτητι
630 919 676 986 τῆς
689 939 783 996 προαι-
827 915 906 991 νόμου
918 914 982 992 πρὸς
994 913 1041 985 τὴν
1050 913 1213 993 προαίρεσιν,
1224 915 1255 988 ἣν
1266 916 1297 986 δὴ
1305 917 1388 997 τύχην
1401 924 1540 997 καλοῦμεν.
1557 927 1598 984 Ού

13 1010 97 1088 pisum
106 1007 144 1064 ἔτι
152 987 316 1072 κακύνοιντο,
325 1003 399 1063 edroi
408 1004 454 1079 μὲν
462 996 606 1074 ’ίσωςῆττον
614 1005 783 1084 ώρελοθνται·
825 1003 877 1079 γὰρ
895 1001 984 1068 δπλῖύς
1004 1002 1049 1058 τὸν
1073 999 1224 1078 ἄνθρωπον,
1251 994 1270 1082 ᾔ
1290 1003 1438 1084 ἄνθρωπον,
1457 1010 1559 1076 κολάζει
1585 1013 1599 1068 ὁ

13 1095 170 1172 παράδειγμα
187 1091 216 1151 δι’
229 1114 280 1149 που
293 1091 406 1168 γίνονται
419 1089 524 1156 πύκταις
550 1091 716 1149 παιδευτικὸν
730 1099 783 1158 τοῖς
827 1087 918 1165 νόμος,
933 1081 1026 1166 ἀλλῇ
1049 1087 1138 1146 κακόν.
1178 1090 1232 1148 Τοῦ
1255 1090 1283 1148 δί
1309 1091 1388 1150 κακθν
1407 1093 1526 1169 γενίσθαι
1549 1095 1598 1168 τὴν

14 1175 173 1260 εδρρονοῖισι,
187 1178 234 1236 καί
257 1177 450 1236 διαισθάνεσθαι
465 1175 618 1251 δυναμίνοις
636 1176 682 1242 τὰς
696 1177 782 1244 αἰτίας
827 1175 932 1254 πρώτην
946 1175 1031 1234 αἰτίαν
1045 1164 1069 1232 εἰ
1088 1197 1115 1231 ιν
1136 1176 1154 1244 ἡ
1176 1176 1332 1256 προαίρεσις·
1355 1179 1459 1238 ίπιιδδιν
1479 1182 1505 1239 δί
1519 1183 1599 1256 κακὸς

13 1275 58 1327 τῶν
71 1266 191 1326 τοιούτων
201 1266 307 1322 παθῶν.
350 1261 455 1328 Ταύτας
468 1267 513 1333 τῆς
524 1261 633 1340 κρίσεως
643 1263 727 1341 ἀρχθς
740 1287 782 1322 κυ·
826 1262 951 1340 γίνηται,
968 1263 1049 1341 (ὅπερ
1067 1198 1100 1334 δν
1121 1263 1162 1341 ἀφ’
1173 1264 1253 1338 ἡμῖν,
1267 1267 1325 1323 ἀλλ’
1340 1266 1387 1323 οθκ
1397 1269 1441 1326 tet
1455 1272 1493 1347 τῷ
1510 1273 1577 1348 θεῷ,
1590 1274 1599 1345 )

16 1356 131 1435 ριωτείτας
145 1350 353 1430 ἀποδεχώμεθα,
368 1349 415 1422 riv
430 1349 579 1426 ἀγαθύτητα
593 1355 639 1407 τοῦ
659 1355 726 1422 θεοῦ,
739 1349 782 1407 τθν
826 1350 883 1408 τότε
898 1351 988 1409 δίδωσι
1002 1350 1092 1427 δίκας,
1109 1349 1188 1429 (ὅπερ
1201 1342 1231 1422 ἧν
1248 1352 1291 1410 ἰπὶ
1304 1356 1342 1427 τῷ
1363 1354 1422 1433 θείῳ
1435 1355 1526 1434 νόμῳ,
1539 1360 1598 1416 ἀλλ’

16 1443 62 1500 tat
89 1439 186 1510 ταύτης
204 1438 305 1512 νόμον,
332 1437 377 1494 τθν
404 1441 429 1494 ἀν
456 1439 520 1511 ἡμῖν
550 1434 781 1513 παρανομούμενον
827 1437 874 1494 ούκ
887 1437 927 1516 ἐρ’
949 1437 1043 1513 ἡμῖν).
1094 1437 1196 1502 Σκοπὸς
1210 1437 1237 1495 δί
1250 1445 1295 1497 τοῦ
1306 1439 1386 1514 νόμου
1402 1441 1477 1517 μόνος
1504 1441 1536 1499 δν
1557 1445 1597 1515 είη

16 1529 81 1607 ύρθθν
99 1527 187 1604 λόγον,
203 1524 268 1600 καί,
282 1523 372 1600 ώσπιρ
386 1522 444 1580 τινὰ
457 1522 555 1580 ἔνοικον
569 1522 635 1595 θεόν,
656 1526 781 1600 πλημμε-
826 1521 932 1600 πρέπων
956 1546 984 1581 τε
1007 1527 1072 1602 θεῷ,
1091 1523 1136 1582 καὶ
1156 1529 1219 1600 ἡμῖν
1245 1525 1398 1606 tappetae,
1422 1529 1452 1586 τδ
1475 1530 1597 1610 διακόψαι

16 1615 136 1691 λούμενον·
158 1611 329 1685 ἀποτέλεσμα
346 1610 374 1668 δὲ
385 1614 432 1680 τῆς
449 1611 573 1688 κρίσεως,
587 1609 622 1666 τὰ
633 1609 724 1688 ἄλγεα,
743 1611 778 1678 ώς
826 1610 873 1678 τὴν
885 1610 997 1679 κακίαν,
1009 1611 1054 1668 καί
1065 1613 1227 1690 ἀποκαθάραι
1240 1619 1292 1674 τοῖς
1306 1615 1480 1680 παντοδαποῖς
1494 1621 1541 1687 τῆς
1556 1618 1611 1674 δί-4

16 1721 86 1777 ρηαι,
99 1705 179 1757 ταῦτα
190 1740 197 1769 ,
210 1696 262 1756 θσα
274 1697 436 1776 τραχύτερον
445 1701 508 1771 ἡμῖν
520 1703 589 1754 ποιεῖ
603 1698 646 1756 τὀν
658 1697 712 1775 βίον
725 1707 783 1765 ταῖς
826 1719 874 1765 κης
886 1705 1084 1776 σωφρονισμοῖς,
1107 1698 1152 1756 καὶ
1163 1697 1326 1778 ἐπιστρέψαι
1349 1700 1396 1773 τὴν
1417 1705 1597 1763 θποπεοοῢσαν

18 1788 70 1865 περὶ
80 1787 154 1860 σῶμά
167 1808 195 1842 τε
211 1786 258 1842 καί
271 1790 306 1842 τὰ
318 1783 390 1848 ἐκτθς
399 1782 504 1859 λύμαις·
522 1782 582 1854 θδὴ
593 1783 682 1862 προίως
696 1785 781 1865 φέρειν
825 1783 982 1862 τῇπονηρίερ
1004 1784 1091 1863 ψυχὴν
1114 1787 1150 1851 εἰς
1170 1785 1313 1860 ἀνάμνησιν
1338 1792 1384 1846 τοῦ
1405 1791 1479 1867 ὀρθοῦ
1504 1790 1594 1867 λύγου.

18 1873 118 1950 δπαρδιν
131 1875 274 1947 εἰσηγεῖται
284 1871 358 1947 λόγος
372 1870 571 1944 ἐνθυμουμένους
582 1871 628 1938 et<
638 1874 722 1940 αἰτίας
732 1876 779 1931 αθ-
827 1871 880 1930 Καί
893 1870 974 1936 οὕτως
990 1873 1098 1938 ἑστῶτος
1107 1878 1152 1931 τοῦ
1165 1865 1261 1947 νόμου,
1281 1873 1325 1930 καὶ
1341 1874 1374 1932 τθι
1389 1877 1455 1934 αύτδι
1471 1877 1512 1935 αἰεἰ
1521 1883 1599 1956 φθεγ-

19 1959 127 2035 etiamsi
135 1958 194 2018 dccv
210 1949 264 2016 οἷόν
276 1979 305 2013 τε
316 1956 528 2033 περικόπτοντος,
542 1955 587 2013 καὶ
596 1957 780 2025 μετατιθέντας
825 1957 948 2032 γομίνου,
959 1960 1006 2029 τὴν
1019 1957 1091 2026 ἀξίαν
1105 1959 1212 2024 ἕκαστος
1224 1959 1271 2031 τὴν
1292 1962 1385 2020 tauros
1399 1963 1491 2022 ἄλλοτε
1513 1965 1595 2036 ἄλλην

20 2050 49 2110 είς
60 2045 178 2123 ώρίλειαν
192 2045 226 2102 alr
242 2045 370 2101 δοκοῦντα
387 2040 515 2120 βλαόερύ·
531 2043 646 2117 μάλιστα
666 2043 714 2118 μὲν
729 2050 782 2104 τῶν
827 2043 937 2110 ποιήσας
952 2045 981 2102 od
995 2049 1047 2102 τῶν
1062 2046 1146 2102 αὐτῶν
1169 2045 1210 2103 ἀεὶ
1229 2047 1365 2124 τυγχάνει·
1384 2049 1413 2104 ού
1433 2047 1485 2128 γδιρ
1499 2049 1596 2110 δίκαιον

20 2133 81 2191 θείων
92 2136 192 2210 ἀγαθῶν
206 2131 317 2196 ἑαυτούς
330 2130 414 2198 ἀξίους
423 2129 583 2208 παρύχταθαι
593 2131 635 2188 διδ
648 2136 695 2199 τῆς
707 2137 782 2210 ἀκρο-
824 2129 901 2188 τοῦτό
912 2154 957 2207 γε,
975 2131 1032 2190 otti
1051 2134 1115 2208 ἡμῖν
1138 2130 1278 2210 συμρύρον.
1320 2132 1377 2204 Τὴν
1402 2133 1429 2190 dl
1448 2137 1597 2210 μεταὸολὴν

20 2222 87 2292 τύτης
98 2224 196 2298 ἀρετῆς.
224 2223 257 2278 El
269 2217 298 2276 δι’
304 2241 342 2296 τῳ
356 2223 432 2275 τοῦτο
441 2215 513 2275 οὔπω
522 2219 548 2274 δν
557 2215 709 2295 θρέξει,τῶν
719 2223 780 2293 γοῦν
826 2220 872 2286 τῆς
886 2215 1025 2293 κρίσιωςὴ
1048 2221 1094 2276 τοῦ
1116 2217 1266 2296 κρινομένου
1286 2218 1418 2291 μεταύολὴ
1441 2213 1543 2279 δίδωσι(
1552 2224 1597 2281 τὸν

20 2309 142 2365 πολιτικῶν
157 2310 262 2384 ἀγαθῶν
277 2305 320 2363 διδ
341 2309 388 2375 τῆς
410 2303 491 2379 μέσης
506 2305 599 2379 ἀρετῆς
617 2305 779 2382 τυγχανέτω.
825 2303 875 2381 γάρ
887 2303 924 2378 μὴ
936 2304 979 2363 τθν
994 2303 1070 2363 αὐτὸν
1091 2305 1259 2378 διαμείναντα
1282 2308 1336 2372 πῶς
1357 2307 1409 2362 τῶν
1424 2308 1508 2366 αὐτῶν
1527 2311 1597 2368 ἐστιν

21 2397 90 2454 Τοῦτο
99 2399 146 2473 γὰρ
155 2388 198 2465 ἧν,
212 2394 304 2472 δπρθς
314 2392 344 2451 riv
351 2392 463 2470 πάσχειν
473 2393 558 2456 καλῶς
572 2391 606 2450 τδι
617 2393 722 2467 ἀλγεινὰ
734 2392 779 2450 καί
825 2389 927 2462 ἀξιοῦνς
953 2393 1069 2457 Καλῶς
1086 2391 1202 2470 φύρειν
1221 2383 1265 2450 οὖν
1284 2392 1331 2459 τδς
1349 2393 1525 2466 δαιμονίας
1547 2395 1598 2454 τύ-

22 2481 96 2538 ίδσθαι
114 2480 176 2539 adad
199 2479 404 2553 δπιταττόμεθα.
446 2477 493 2544 Τίς
514 2469 558 2535 σύν
578 2481 594 2547 ἡ
614 2477 727 2548 ἴασις,ἣ
747 2479 781 2536 πθ
824 2479 945 2555 χαςδεῖ,
963 2477 1065 2552 καὶμὴ
1084 2479 1293 2552 ἀγανακτεῖν
1313 2477 1414 2538 διδόντα
1426 2481 1516 2552 δίκην,
1531 2482 1594 2554 καί,

22 2567 179 2646 προειρημένα
191 2567 297 2637 ποίντα,
314 2568 360 2644 ἀρ’
375 2555 410 2622 ών
420 2562 464 2621 καί
476 2568 493 2634 ἡ
506 2563 653 2641 εὐλόγιστος
665 2567 717 2622 τῶν
732 2567 781 2622 ἀλ·
825 2566 883 2623 dccv
896 2564 985 2644 ἒπίτῇ
1008 2565 1063 2646 θείογ
1086 2565 1183 2640 κρίσει,
1207 2567 1407 2645 καθαιρόμενον,
1422 2565 1464 2625 td
1481 2573 1534 2626 τῶν
1549 2571 1599 2626 δο-

22 2657 99 2728 γεινῶν
109 2653 221 2726 tmperi
231 2697 238 2724 ,
248 2651 296 2710 καί
306 2657 323 2723 ἡ
334 2652 505 2729 θεραπευτικὴ
521 2651 626 2725 μέθοδος
638 2650 782 2710 θποδιίκνυ·
825 2651 937 2709 κούντων
950 2652 1080 2728 ίμποδίων
1095 2643 1159 2710 εἶναι
1171 2652 1234 2732 πρθς
1247 2653 1385 2712 τύπᾶθειαν
1397 2661 1443 2712 τοῦ
1453 2656 1514 2734 τῇδε
1530 2656 1597 2733 βίον.

23 2760 73 2810 ται;
90 2740 229 2818 Κερόλαιον
242 2738 272 2796 δὲ
293 2739 344 2795 τῶν
358 2736 515 2815 εἰρημένων,
527 2735 566 2795 ύτι
580 2739 594 2793 δ
608 2737 679 2806 θεός,
700 2759 781 2812 repo·
825 2736 859 2796 ‘O
874 2728 900 2797 δὲ
914 2742 1027 2804 τοιοῦτος
1036 2737 1157 2814 λογισμὸς
1170 2736 1238 2804 loric
1249 2763 1276 2797 τε
1286 2737 1384 2816 γίνεται
1397 2743 1448 2797 τῶν
1460 2763 1597 2818 προημαρ-

24 2825 85 2894 θὲτης
101 2823 133 2884 διν
150 2825 204 2902 ἅμα
219 2825 266 2884 καὶ
284 2824 423 2900 δικαστής,
438 2825 536 2884 τίθεται
552 2822 599 2898 μὲν
620 2823 653 2880 τὰ
675 2824 780 2900 ἀγαθοί,
825 2824 953 2898 τημένων,
971 2823 1016 2882 καὶ
1037 2824 1179 2905 ἐπιστροφὴ
1193 2824 1256 2904 πρὸς
1271 2825 1313 2884 τὸν
1336 2825 1515 2904 ἐνυπάρχοντα
1534 2828 1597 2904 ἡμῖν

25 3021 112 3073 auxilio
125 3019 281 3076 remedium
303 3037 403 3073 eorum
427 3037 489 3091 quae
506 3035 601 3089 passus
614 3027 656 3071 est
678 3035 781 3073 conse·
825 3025 895 3070 tates
909 3027 986 3070 recte
1001 3014 1127 3071 ferendas
1139 3034 1239 3089 easque
1253 3016 1387 3071 sanandas
1399 3011 1487 3072 'nobis
1497 3022 1600 3092 praeci-

25 3113 119 3171 quatur.
133 3106 250 3177 Oportet
264 3105 354 3177 igitur
371 3120 418 3157 eos
434 3105 482 3175 qui
497 3102 628 3174 injuriam
646 3102 780 3170 inierunt,
824 3104 913 3176 pitur.
936 3101 1085 3173 Quodnam
1099 3104 1185 3175 igitur
1207 3102 1363 3158 remedium
1385 3115 1439 3173 est,
1461 3105 1513 3159 nisi
1534 3119 1599 3163 ante

26 3189 87 3258 ipsos
100 3189 196 3260 injuria
210 3189 304 3258 affici,
317 3201 351 3244 ut
362 3189 442 3263 quod
456 3191 485 3242 iu
500 3208 532 3242 ea
551 3188 697 3244 inferenda
710 3191 781 3244 lueri
826 3189 900 3244 dicta
914 3188 962 3243 illa
974 3191 1083 3255 omnia,
1096 3189 1198 3262 quibus
1212 3200 1240 3244 et
1253 3208 1440 3244 aerumnarum
1450 3193 1599 3249 tolerantia

26 3275 158 3345 cupiditate
176 3276 247 3330 ebrii
261 3295 322 3330 non
335 3276 486 3347 videbant,
502 3274 531 3327 id
548 3275 683 3347 patiendo
699 3275 780 3330 addi·
824 3277 929 3330 rationi
943 3287 1127 3332 consentanea
1141 3286 1169 3330 et
1181 3276 1297 3332 sanandi
1314 3277 1463 3334 methodus
1480 3279 1598 3334 demon·

27 3370 99 3428 scant,
112 3361 201 3416 damni
215 3363 346 3417 ntolestia
360 3362 467 3430 edocti,
481 3363 503 3416 si
520 3360 606 3415 modo
625 3372 701 3415 recte
714 3379 780 3434 sup·
824 3371 946 3418 stratur?
968 3364 1074 3416 Eorum
1088 3379 1156 3415 vero
1172 3379 1234 3432 quae
1248 3361 1320 3416 dicta
1342 3372 1406 3416 sunt
1419 3355 1527 3418 sumina
1541 3377 1596 3435 est,

27 3445 125 3514 plinium
141 3448 237 3504 lerant.
254 3446 307 3504 Siu
322 3458 415 3504 autem
429 3447 580 3502 voluntatis
597 3446 781 3518 protervitate
826 3449 904 3521 quod
926 3452 1001 3504 Deus
1016 3450 1066 3520 qui
1086 3449 1252 3520 legumlator
1265 3449 1346 3503 simul
1361 3459 1389 3504 et
1402 3449 1488 3520 judex
1509 3462 1550 3506 est
1564 3471 1597 3507 ea

29 3527 92 3584 ducti
105 3534 130 3586 in
142 3535 213 3588 malo
232 3546 432 3607 perseverent,
448 3533 503 3608 ipsi
517 3535 632 3588 sortasse
644 3535 735 3588 minus
746 3553 781 3589 err
824 3536 907 3609 ponit
920 3553 981 3606 quae
996 3536 1082 3589 'bona
1104 3543 1183 3602 sunt,
1210 3534 1284 3588 mala
1302 3544 1396 3588 autem
1417 3538 1504 3606 tollit,
1522 3540 1597 3595 unde

29 3629 54 3667 ea
66 3635 91 3670 re
104 3620 221 3675 utilitatis
233 3621 408 3694 percipiunt;
419 3631 448 3674 at
459 3621 618 3693 exemplum
627 3629 701 3672 certe
711 3638 782 3691 prae-
825 3619 856 3674 lit
870 3631 902 3676 ut
915 3622 962 3674 ille
978 3637 1158 3693 nequaquam
1173 3623 1314 3676 malorum
1328 3624 1475 3689 causasit,
1487 3625 1534 3678 sed
1549 3645 1598 3681 eos

30 3699 86 3754 beet
99 3723 151 3775 quo
165 3706 322 3762 doccantur
338 3707 385 3762 alii
407 3709 457 3779 qui
470 3709 582 3780 sapiunt
596 3716 623 3760 et
641 3707 690 3778 qui
707 3705 780 3776 ejus·
825 3708 873 3778 qui
896 3723 945 3762 sua
959 3717 1061 3780 sponte
1074 3707 1105 3760 in
1122 3703 1228 3778 flagitia
1250 3725 1280 3762 se
1295 3709 1526 3780 ingurgitaverint
1549 3731 1595 3767 re·

28 3789 93 3841 modi
113 3793 245 3848 malorum
270 3811 366 3848 causas
383 3811 466 3848 sensu
487 3794 635 3866 percipere
660 3803 778 3863 queunt.
826 3808 956 3867 clamque
980 3795 1010 3847 in
1035 3813 1064 3850 se
1090 3795 1228 3848 rationem
1254 3795 1442 3868 neglexerint.
1463 3807 1597 3869 tanquam

29 3871 142 3932 Primaria
155 3879 238 3950 igitur
255 3879 358 3950 judieii
374 3879 553 3934 firudamenta
568 3879 626 3932 haec
647 3895 780 3950 agnosce·
823 3882 970 3954 improbos
1002 3881 1156 3936 secundum
1185 3882 1274 3954 legem
1310 3900 1371 3952 quae
1398 3883 1471 3936 suala
1495 3885 1596 3954 prohi-

31 3965 156 4028 uus,1tei
170 3966 343 4034 bonitatem,
357 3967 447 4039 legem
461 3966 497 4020 ab
516 3983 548 4020 ea
563 3975 737 4032 manantem,
753 3975 781 4020 et
824 3968 871 4022 bet
888 3968 981 4039 paenis
1003 3966 1122 4034 afficiat,
1140 3977 1272 4039 tanquam
1294 3967 1422 4020 homines
1445 3985 1529 4035 vero,
1555 3987 1598 4026 se·

31 4058 119 4102 rectam
130 4070 188 4122 quae
201 4055 362 4109 nobisiuest
371 4057 510 4108 rationem
520 4053 650 4107 violatam
665 4063 692 4106 et
702 4093 710 4115 ,
722 4063 781 4108 tan·
825 4054 950 4110 cereum
965 4071 1025 4108 eam
1047 4053 1116 4126 legis
1131 4071 1195 4106 cum
1218 4054 1360 4108 voluntate
1380 4054 1598 4128 implicationem

31 4149 100 4201 quam
121 4137 302 4195 domesticum
323 4139 463 4214 quendam
484 4143 593 4205 Deum,
618 4137 719 4208 injuriil
741 4139 780 4193 as·
827 4140 1025 4206 accedentem,
1038 4157 1123 4211 quarn
1139 4141 1238 4210 utique
1251 4138 1392 4192 fortunam
1408 4141 1595 4196 nominamus.

30 4217 136 4276 lectam:
163 4226 263 4295 judicii
288 4239 381 4282 autem
409 4228 540 4282 effectum
565 4223 645 4299 ἄλγεα
661 4227 723 4294 illa,
738 4226 780 4278 uti
824 4225 880 4280 Lex
901 4228 977 4280 enim
1005 4227 1149 4280 hominem
1181 4245 1240 4280 uon
1261 4227 1436 4298 simpliciter,
1462 4239 1600 4298 quatenus

31 4318 111 4376 vocat,
123 4329 292 4386 quaecunque
304 4316 475 4386 asperiorem
486 4314 568 4367 nobis
581 4315 666 4368 vitam
677 4331 781 4385 corpo·
821 4311 911 4365 homo
933 4323 989 4379 cst,
1006 4311 1056 4366 scd
1071 4322 1207 4384 quatenus
1219 4313 1308 4366 malus
1324 4322 1383 4380 est,
1398 4313 1489 4386 punit.
1505 4315 1598 4368 Prima

31 4391 61 4444 111
75 4398 142 4452 ntalis
150 4410 231 4472 atque
245 4403 367 4460 externis
376 4401 574 4465 venationibus
586 4400 706 4468 iaciunt3
717 4418 779 4470 quae
823 4409 915 4454 autem
931 4417 1031 4467 eausa,
1046 4417 1097 4454 cur
1111 4400 1173 4471 quis
1192 4400 1281 4453 malus
1294 4396 1387 4467 lieret,
1404 4417 1455 4454 sua
1476 4401 1529 4473 ipsi
1545 4401 1598 4455 fuit

33 4480 127 4546 quidem
146 4503 255 4542 carmen
278 4489 323 4542 hic
346 4489 485 4561 patienter
510 4505 563 4541 uos
586 4487 658 4542 ferre
681 4486 778 4554 docet,
822 4487 972 4540 volmrtas:
988 4497 1138 4560 postquam
1149 4504 1219 4541 vero
1233 4486 1322 4540 malus
1334 4487 1421 4542 factus
1439 4498 1491 4556 est,
1508 4487 1597 4560 (quod

32 4562 125 4622 illorum
138 4589 227 4628 causas
252 4585 412 4647 reputantes
432 4585 460 4628 et
476 4584 613 4646 quantum
634 4591 779 4645 possumus
821 4573 909 4626 nostri
927 4583 988 4627 erat
1001 4573 1127 4640 arbitrii,
1143 4583 1306 4627 nouantem
1321 4573 1352 4626 in
1367 4575 1420 4627 Dei
1435 4575 1595 4645 potestate,)

32 4654 204 4731 praecidentes,
217 4672 302 4733 atque
314 4678 347 4714 es
359 4678 421 4732 qum
435 4661 519 4714 noxia
534 4659 665 4714 videntur
680 4659 709 4711 in
725 4676 776 4712 uo·
822 4666 888 4712 tunc
908 4676 1004 4731 poenas
1027 4657 1091 4730 dat,
1115 4657 1213 4730 [quod
1232 4660 1262 4712 in
1276 4658 1355 4730 lege,
1378 4675 1436 4711 non
1452 4667 1546 4712 autem
1566 4659 1597 4712 in

33 4743 101 4792 ⁸le
114 4759 167 4796 reru
181 4757 372 4802 convertentes
389 4747 552 4819 :praecipue
570 4763 639 4800 vero
655 4745 776 4799 coelesti-
821 4755 918 4798 nostra
946 4756 1086 4817 potestate
1100 4747 1222 4818 positum
1236 4743 1306 4816 est).
1321 4743 1403 4798 Solus
1422 4762 1510 4816 porro
1529 4745 1597 4817 legis

34 4816 75 4873 bus
86 4823 158 4882 bonis
170 4849 219 4886 nos
231 4851 282 4906 per
295 4851 430 4888 suminam
445 4833 576 4886 virtutem
589 4831 690 4904 dignos
703 4849 775 4903 prae·
821 4847 924 4904 scopus
937 4841 965 4884 et
979 4833 1040 4887 Deo
1059 4832 1229 4886 conveniens
1240 4841 1268 4884 et
1277 4829 1439 4896 hominibus
1449 4831 1525 4884 utilis
1538 4830 1596 4886 fue-

35 4913 100 4965 111111.
120 4912 146 4966 Si
166 4919 225 4987 quis
247 4937 316 4972 vero
350 4917 478 4973 nondum
508 4918 610 4972 horum
637 4917 777 4972 desiderio
820 4917 858 4972 rit
881 4919 1014 4974 vitiorum
1031 4919 1165 4973 coercitio
1192 4928 1220 4972 et
1240 4935 1291 4990 per
1319 4917 1459 4989 quaslibet
1479 4915 1596 4986 justitiae

35 4996 136 5066 tenetur,
158 5004 246 5060 civilia
265 5007 360 5060 saltem
378 5005 454 5062 bona
478 5005 575 5060 mediae
596 5005 707 5058 virtutis
723 5023 778 5077 ope
821 5007 1014 5079 castigationes
1030 5006 1161 5078 purgatio
1177 5015 1260 5078 atque
1275 5005 1360 5058 animi
1374 5005 1404 5058 in
1417 5005 1515 5058 vitium
1524 5023 1593 5077 pro·

38 5091 204 5155 t0ffiequatm.
220 5094 280 5148 Hoc
293 5094 365 5149 enirn
380 5091 449 5148 illud
468 5102 508 5147 est
522 5091 601 5164 quod
614 5091 651 5146 ad
663 5092 775 5148 calami·
822 5093 890 5167 lapsi
905 5095 1051 5150 conversio
1070 5091 1108 5146 ad
1123 5101 1205 5146 reeta
1223 5091 1340 5146 rationis
1355 5091 1592 5150 recordationem.
