3776 5926
235 369 290 418 190

290 475 404 556 Ἰκαρίου
418 475 499 556 κούρη
514 475 608 549 ληνοθς
620 475 665 535 καί
676 475 800 544 θδεοκίας
814 499 895 550 οινας,

290 564 429 640 μνωομένη
442 565 491 624 δσα
506 563 589 642 λογρδι
605 563 748 624 Διωνύσοιο
761 563 837 636 ἴκητι

290 651 403 711 bacatu
418 652 552 730 μήσαντο,
567 651 633 731 μέθῃ
648 652 805 729 δεδμημένοι
819 655 879 733 αἰνῇ

242 759 270 798 aa
291 739 421 818 Ἰκάριον,
439 740 484 799 καί
500 763 544 817 μιν
559 740 697 821 στυρελαῖς
710 738 834 820 κορύνησι
849 738 956 817 δοίϊξαν,

288 827 464 907 σφαλλόμενοι
478 826 583 907 δώροισι
601 826 769 907 χοροιμανέος
781 826 907 908 Βάκχοιο.

329 941 462 1017 (Tzetues
485 941 558 997 Chii.
581 938 728 1009 tv,128:
748 935 890 1012 Μέμνηται
911 936 1008 1006 ταύτης

288 1025 334 1085 καὶ
349 1026 463 1108 Ὀρρεθς
475 1027 500 1084 ἰν
517 1027 539 1086 Γ
540 1023 636 1103 εωργίρ
652 1023 772 1104 γρύρων·
790 1023 913 1104 Ἄστραίη
926 1024 1007 1105 κούρη

288 1113 315 1173 di
337 1117 396 1174 κτλ.
421 1116 513 1171 iidern
529 1133 626 1170 versus
645 1117 824 1187 reperiuntur
845 1116 876 1170 in
893 1115 1008 1171 Maximi

288 1207 413 1260 cannino
437 1205 456 1260 l.
471 1222 497 1261 c.
518 1222 561 1260 vs.
587 1201 728 1274 488-496.
750 1202 889 1258 Caeterum
911 1220 951 1260 vs.
970 1219 1007 1256 ao

288 1291 394 1366 legitur
409 1291 494 1346 etiarn
508 1289 611 1364 fragm.
624 1287 776 1368 XXXVI.)

566 1401 675 1461 LVIII.

288 1513 459 1594 Πρωτόγονος
473 1511 604 1584 Φαέθων,
621 1511 780 1592 περιμήκεος
792 1509 890 1591 αἰθέρος
901 1513 967 1584 νίός,

289 1601 390 1661 ἔκτισεν
405 1599 542 1667 ἀθανάτοις
556 1601 633 1676 δόμον
649 1599 837 1680 ἅρθιτον.......

328 1715 507 1792 (Lactantius
520 1717 623 1772 Institt.
639 1717 664 1786 I,
680 1713 696 1771 5
712 1735 718 1770 z
734 1740 744 1765 ι
756 1715 886 1788 Orpheus
900 1716 949 1788 qni
962 1726 1004 1770 est

286 1808 489 1862 vetustissimus
512 1817 664 1879 poetarum
687 1815 715 1859 et
739 1805 854 1878 aqualis
878 1803 1007 1878 ipsorum

286 1890 416 1962 deorum,
432 1892 442 1960 ί
453 1893 593 1966 siquidem
608 1889 731 1946 traditur
743 1891 817 1945 inter
830 1892 1008 1964 Argonautas

286 1996 351 2033 curu
366 1978 534 2052 Tyndaridis
547 1989 575 2035 et
587 1979 709 2034 Hercule
722 1979 879 2051 navigasse,
892 1977 900 2051 )
915 1979 1006 2032 Dauni

284 2083 384 2120 verum
404 2077 433 2122 et
453 2085 588 2140 magnum
600 2063 764 2141 πρωτόγονον
785 2066 1006 2140 primogenitum

285 2156 421 2228 appellat,
442 2155 522 2229 quod
540 2167 603 2211 ante
617 2155 710 2230 ipsum
723 2154 795 2208 nihil
811 2155 847 2208 sit
861 2153 1005 2228 genitum,

284 2241 333 2295 scd
359 2244 474 2316 abipso
498 2245 553 2298 siut
574 2244 670 2297 omnia
693 2252 835 2315 generata.
877 2240 1005 2296 Eundem

285 2329 371 2383 etiarn
389 2327 504 2398 Φοίνητα
525 2331 672 2400 nominat,
688 2329 781 2401 quod,
804 2347 893 2404 quum
912 2328 1005 2383 adhuc

283 2415 356 2468 nihil
373 2427 461 2485 esset,
482 2417 591 2490 primus
609 2435 644 2472 err
663 2414 774 2472 infinito
792 2416 958 2492 apparuerit
978 2426 1008 2471 et

939 356 1118 419 obiflici.

1115 482 1261 538 exstiterit.
1274 483 1357 554 Cujus
1370 484 1506 558 originem
1525 494 1611 557 atque
1622 495 1756 540 natumm
1767 486 1823 559 quia

1114 571 1265 644 concipere
1291 572 1385 626 animo
1407 589 1466 625 non
1488 582 1617 645 poterat,
1640 591 1678 627 ex
1699 591 1764 628 aere
1783 575 1824 627 irn-

1113 675 1212 712 menso
1222 668 1320 712 natum
1329 676 1388 713 esse
1399 657 1489 713 dixit:
1502 656 1663 735 πρωτόγονος
1673 660 1735 716 κτλ.
1750 661 1824 716 Aliud

1113 745 1188 798 enim
1212 745 1332 819 amplius
1368 745 1448 819 quod
1477 745 1585 802 diceret
1609 764 1669 800 non
1697 747 1822 807 habebat.

1113 833 1196 887 Hunc
1218 833 1256 887 ait
1281 851 1339 888 esse
1366 833 1493 888 omnium
1521 834 1641 889 deorum
1663 847 1821 908 parentem,

1113 938 1236 992 quorum
1254 937 1336 975 causa
1358 921 1462 974 coelum
1486 921 1650 976 condiderit
1677 923 1822 996 liberisque

1111 1007 1306 1082 prospexerit,
1321 1016 1352 1061 ut
1365 1007 1505 1063 haberent
1518 1009 1714 1064 habitaculum
1724 1010 1824 1065 sedern·

1112 1112 1168 1168 que
1183 1111 1362 1150 communem
1379 1113 1387 1148 ε
1407 1091 1509 1152 ’ἔκτισιν
1525 1095 1582 1153 κτλ.
1593 1097 1624 1170 ι)

1112 1231 1257 1304 Πλουτούνη
1271 1254 1300 1290 τε
1314 1232 1395 1310 (καί)
1409 1232 1561 1315 Εὐρροσύνη
1574 1233 1665 1301 Βένδις
1673 1258 1703 1293 τε
1711 1235 1823 1314 κραταιή.

1152 1385 1290 1460 (Procius
1306 1387 1337 1440 in
1359 1385 1462 1443 Theoi.
1477 1405 1508 1460 p.
1533 1384 1589 1444 353
1606 1407 1613 1441 ε
1630 1388 1687 1444 Τοῦ
1702 1387 1824 1464 Θεολόγου

1111 1557 1202 1618 Βίνδιν
1223 1561 1259 1625 Ιεἷς
1275 1557 1322 1628 τὴν
1341 1558 1399 1617 θεὸν
1421 1558 1628 1635 ἀναπέμποντος.
1650 1565 1824 1636 Hesychius:

1112 1644 1221 1719 Βίνδις,
1242 1651 1257 1716 ἡ
1270 1641 1392 1726 Ἄρτεμις
1405 1647 1564 1726 Θρᾳκιστί).

1251 1809 1356 1882 'Arrisit
1370 1813 1418 1888 (τε)
1431 1811 1524 1891 γάμων
1539 1811 1585 1869 καὶ
1594 1811 1702 1890 ἄπειρος
1717 1814 1791 1872 ἐοῦσα

1111 1896 1267 1976 παιδογόνον
1281 1897 1373 1978 λοχίης
1385 1899 1473 1970 πόσης
1488 1897 1537 1956 aivi
1551 1898 1667 1979 πείρατα
1684 1899 1752 1960 λύει.

1152 2063 1290 2138 (Procius
1309 2065 1340 2119 iu
1353 2063 1430 2122 Crat.
1441 2083 1479 2138 tp.
1502 2082 1578 2122 rra:
1597 2063 1688 2134 Φησίν
1705 2063 1821 2146 Ὀρφεύς

1112 2148 1216 2220 Ἀτελὴς
1234 2148 1326 2226 γάμων
1343 2152 1401 2208 κτλ.
1422 2153 1532 2207 inserui
1555 2173 1584 2208 τε
1600 2173 1667 2208 cum
1688 2156 1824 2211 Lobeckio

1110 2237 1249 2312 Aglaoph.
1264 2255 1293 2312 p.
1311 2235 1382 2306 545,
1399 2239 1448 2310 qui
1462 2250 1539 2294 recte
1551 2251 1650 2296 monet
1663 2243 1755 2315 accipi
1772 2243 1825 2298 hac

1110 2324 1200 2380 verba
1212 2325 1248 2380 de
1263 2325 1353 2380 Diana
1364 2344 1427 2399 quae
1438 2337 1578 2401 perpetua
1588 2329 1752 2402 virginitate
1762 2347 1827 2404 gan·

1110 2412 1159 2468 det
1174 2423 1330 2488 partusque
1343 2413 1465 2488 tuetur.)

224 2627 292 2678 Icarii
308 2611 357 2677 lilla
374 2629 505 2679 torcularia
517 2634 542 2679 et
558 2629 613 2680 vina
632 2642 726 2688 amna,
1398 2629 1484 2678 ivm.

224 2728 317 2765 memor
331 2721 391 2778 quot
406 2717 469 2766 maia
482 2719 580 2780 propter
594 2717 714 2767 Bacchum
1052 2715 1226 2778 Primogeuitus
1238 2715 1375 2775 Phaethon,
1387 2715 1496 2765 altissimi
1509 2717 1606 2767 artiserit
1631 2717 1708 2780 lilius,

223 2804 298 2853 belai
310 2804 386 2854 moliti
396 2804 462 2868 sint,
476 2804 584 2854 borriblli
596 2805 727 2855 vinolentia
741 2805 852 2868 subigere
860 2807 913 2858 anal
1049 2803 1148 2852 domum
1163 2815 1291 2864 perennem
1304 2804 1479 2854 immortalibus
1492 2805 1606 2854 condidit.
1618 2835 1648 2847 -

224 2893 344 2955 icarium,
357 2905 430 2957 quern
444 2893 511 2944 duris
527 2895 601 2944 clavia
613 2893 803 2957 obtruncarunt,
1049 2891 1151 2941 Plutone
1162 2895 1187 2940 et
1198 2891 1354 2954 Euphrosyne
1364 2895 1389 2942 et
1404 2891 1482 2942 valida
1494 2892 1581 2942 Beudis
1591 2894 1625 2956 (a.
1644 2893 1738 2954 Diana).
1748 2922 1776 2936 -

223 2979 356 3032 titubantes
367 2981 437 3032 donis
454 2982 535 3032 insana
547 2981 702 3045 trinodianlis
714 2982 810 3033 Bacchi.
1267 2977 1436 3041 immunisque
1448 2980 1593 3030 miiiifflfflii
1605 2984 1630 3030 ei
1642 2993 1727 3045 ssim

1050 3065 1129 3116 omnis
1144 3066 1262 3130 puerperii
1275 3066 1335 3117 lines
1346 3067 1426 3119 solvit.
