3840 5924
499 401 540 462 ΙΝ
562 402 799 466 tuernocnts
820 405 1045 470 canutum
1064 407 1291 482 utttoutts.
1653 422 1688 472 rt

80 531 257 592 mortalibus
280 531 668 612 operaascribit,llirgilius
685 535 863 594 auteminle·
911 537 1026 616 reliquo
1042 539 1272 618 initiumoperis
1288 557 1352 597 cum
1372 539 1695 622 biremibus-eompa-

80 641 135 679 τοο
150 620 306 679 celebrans
330 640 385 699 pro
406 640 507 678 eorum
525 621 638 680 loribus
658 641 734 680 rana
753 624 867 682 somnia
911 627 993 684 nenti
1007 627 1167 686 verisimile
1189 628 1322 686 videatur
1342 628 1458 686 linxisse
1473 629 1693 707 Empedoclem,
1746 645 1752 706 1

80 710 183 773 statuit
199 709 251 767 :id
270 728 331 767 suo.
345 726 491 784 quemque
505 723 674 786 argumento
688 709 866 769 convenien·
913 715 990 772 sein
1001 714 1076 774 hanc
1089 715 1178 774 vitam
1192 716 1351 793 profectum
1363 717 1394 774 in
1405 716 1491 774 terris
1501 719 1595 775 statim
1610 718 1693 776 aGe-
1747 709 1752 782 ’ς

80 809 129 856 ter
147 797 245 855 lacere
256 809 363 875 sponte
371 807 460 873 patet.
913 801 1029 860 nicrum
1048 803 1162 876 agmine
1186 819 1249 860 esse
1267 815 1417 880 exceptum
1432 803 1484 880 qui
1505 803 1560 880 ipsi
1580 805 1694 864 itineris

123 884 173 943 Vs.
191 905 238 942 ar.
253 883 333 954 Ἄτης
354 880 452 958 λειμὼν
473 884 639 942 nominatur
660 885 804 944 terrestris
818 884 870 944 ho·
913 889 1000 948 duces
1017 909 1048 948 se
1062 890 1221 948 osserrent..
1237 889 1332 958 Quare
1352 908 1402 948 eos
1415 890 1566 966 loquentes
1581 892 1695 950 inducit

80 973 198 1032 minnan
209 971 353 1030 habitatio
363 983 392 1028 et
403 971 552 1046 geniorum
563 990 579 1029 e
591 972 665 1030 coelo
677 973 868 1049 profugorum
912 987 1020 1052 vasaq.
1033 975 1067 1034 ln
1077 975 1261 1035 recensendis
1271 995 1341 1035 vero
1351 977 1513 1035 daemonum
1525 977 1700 1038 nominibus

82 1060 182 1119 sedes.
199 1059 307 1118 Eadem
323 1057 511 1116 translatione
525 1058 607 1116 Plato
622 1059 711 1137 Sopb.
725 1080 754 1137 p.
770 1080 828 1118 aaa
845 1062 869 1118 tt
912 1063 996 1140 paria
1019 1065 1096 1122 inter
1120 1081 1152 1120 se
1176 1063 1356 1140 respondere.
1375 1064 1469 1122 voluit
1482 1064 1692 1142 philosophum

81 1145 203 1204 πλούτου
211 1145 258 1204 καλ
272 1145 393 1215 νεότητος
405 1147 531 1218 λειμῶνας
546 1143 668 1223 όρθόνους
680 1145 752 1203 dicit
764 1159 791 1204 et
801 1147 869 1206 Plu·
913 1169 972 1226 quo
986 1150 1137 1208 nominum
1152 1148 1256 1207 ordine
1269 1150 1356 1208 simul
1374 1151 1556 1225 singulorum
1579 1154 1695 1227 signifi·

80 1233 177 1291 tarclr.
193 1234 267 1292 lllor.
281 1254 311 1311 p.
329 1233 404 1289 1088
419 1231 444 1287 l)
459 1232 496 1308 (p.
513 1240 566 1303 477
583 1231 642 1289 νοί.
655 1234 684 1288 X
698 1232 744 1290 ed.
760 1233 868 1308 beist.)
913 1237 1004 1306 catio,
1016 1237 1146 1313 alioquin
1157 1234 1310 1295 obscurior
1326 1237 1438 1309 futura,
1454 1237 1626 1300 declaratam.
1643 1245 1692 1299 Vs.

80 1322 169 1400 νομάς
175 1323 222 1380 καὶ
228 1319 637 1400 λειμῶναςάμριλαρεῖςὴδονῶν.
647 1319 734 1376 Plura
740 1322 870 1400 exempla
914 1345 964 1385 aa.
976 1324 1085 1395 Χθονίη,
1100 1325 1255 1396 terrestris,
1266 1325 1286 1383 i.
1299 1344 1323 1384 e.
1333 1324 1520 1384 rebuslluxis
1534 1329 1700 1386 art-terrenis

81 1413 175 1468 citant
191 1411 361 1470 Karstenius
376 1409 410 1466 ad
427 1407 456 1464 h.
472 1408 506 1478 l.;
524 1406 649 1465 Creuzer
664 1408 696 1464 in
712 1407 820 1467 Plotin.
833 1410 870 1468 de
914 1425 1063 1490 occupata.
1074 1411 1215 1470 Similiter
1223 1409 1293 1476 κόνις
1300 1411 1392 1490 χθονία
1402 1424 1446 1470 est
1454 1413 1552 1489 pulvis
1563 1427 1700 1472 terrenus

82 1500 183 1576 pulcr.
198 1519 265 1576 pag.
286 1518 350 1569 roa,
368 1517 398 1556 n.
413 1498 463 1567 673
481 1497 541 1554 Ast.
565 1496 597 1553 in
616 1495 727 1552 Platon.
754 1496 867 1555 Phaedr.
914 1501 991 1577 apud
1001 1497 1347 1576 lEsch.Sept.vs.738ed
1363 1498 1591 1576 5οίνίιιπ,χθονίος
1600 1515 1694 1558 autem

83 1607 114 1663 p.
129 1587 190 1644 305
213 1605 259 1662 sq.
277 1583 322 1641 Cf.
342 1584 427 1642 etiam
450 1581 590 1641 Tlresaur.
612 1581 769 1640 parisiens.
794 1602 818 1641 s.
841 1605 869 1646 ν.
915 1607 969 1664 pro
992 1586 1118 1666 ἐγχώριος
1140 1586 1247 1662 dicitur
1267 1606 1284 1644 a
1304 1585 1447 1664 Sophocle
1468 1586 1534 1644 OEd
1549 1588 1612 1646 Cel.
1636 1592 1700 1665 943-

83 1675 196 1750 λειμάιν.
210 1672 395 1750 Empedoclis
409 1670 525 1728 ell‘atum
546 1670 677 1730 breviter
700 1672 870 1748 perstringit
914 1676 1029 1730 τοιοῦτον
1056 1673 1142 1737 αὐτοῖς
1155 1670 1245 1752 Ἄρεος
1267 1669 1389 1729 εὗόονλον
1412 1670 1496 1748 πάγον
1521 1671 1574 1749 ε’γὼ
1596 1671 1694 1750 ξονῆδῃ

83 1761 270 1818 'l'hemistius
281 1759 362 1816 Orat.
385 1761 444 1814 XX
461 1778 489 1835 p.
506 1765 564 1824 alo
585 1758 608 1814 C
631 1779 638 1814 τ
661 1762 688 1818 ἐν
702 1759 741 1836 τῷ
756 1756 869 1817 κλύδωνι
914 1758 1017 1836 χθόνιον
1033 1759 1097 1830 ὄνθ’,
1116 1757 1144 1827 t.
1159 1761 1206 1817 οὐκ
1221 1763 1252 1840 ἐᾷ
1273 1758 1393 1832 >calubi
1407 1760 1546 1837 interpres
1560 1779 1693 1836 graecus:

83 1849 185 1924 καὶτῷ
202 1848 313 1921 λειμῶνι
327 1849 374 1915 τῆς
396 1841 485 1912 Ἄτης.
509 1843 589 1901 ldem
604 1857 677 1900 orat.
703 1843 785 1903 thl.
808 1844 871 1921 ejus
915 1852 1004 1904 τοῦτον
1022 1848 1049 1906 δὲ
1064 1846 1165 1926 χθόνιον
1182 1837 1266 1918 εἶπεν,
1286 1837 1339 1905 οἷον
1357 1848 1449 1926 ἐγγενῆ
1466 1846 1512 1906 κοιλ
1531 1848 1694 1928 αὐτόχθονα,

87 1935 226 1992 meminit
234 1934 280 1990 liis
290 1929 405 1992 verbis:
418 1929 484 2006 μηδὲ
492 1928 669 2006 Ἐμπεδοκλεῖ
678 1935 871 2009 συγχωροῦντες
915 1933 1048 2014 ἐγχώριον.
1067 1937 1113 1996 Cl.
1127 1938 1173 2010 nj.
1195 1955 1240 1996 rs.
1254 1957 1307 1994 aon
1329 1934 1438 2014 χθονίων
1454 1935 1501 1994 ἀπ’
1514 1934 1694 2017 Ἐρεχθειδᾶν.

88 2025 178 2094 ἀληθῆ
202 2023 299 2101 λέγειν,
322 2022 516 2098 δυσρημοῦντες
537 2017 580 2076 τὸν
604 2017 703 2094 ἔγγειον
725 2019 803 2078 τόπον
825 2019 871 2076 καὶ
914 2021 1097 2100 Quapropter
1110 2042 1169 2080 nou
1180 2035 1241 2082 erat
1255 2022 1334 2099 quod
1346 2022 1515 2082 Karstenius
1525 2023 1602 2083 hunc
1614 2028 1696 2084 vocis

86 2110 170 2183 Ἄτης
183 2113 301 2186 λειμῶνα
317 2105 514 2182 ἐπονομάζοντα
530 2105 610 2163 Adde
624 2105 777 2183 Nicephor.
797 2107 870 2166 Pro·
916 2129 998 2168 usum
1012 2110 1197 2188 Empedoclis
1208 2111 1361 2188 proprium
1376 2129 1439 2168 esse
1453 2122 1589 2170 statueret
1602 2112 1697 2171 diver·

86 2220 191 2277 gymn.
208 2200 239 2257 in
254 2197 348 2255 llhett.
363 2195 416 2254 Gr.
430 2194 498 2252 Vol.
515 2193 570 2269 lp.
586 2195 641 2264 487
664 2195 717 2252 ecl.
739 2193 828 2256 Walz.
844 2209 872 2254 et
915 2216 1038 2272 sumque
1053 2216 1071 2254 a
1085 2209 1253 2255 caeterorum
1273 2210 1422 2275 poetarum
1437 2198 1576 2275 loquendi
1596 2219 1694 2273 more,

89 2308 118 2366 p.
144 2291 203 2363 493
227 2285 280 2344 ubi
302 2283 404 2361 juncta
424 2281 558 2339 ridemus
582 2279 723 2358 Ἐριννύων
747 2282 826 2348 άλσος
844 2295 872 2341 et
914 2283 1050 2360 aquibus
1066 2283 1165 2362 χθόνιοι
1178 2285 1267 2360 vulgo
1280 2296 1422 2343 vocantur
1435 2285 1478 2344 dii
1494 2286 1592 2347 inseri.
1606 2287 1697 2365 Cujus

89 2374 192 2448 λειμὼν
206 2372 293 2445 Ἄτης.
308 2407 348 2418 -
360 2371 452 2435 σκότος
468 2383 500 2428 ιιι
514 2368 591 2446 apud
612 2367 731 2428 Latinos
746 2375 872 2428 tenebras
915 2373 957 2430 rei
966 2373 1028 2449 ipse
1037 2372 1111 2430 banc
1121 2372 1260 2430 reddebat
1271 2372 1423 2444 rationem,
1437 2375 1516 2450 quod
1528 2373 1696 2452 Empedocli

90 2462 171 2520 haud
190 2482 257 2520 raro
281 2460 319 2518 de
338 2457 469 2517 terrestri
487 2457 639 2515 bominum
655 2457 717 2515 vita
730 2458 789 2515 dici
803 2460 871 2517 satis
916 2470 993 2518 terra
1006 2461 1089 2537 quasi
1110 2460 1224 2518 inferna
1237 2459 1319 2518 sedes
1330 2471 1408 2518 esset.
1419 2461 1529 2520 coelesti
1549 2464 1697 2540 opposita.

90 2563 214 2608 constat.
229 2547 272 2608 Cf.
284 2547 400 2606 Lucret.
413 2545 451 2620 ll,
476 2552 521 2611 li·
544 2543 631 2621 Apud
648 2542 768 2602 Graecos
793 2565 870 2623 prae·
915 2544 1032 2620 Ἡλιόπη
1044 2548 1173 2606 coelestia
1187 2548 1402 2625 contemplans,
1418 2548 1518 2626 quales
1536 2549 1569 2608 in
1583 2549 1701 2608 Parme«

91 2638 180 2713 cipue
193 2636 248 2693 hac
267 2629 440 2692 vocabulum
456 2631 624 2706 similesque
637 2651 724 2690 voces
741 2631 873 2708 frequen·
918 2635 995 2693 nidis
1018 2636 1147 2694 carmine
1172 2655 1218 2694 rs.
1245 2637 1272 2695 6.
1300 2634 1423 2702 Ἡλιάδες
1447 2641 1542 2715 κοῦραι
1571 2636 1611 2714 (ρ.
1642 2659 1693 2694 ιιι

92 2737 153 2780 tant
167 2721 378 2801 Neoplatonici.
394 2720 443 2778 Sic
458 2719 579 2777 Proclus
594 2718 624 2776 in
638 2718 712 2776 Plat.
731 2718 871 2778 Timaeum
917 2735 1022 2780 nostrae
1036 2721 1091 2798 ed.)
1111 2734 1178 2779 sunt
1193 2743 1200 2778 ι
1220 2722 1354 2788 ταναῶπις
1369 2721 1406 2780 ad
1423 2721 1583 2799 longinqua
1597 2735 1628 2780 et
1642 2721 1698 2780 ab·

91 2831 121 2888 p.
138 2813 198 2886 339
213 2833 220 2868 ι
237 2809 356 2889 ἐνάψασα
371 2809 399 2884 [ἡ
411 2805 493 2888 ψυχὴ)
511 2808 537 2863 ίν
556 2809 594 2884 τῷ
609 2804 714 2881 σώματι
725 2810 795 2886 φῶς,
807 2807 872 2880 αὐτῆ
918 2824 1012 2868 strustt
1025 2811 1114 2868 aciem
1128 2809 1289 2870 intendens.

91 2897 123 2968 δὴ
140 2901 168 2955 ἐν
183 2897 269 2977 σκότῳ
287 2903 417 2974 γεγονυῖα.
430 2897 473 2954 Cl.
488 2895 597 2952 Plotin.
614 2894 650 2951 de
663 2895 757 2972 pulcr.
774 2915 804 2972 p.
823 2897 871 2968 56,
956 2895 1004 2956 Vs.
1021 2896 1070 2953 23.
1084 2894 1206 2973 Ἁρμονίη
1223 2909 1252 2954 et
1265 2901 1344 2973 Δῆρις
1357 2896 1513 2960 Plutarcho
1528 2899 1702 2976 anctorede

92 2986 139 3043 ed.
156 2985 258 3043 Creur.
274 2997 301 3042 et
318 2984 520 3060 Olympiodor.
537 2982 567 3040 in
581 2981 656 3043 Plat.
677 2981 769 3058 Gorg.
785 2984 835 3044 cit.
857 3004 874 3042 a
918 2981 957 3043 ls.
976 2996 1004 3040 et
1022 2984 1101 3041 Osir.
1120 3004 1149 3061 p.
1164 2984 1220 3053 llio
1235 2985 1295 3042 νοΙ.
1310 2983 1363 3043 vlt
1377 2983 1424 3042 ed.
1438 2983 1475 3045 ll.
1486 3003 1545 3044 nan
1556 2985 1700 3050 ¹differunt

93 3072 197 3130 Creon
212 3070 288 3130 ibid.
303 3091 333 3147 p.
351 3072 419 3130 282.
919 3070 1034 3130 adtrita
1049 3084 1077 3128 et
1091 3073 1198 3138 Νεῖκος.
1209 3069 1304 3132 Verba
1322 3069 1388 3148 ejus
1405 3085 1472 3133 sunt
1489 3093 1496 3129 t
1513 3069 1698 3149 Ἐμπεδοκλῆς

132 3157 198 3218 h'ss.
208 3159 420 3228 22·25exstant
428 3156 502 3234 apud
511 3156 704 3214 Plutarch.de
714 3157 767 3214 An.
778 3169 872 3235 tranq.
919 3157 947 3216 δὲ
965 3157 1013 3231 τῆν
1030 3155 1077 3234 μὲν
1093 3157 1254 3237 ἀγαθουργὸν
1279 3159 1364 3237 ἀρχὴν
1385 3159 1512 3239 φιλότητα
1535 3159 1580 3218 καί
1597 3158 1697 3240 ριλίαν,

92 3266 122 3322 p.
136 3254 214 3320 474;
230 3245 293 3304 vol.
310 3241 360 3303 Vll
374 3265 404 3322 p.
422 3245 478 3311 854
496 3243 543 3305 ed.
572 3243 668 3304 Reist.
691 3243 738 3302 Vs.
760 3245 875 3317 attingit
919 3247 1045 3312 πολλάκις
1061 3247 1088 3304 δὲ
1103 3245 1233 3326 ἁρμονίαν
1253 3249 1391 3306 καλεῖσθαι
1405 3246 1499 3325 μάροπι
1517 3248 1602 3323 (corr.
1623 3253 1700 3306 καλεῖ

92 3333 170 3391 idem
191 3332 320 3408 scriptor
336 3331 373 3388 de
390 3331 428 3390 ls.
447 3342 475 3388 et
492 3330 541 3388 Os.
557 3350 585 3407 p.
608 3331 664 3402 370.
683 3333 724 3399 D;
739 3326 802 3386 Vol.
823 3331 874 3388 Vll
920 3335 1088 3413 θεμερῶπιν),
1101 3335 1149 3405 τῆν
1164 3334 1191 3392 δὲ
1206 3333 1311 3414 χείρονα
1322 3343 1405 3402 νεῖκος
1416 3334 1554 3411 οὐλόμενον
1568 3336 1613 3395 καλ
1624 3339 1698 3418 δῆριν

92 3442 121 3500 p.
137 3422 207 3488 rto.
223 3418 275 3476 Vs.
288 3419 325 3476 25
342 3418 452 3496 μελάγκ.
468 3417 561 3495 Ἀσάφ.
579 3415 697 3473 Taetzes
715 3413 789 3472 Chil·
802 3413 874 3488 ΧῙΙ,
920 3422 1108 3500 αἱματόεσσαν.
1121 3421 1205 3490 Quod
1220 3423 1367 3480 Plutarchi
1377 3423 1485 3481 dictum
1496 3424 1521 3480 si
1532 3444 1596 3481 cum
1607 3426 1699 3483 altero

93 3528 139 3568 rs,
154 3507 225 3579 575.
239 3504 411 3564 Plutarchus
426 3504 576 3562 hominurn
597 3501 685 3560 vitam
703 3521 762 3559 nou
785 3523 885 3581 perpe·
920 3513 986 3570 loco
999 3528 1216 3587 comparamus,
1234 3523 1365 3587 apertum
1384 3522 1442 3581 est,
1459 3510 1507 3568 hic
1525 3511 1701 3588 scriptorem.

93 3595 150 3652 tuis
162 3591 360 3668 uoluptatibus
374 3589 518 3666 rebusque
531 3587 665 3647 secundis
678 3587 812 3660 affluere,
825 3589 875 3648 sed
920 3611 969 3656 rur
983 3597 1048 3658 falli.
1058 3610 1107 3658 aut
1120 3598 1211 3669 alios,
1226 3617 1311 3674 quam
1326 3598 1377 3675 qui
1394 3597 1430 3659 ad
1442 3611 1570 3656 nostram
1587 3613 1700 3661 aerarem

93 3700 191 3738 rerum
206 3692 412 3756 prosperarum
427 3697 544 3736 cursum
556 3676 641 3734 malis
654 3677 810 3753 temperari
830 3697 875 3734 os·
920 3697 1103 3756 manserunt,
1117 3703 1219 3744 versus
1235 3683 1438 3761 Empedocleos
1452 3697 1599 3763 spectare,
1623 3706 1702 3764 quo«

93 3767 227 3843 tendens,
239 3765 346 3841 rejecta
358 3764 510 3823 Menandri
523 3764 674 3832 sententia,
683 3763 735 3840 qni
747 3767 873 3822 nascenti
920 3775 998 3833 niam
1019 3793 1053 3836 ep
1068 3773 1107 3831 de.
1116 3793 1175 3850 quo
1199 3773 1317 3848 agimus,
1335 3773 1481 3830 locomn
1506 3775 1699 3848 magnae.i}lae

93 3856 254 3931 unicuique
264 3853 374 3911 bonum
388 3854 504 3928 genium
514 3854 582 3911 vitae
596 3853 763 3926 magistrum
774 3852 873 3912 adesse
920 3863 1001 3920 vires
1016 3881 1112 3919 rerum
1128 3860 1349 3920 universitatem
1363 3873 1526 3932 moventes,
1549 3861 1599 3920 sed
1621 3865 1699 3937 genii

93 3953 264 4019 putaverat,
274 3937 496 4018 Empedocleum
504 3939 649 4017 judicium
660 3938 772 4016 probat.
784 3938 876 4016 Cujus
920 3950 971 4027 qui
986 3949 1135 4010 hominnm
1148 3948 1237 4006 uitam
1253 3960 1357 4022 regunt
1370 3947 1569 4023 designantur.
1590 3947 1624 4007 ln
1640 3945 1701 4027 quo

93 4029 252 4088 diversitas
265 4029 296 4085 in
310 4027 365 4085 hoc
386 4028 481 4106 posita
495 4040 552 4099 est,
568 4025 648 4104 quod
673 4027 875 4102 Agrigentinus
920 4037 996 4098 haud
1011 4037 1071 4094 scio
1086 4055 1122 4092 an
1136 4048 1236 4098 auctor
1249 4033 1385 4106 Tabulae,
1398 4053 1485 4111 quarn
1498 4033 1599 4093 Cebeti
1620 4035 1698 4094 The·

94 4113 290 4192 philosophus
304 4133 540 4191 unumquemque
562 4125 708 4184 ¹¹⁰⁵²f¹¹¹¹¹r
722 4118 875 4189 Ρθὸίίῐῑθθΰ]
920 4123 997 4186 bano
1015 4122 1165 4193 tribuunt,
1189 4121 1373 4200 Empedoclis
1397 4120 1560 4199 exemplum
1585 4135 1699 4180 secutus

96 4214 247 4276 natusest,
263 4201 355 4278 arripi
372 4199 586 4275 gubernarique
601 4219 617 4256 a
631 4198 797 4276 duplicibus
813 4201 877 4262 latis
921 4213 970 4271 sir,
981 4210 1122 4269 Caererum
1133 4207 1503 4290 orprp'srur,p1·0quoapud
1514 4207 1699 4267 Plutarchum

94 4291 247 4365 gentisque
261 4286 416 4359 docuerat,
432 4288 479 4348 vet
494 4301 526 4344 ur
538 4306 627 4363 grece
641 4287 711 4346 dicit
727 4308 735 4345 ι
751 4289 795 4370 (ὡς
805 4288 876 4365 Ἐμ-
921 4317 980 4356 uno
990 4298 1055 4355 loco
1069 4295 1420 4374 Ιερὶιαιὶμερῶπις,ο1ιενο
1430 4292 1539 4372 μίροπι,
1550 4307 1699 4371 acceptum

94 4375 235 4454 πιθοκλῆι)
258 4374 344 4432 διτταί
361 4397 427 4441 τινες
442 4373 550 4432 ἕκαστον
574 4379 650 4448 ἡμῶν
670 4372 807 4451 γινόμενον
824 4399 874 4436 πα·
922 4383 1076 4442 referimus
1098 4381 1229 4458 Bentlejo
1251 4379 1340 4458 Epist.
1367 4380 1433 4438 crit.
1465 4379 1501 4436 ad
1518 4377 1643 4438 llillinm
1667 4400 1701 4457 p.

96 4463 299 4542 ραλιιμόάνοοοι
313 4461 359 4530 καί
372 4461 549 4542 κατάρχονται
566 4462 654 4538 μοῖραι
676 4461 721 4523 ttai
737 4461 875 4539 δαίμονες,
924 4472 960 4543 76
986 4467 1025 4550 (p.
1055 4469 1112 4526 516
1134 4487 1235 4546 opusc.
1261 4466 1364 4546 philol.
1383 4466 1429 4527 ed.
1452 4465 1555 4543 Lipsl.
1572 4467 1698 4545 AEscbprl.

95 4554 145 4612 ubi
160 4551 344 4630 κατάρχονται
358 4551 527 4609 mutandum
548 4551 579 4608 in
600 4547 773 4628 κατάρχουοι.
791 4550 879 4610 Addit
922 4557 1019 4616 Proin.
1039 4576 1071 4615 r.
1089 4558 1143 4624 13l,
1156 4555 1202 4614 ed,
1216 4554 1314 4614 Herm.
1326 4555 1356 4611 ἐκ
1371 4555 1396 4610 δ’
1412 4551 1509 4622 ἔπληξέ
1531 4575 1579 4631 μοι
1592 4555 1640 4612 τὰν
1655 4559 1701 4612 er.
1777 4554 1779 4558 ’

94 4639 270 4700 Plutarchus
294 4639 349 4696 hos
373 4657 489 4709 versus,
514 4636 621 4715 quibus
654 4637 741 4694 Genii
773 4639 877 4714 partim
923 4645 1038 4720 μερῶπιν
1057 4641 1141 4714 αἰδῶ,
1159 4662 1218 4719 quo
1232 4643 1358 4718 pertinet
1370 4640 1506 4716 llcsycbii
1522 4642 1704 4716 glossa:02-.

95 4727 164 4786 boui
180 4727 289 4806 partim
315 4725 401 4799 unali,
423 4727 490 4783 ritae
510 4725 643 4783 bumanae
662 4722 876 4797 moderatores,
924 4729 1048 4809 μερόπις,
1061 4727 1174 4807 ίρασμία
1196 4726 1312 4806 ἀγχόνη,
1330 4727 1381 4787 ubi
1398 4746 1462 4788 cum
1482 4727 1623 4804 Sopiugio
1638 4749 1702 4788 cor·-

96 4827 308 4875 memorantur.
338 4813 452 4871 Horum
479 4826 573 4871 autem
603 4811 786 4883 nominibus,
816 4833 879 4889 quae
923 4816 1076 4892 rigentium
1103 4814 1226 4895 αἰσχύνη.
1252 4816 1316 4876 Non
1340 4814 1442 4875 dubito
1465 4817 1537 4892 quin
1567 4835 1637 4874 vera
1664 4819 1701 4876 sit

95 4919 180 4982 poeta
194 4916 256 4962 tum
271 4900 390 4958 aliunde
411 4901 537 4978 accepit,
552 4913 612 4958 tum
628 4900 690 4978 ipse
702 4914 879 4960 commentus
924 4904 1062 4980 Hesychii
1103 4905 1276 4982 explicatio,
1315 4923 1489 4980 quamquam
1531 4923 1590 4961 non
1627 4924 1701 4978 nego

95 5007 150 5062 est,
165 4990 333 5049 mortalium
347 4987 443 5046 studia
455 4989 602 5064 animique
612 4987 730 5044 humani
743 4999 838 5046 motus
851 5002 880 5046 et
925 4991 1082 5068 AEsclryleae
1098 4992 1246 5050 sententiae
1262 4991 1548 5049 accommodatiorem
1564 5009 1626 5049 esse
1637 5009 1701 5048 eam

97 5079 264 5138 affectiones
277 5075 586 5156 perturbationesque,
603 5076 703 5153 judice
724 5065 879 5135 Plutarcho
926 5080 1074 5139 notionem
1095 5078 1338 5156 quamadjectiro
1355 5077 1462 5157 θέμερον
1477 5076 1610 5146 ascribit,
1624 5076 1701 5134 idem

97 5168 145 5242 qni
168 5168 260 5224 παθῶν
282 5163 428 5245 σπέρματα
451 5164 591 5242 appellat,
608 5163 820 5241 exprimuntur.
839 5164 880 5223 lle
928 5165 1006 5244 quod
1029 5164 1122 5244 σεμνόν
1146 5184 1250 5229 sonare
1267 5164 1375 5224 dicens.
1403 5161 1482 5220 hdde
1506 5163 1582 5239 quod
1605 5161 1706 5242 θεμέρνγ
