3708 5916
603 380 646 444 IN
672 377 841 442 AUREUM
866 376 1040 438 GARME'N.
1559 383 1618 438 4θό

29 517 84 622 ’ἐς
99 517 214 598 ψυχῆς
226 515 359 578 τελείωσιν
378 512 426 586 τὴν
441 510 574 596 θναφορδν
588 510 661 593 ἕχει,
674 509 723 592 θρα
737 509 795 582 ίξῆς
839 511 935 590 τροφῆς
947 508 978 568 εδ
991 504 1117 588 θποῤῥέον
1128 503 1348 584 θναπληροιίσης,
1363 509 1410 565 νῦν
1424 503 1450 566 δέ
1466 506 1619 584 γυμνασίων

88 625 145 660 ει·

839 596 869 656 ab
885 595 1027 664 πλεονάζον
1045 592 1267 678 θπεξαιροιίντων·
1283 593 1401 674 μίτρρν
1416 596 1558 665 ἐπιστῆσαι
1582 595 1620 650 δή

839 687 872 764 τῇ
886 684 936 740 τῶν
951 680 1126 758 ίίσαῖθμέθων
1140 681 1289 760 πληριιίσεε,
1300 681 1345 740 καλ
1358 685 1391 760 τῇ
1403 684 1456 740 τῶν
1470 678 1621 758 διαφορούν-

284 736 364 798 ΧῊ·
396 743 523 796 ⁸²4⁴·
839 793 891 828 των
904 769 1021 828 κενώσει.
1063 767 1103 828 'l'b
1117 767 1144 828 δθ
1158 765 1289 844 μέτρον
1301 768 1371 828 testi
1386 767 1485 844 δλθγοι
1498 771 1511 826 ὅ
1526 790 1620 846 συνῦρ·

25 829 104 944 io&
118 867 223 928 ὑγιείης
232 871 274 926 τῆς
289 867 343 930 περὶ
354 863 418 927 σῶμ’
429 865 538 926 ἀμέλειαν
551 861 613 924 ῐχειν
623 860 682 924 χρή·
841 854 926 933 μάζειν
942 853 989 924 τὴν
1010 860 1056 912 τοῦ
1071 852 1194 930 σώματος
1209 854 1261 923 ίξιν
1283 864 1341 924 ταῖς
1357 856 1532 926 διανοητικαῖς
1546 857 1621 934 ἐνερ-

25 933 115 1022 ἅλλα·
128 941 254 1020 ποτοῦρε
271 937 409 1018 μέτρονμκπὶ
422 931 672 1020 σίτουγνμνθσῖνζνῑί
841 940 923 1018 γείαις
948 945 994 1011 τῆς
1014 942 1119 1020 ψυχῆς,
1145 941 1190 999 καὶ
1204 940 1247 1000 bl
1271 947 1347 1001 τοῦτο
1370 946 1417 1014 τῆς
1433 945 1471 1020 τῷ
1508 941 1621 1020 ιλοσθφῳ

24 1002 671 1070 lucescent·melitaeofflfflpns'dvtnou.
839 1025 990 1108 πρεπούσης
1035 1026 1165 1103 „uste
1203 1029 1415 1105 ἐπιμὰώμνοςι
1457 964 1542 1094 Οἷτος
1576 1017 1620 1086 ὥν

23 1095 55 1200 θθ
73 1125 191 1200 θνητὸν
209 1130 303 1203 σῶμα,
320 1125 383 1205 πρὸς
394 1125 442 1197 τὴν
457 1125 500 1184 ἐπὶ
514 1129 562 1203 γῆς
574 1119 705 1202 διαγωγὴν
719 1125 796 1199 ὄργα·
839 1113 1010 1192 γυμνάσια
1030 1113 1075 1173 καλ
1092 1113 1187 1192 τροφάς
1206 1114 1388 1188 ίκλέίεεαι,θ
1413 1113 1444 1172 δν
1467 1115 1504 1193 μὴ
1528 1113 1621 1192 πιαίνῃ

22 1217 114 1296 Ιἡμῖν
140 1213 238 1283 δοθέν,
259 1211 319 1273 οὗτε
333 1212 444 1273 πιαίνειν
457 1211 585 1293 προσήκει
601 1217 660 1272 ταῖς
675 1208 796 1287 ἀμέτροις
839 1200 904 1281 πρὸς
927 1201 1075 1280 ὑπερθολὴν
1098 1200 1128 1259 τὸ
1148 1203 1258 1275 σῶμα,
1274 1200 1336 1276 μηδ’
1357 1199 1542 1280 ὑπέρτερον
1559 1199 1623 1259 ariri

21 1297 193 1400 ιμ-σσιείτιιις,
222 1299 281 1361 οὗτε
309 1301 483 1382 κατατρύχων
507 1296 605 1363 ἐνδείας
627 1292 793 1374 ίιπερθολαῑς.
840 1292 892 1346 τῶν
907 1293 1000 1366 νοεριῗιν
1014 1288 1140 1359 κινήσεων
1154 1289 1345 1368 ἀπεργάζηται.
1386 1289 1427 1348 ot
1444 1285 1496 1366 γάρ
1511 1286 1623 1364 σώμα-

20 1388 147 1454 indotos·
169 1389 225 1470 γάρ
237 1389 332 1460 έπίσης
352 1387 491 1469 ἑκάτερον,
512 1385 558 1444 καί
572 1383 733 1464 ἀναιρετικὸν
749 1388 796 1454 τῆς
840 1397 896 1443 τος
908 1376 998 1443 ἅπλῶς
1009 1379 1062 1435 έπι
1072 1377 1190 1452 μελεῖτ
1201 1400 1247 1450 αι,
1263 1376 1331 1434 ἀλλὰ
1345 1374 1507 1452 σώματος
1522 1375 1623 1454 διανοίᾳ

19 1457 81 1541 ειέις
111 1477 205 1535 αὐτοῦ
227 1473 397 1556 προσγέγονε.
441 1475 489 1535 Διὸ
513 1471 624 1554 μετρίως
644 1470 795 1550 θεραπεύειν
841 1465 1060 1541 ὑπηρετουμένων.
1102 1463 1184 1524 Ὅθεν
1196 1465 1243 1537 τὴν
1259 1462 1400 1536 ἀθλητικὴν
1416 1461 1520 1541 ἀγωγὴν
1533 1483 1625 1541 παραι-

19 1563 72 1636 σό,
96 1561 156 1621 καὶ
173 1562 213 1638 μὴ
229 1571 353 1642 περιορᾶν
373 1559 520 1639 ὶξνδρίζον,
541 1559 558 1632 ἢ
579 1558 631 1618 ὑπὸ
641 1559 796 1633 νοσημάτων
840 1549 968 1629 viluisti,
984 1554 1019 1617 a<
1047 1548 1108 1610 ἅνω
1125 1555 1322 1631 ψῑνζῆςσῶμα
1347 1547 1557 1630 θεραπῑῦθνσαν·
1578 1549 1624 1607 κῦὶ

18 1649 220 1728 σγλοιίμενον,
236 1651 251 1706 δ
264 1647 339 1727 λόγος
359 1651 493 1727 παραινεῖ·
505 1646 576 1712 ὅπως
590 1643 621 1704 δν
635 1648 660 1704 ἕν
676 1648 713 1723 τῷ
727 1642 796 1703 κατὰ
841 1647 931 1698 πᾶσαν
945 1640 992 1710 τὴν
1004 1639 1147 1720 λεγομένην
1159 1641 1316 1716 σωμασκίαν
1331 1637 1467 1720 φεύξεται,
1484 1640 1518 1704 ὡς
1532 1639 1624 1696 teati-

17 1739 63 1794 σιν
90 1737 254 1813 σωζόμενον
276 1729 494 1816 άπαραποδίστως
515 1739 548 1813 τῇ
570 1732 701 1810 ἡγουμένῃ
723 1735 795 1812 ψυχῇ
842 1727 976 1800 οταμένην
999 1730 1036 1806 τῷ
1061 1730 1143 1805 νοερῷ
1158 1727 1224 1805 φωτί
1238 1730 1285 1794 τῆς
1304 1728 1402 1806 ψυχῆς.
1445 1723 1519 1794 'Oen
1541 1724 1623 1801 δθπῇ

16 1849 33 1890 ις
48 1825 205 1900 ἐνεργείας
218 1825 296 1883 αὐτοῦ
309 1825 476 1904 παρέχηται,
486 1821 570 1901 ταύτῃ
581 1821 721 1898 δυνάμενον
732 1819 793 1895 άγε-
841 1812 901 1891 περὶ
915 1814 947 1870 τά
963 1813 1106 1889 μαθήματα
1120 1813 1214 1893 θεωρία
1223 1813 1268 1872 καί
1283 1817 1315 1891 τῇ
1330 1811 1390 1890 περί
1405 1811 1451 1877 τάς
1462 1810 1545 1876 καλάς
1554 1813 1626 1890 πρά-

15 1923 70 1979 νει,
90 1901 114 1987 ᾗ
138 1909 172 1966 ἂν
198 1910 284 1980 ἐκείνη
304 1911 365 1994 ἄγη.
408 1910 447 1972 Τὸ
458 1908 508 1988 γάρ
522 1904 794 1988 χρώμενονὴψυχή,
842 1901 892 1969 ἕεις
909 1899 1049 1981 αὐτουργία
1068 1901 1253 1979 ὑπηρετεῖσθαι
1269 1899 1376 1958 δύναται
1398 1902 1493 1978 τῇτοῦ
1514 1895 1626 1974 σώμα-

15 1997 70 2054 itt
103 1988 488 2077 ᾧχρῆτει,εδσῶμα,οθ
511 1997 569 2067 τὴν
593 1994 794 2071 ἐπιμέλειαν
843 2012 894 2055 τος
910 1986 1122 2067 εὖεξίιρ,ταύτην
1136 1989 1303 2067 περιποιήσει
1323 1983 1544 2065 έοιυτῷθτθντοῦ
1558 2005 1625 2062 ppo·
1708 2058 1712 2065 .

14 2108 88 2162 ιιειν
111 2087 170 2143 δεῖ
184 2083 228 2142 τὸν
243 2084 376 2160 τεγνίεην.
417 2087 457 2145 Οὐ
471 2085 522 2164 γάρ
533 2088 648 2164 χρῆσθαι
663 2084 702 2141 δεῖ
717 2078 794 2158 μόνον
844 2083 896 2134 νεῖν
926 2076 982 2155 βίον
1003 2075 1133 2152 ἑλόμενος.
1176 2075 1248 2154 Πρὸς
1272 2079 1362 2133 τοῦτον
1379 2073 1430 2153 γὰρ
1453 2071 1555 2150 είρητειι
1574 2069 1623 2141 τὸ,

13 2153 795 2249 ιελεινσύτῷ,οἰλλάκσὶὸπωςεθέχονὴμῖνθπηρεεῆ-
844 2163 966 2243 μέτρον
987 2161 1233 2238 δὲλέγωτόδ’θ
1258 2164 1302 2240 μή
1324 2165 1349 2221 ε’
1372 2160 1520 2232 ἀνιήσει.
1562 2159 1623 2230 Σί,

12 2283 54 2329 ιι,
76 2257 138 2330 τὴν
154 2256 330 2337 ένδεχομίνην
344 2259 474 2318 ποιεῖσθαι
494 2257 627 2334 πρόνοιαν.
667 2252 745 2312 Ἐπεὶ
766 2254 792 2312 δέ
845 2251 923 2332 φησί,
936 2251 981 2309 τδν
999 2251 1061 2310 ὄντα
1080 2249 1186 2329 λογικὴν
1201 2249 1302 2330 ψυχήν,
1316 2252 1353 2326 μὴ
1368 2245 1550 2327 βλαπτέεωτδ
1569 2244 1625 2322 μέ-

23 2347 109 2425 priate
128 2348 212 2406 αὐτοῦ
223 2349 249 2406 ἐν
263 2346 362 2424 γενέσει
375 2345 420 2404 καί
432 2350 514 2425 φθορᾷ
523 2352 627 2421 συνεχεῖ
638 2341 792 2411 καθέστηκε,
843 2361 920 2416 ερον
932 2341 980 2408 τῆς
994 2341 1210 2412 τοῦσώματος
1225 2337 1438 2412 ἐπιμελείας·
1451 2333 1499 2407 σέ,
1512 2333 1556 2392 τὸν
1571 2334 1625 2390 τῶν

11 2436 37 2492 εὶ
52 2433 209 2513 πλήρωσις
231 2431 275 2493 κοιλ
301 2433 410 2498 κένωσις
424 2434 488 2492 αθτθ
508 2437 653 2503 ειθηνοῦσι,
677 2435 722 2489 νῦν
744 2429 791 2505 μὲν
843 2426 978 2514 προτέρων
1001 2424 1232 2502 παραγγελμάτων
1246 2424 1369 2504 φύλακα,
1386 2429 1493 2482 τοιαῦτα
1514 2419 1622 2496 σιτία,

10 2549 1622 2576 ——.-.--.-.----—·---——-——-—-·-—----—

9 2632 208 2687 ionestissime
221 2640 323 2686 actam.
338 2631 433 2703 Atque
444 2629 504 2683 haec
518 2627 635 2702 quidem
648 2627 794 2682 hacteuus.
843 2637 876 2674 uc
900 2617 1109 2673 discutientium
1131 2618 1237 2673 auxilio
1262 2615 1368 2672 ell'ectae
1393 2613 1557 2669 statuendus
1573 2623 1625 2672 est.

8 2721 101 2792 Quum
132 2737 206 2774 vero
236 2719 365 2793 corporis
401 2734 518 2791 quoque
550 2733 619 2782 cura
645 2714 682 2770 ad
709 2711 795 2768 animi
846 2706 899 2760 llic
913 2723 982 2760 vero
1005 2705 1108 2758 rnodus
1124 2715 1164 2758 est
1178 2706 1251 2759 ratio
1266 2706 1315 2759 illa
1327 2721 1389 2776 (quae
1404 2701 1532 2774 corporis
1546 2699 1629 2756 habi-

7 2809 219 2882 perfectionqn
243 2805 473 2874 referatugvjde
497 2805 631 2879 deincep,
653 2801 724 2876 quid
746 2800 799 2856 ad.-
845 2794 904 2840 tum
929 2784 1016 2840 animi
1040 2783 1187 2856 agitationi
1212 2785 1243 2836 in
1268 2780 1507 2880 commentatione
1530 2781 1629 2854 positae

6 2899 121 2972 pungat,
220 2951 224 2960 Ι
845 2869 1051 2940 accommodat,
1059 2869 1181 2941 ideoque
1196 2868 1353 2928 valetudini
1364 2886 1423 2940 ejus
1436 2877 1551 2924 eatenus
1564 2885 1630 2942 pro·

843 2958 941 3028 spicit,
956 2966 1095 3029 quatenus
1106 2956 1279 3032 philosopho
1291 2957 1452 3014 conveniat.
1468 2955 1533 3012 llaec
1543 2957 1630 3030 igitur

303 3025 379 3081 XVI·
405 3024 508 3088 3²³4·
845 3045 918 3099 ratio
941 3045 1073 3100 exercitia
1090 3045 1136 3099 illa
1160 3053 1189 3099 et
1210 3045 1342 3101 alimenta
1366 3045 1469 3117 eliget,
1486 3061 1549 3115 quae
1570 3033 1642 3099 uon¹

67 3157 163 3214 nequa
176 3164 233 3200 eura
245 3149 389 3200 rdetudtots
397 3152 435 3200 est
447 3147 602 3210 ιιεςίὶιιειιθες
845 3133 997 3188 immodice
1010 3133 1138 3208 saginent
1151 3149 1257 3205 corpus
1277 3148 1369 3204 neque
1383 3130 1414 3185 id
1427 3131 1528 3185 mentis
1541 3130 1630 3184 moti-

68 3222 120 3274 wd
131 3221 219 3271 ΜΠ*
228 3223 251 3272 ίθ
264 3225 321 3284 90¹⁰
329 3259 336 3280 ι
345 3222 399 3270 θίθθ
409 3225 433 3270 θῑ
443 3221 562 3269 exercitiis
845 3221 898 3275 bus
911 3221 1037 3294 superius
1049 3217 1186 3279 efficiant.
1202 3219 1269 3278 Non
1288 3221 1367 3275 enim
1378 3218 1507 3293 corporis
1519 3217 1630 3289 simpli-

73 3289 236 3344 serrandus:
253 3291 352 3340 modum
365 3294 446 3340 etitem
458 3291 512 3340 dico
525 3291 605 3347 Ιιιιιισ,
621 3287 661 3348 quil
678 3285 721 3335 tibi
734 3286 801 3368 ‹tolo-
845 3311 917 3363 cim,
927 3327 1023 3364 cmm
1035 3310 1107 3381 geg,
1117 3349 1125 3380 ,
1136 3308 1185 3364 ,ed
1196 3309 1326 3382 commis
1338 3308 1424 3362 ,nemi
1436 3305 1628 3361 minfsmmss·

578 3359 639 3422 [rem
657 3361 800 3418 ¹¹⁰n¹m¹¹⁶¹¹
846 3395 1039 3466 Quamobrem
1064 3395 1228 3450 athleticum
1251 3396 1358 3448 victum
1386 3389 1573 3460 aversabitur,
1598 3404 1632 3449 ut

47 3481 180 3538 Mortale
192 3499 309 3557 corpus,
319 3479 398 3554 quod
410 3479 491 3534 nobis
507 3480 682 3534 instrumenti
692 3479 756 3533 loco
766 3478 802 3533 ad
847 3485 895 3556 qui
916 3473 1019 3554 corpus
1031 3493 1111 3537 curet
1130 3483 1259 3556 neglecto
1274 3481 1381 3548 animo,
1398 3498 1430 3534 ae
1450 3490 1538 3534 totam
1553 3479 1630 3536 illam

9 3571 104 3626 eitam
120 3571 149 3622 iu
164 3569 244 3622 terris
255 3568 392 3642 agendam
406 3567 503 3622 datum
516 3577 571 3631 est,
584 3583 635 3620 nec
650 3564 801 3620 immodica
848 3571 1022 3624 curationem
1040 3587 1102 3640 quaa
1118 3567 1260 3640 σωμασκία
1275 3569 1380 3624 dicitur
1394 3567 1510 3635 vitabit,
1524 3567 1632 3641 quippe

13 3658 169 3713 curatione
181 3657 324 3730 saginare,
340 3672 391 3710 nec
407 3656 493 3710 nimia
515 3655 573 3709 cibi
587 3655 686 3728 inopia
705 3672 802 3708 mace—
847 3674 909 3729 quae
921 3657 1022 3711 mentis
1033 3656 1133 3710 lumiui
1143 3656 1269 3711 obsistat.
1281 3656 1452 3728 Quicunque
1461 3673 1529 3710 vero
1542 3657 1632 3711 victus

11 3766 79 3802 rare
99 3755 226 3818 oportet.
240 3741 336 3799 Officit
349 3744 425 3798 enim
439 3760 473 3797 ex
497 3761 579 3815 aequo
603 3753 755 3814 utrumque
775 3751 804 3796 et
826 3770 828 3776 ι
847 3744 956 3798 bonum
971 3744 1101 3818 corporis
1114 3742 1245 3798 habitum
1257 3742 1407 3799 efficiendo
1419 3744 1522 3798 artium
1533 3743 1633 3798 studiis

12 3853 100 3889 usum
116 3831 177 3904 ejus
188 3829 298 3888 adimit.
316 3831 435 3886 Carmen
445 3831 531 3904 igitur
544 3829 683 3898 hortatur,
697 3840 730 3884 ut
741 3848 803 3884 mo·
847 3843 875 3886 et
890 3833 1068 3886 honestarum
1084 3831 1229 3886 actionum
1241 3831 1437 3886 exercitationi
1452 3831 1632 3903 servircpos·

14 3921 119 3976 derate
142 3936 247 3992 corpus
270 3935 414 3986 curemus,
435 3933 529 3988 neque
542 3916 573 3972 id
589 3927 637 3972 aut
659 3917 804 3971 luxurians
847 3919 901 3988 sit,
916 3937 981 3973 eum
996 3919 1042 3974 ille
1056 3918 1216 3986 adhibebit,
1230 3920 1279 3991 qui
1290 3919 1447 3991 prudenter
1457 3919 1545 3972 vitam
1553 3935 1632 3974 suam

14 4019 64 4062 aut
80 4005 195 4062 morbis
210 4005 340 4060 laborans
354 4006 540 4079 negligamus,
555 4015 587 4059 ut
607 4015 713 4060 natura
731 4023 804 4059 cou-
848 4008 996 4062 instituere
1011 4007 1081 4064 vult.
1100 4007 1143 4060 llli
1156 4007 1232 4061 euim
1244 4007 1300 4061 hoc
1315 4005 1424 4060 dictum
1441 4016 1505 4062 est:
1521 4007 1632 4060 modum

14 4096 171 4150 venientes
181 4105 377 4148 conservatum
388 4109 591 4167 operamsuam
601 4102 806 4164 promtenavet
848 4107 940 4150 atatem
955 4096 1019 4149 dico
1033 4094 1168 4167 huncqui
1183 4095 1233 4149 tibi
1244 4095 1366 4150 dolerem
1378 4112 1434 4149 nen
1449 4099 1556 4167 pariet.
1574 4094 1631 4161 Te,

16 4184 118 4236 animo
133 4181 324 4254 principatum
337 4180 441 4236 tenenti
451 4189 535 4250 atque
548 4180 614 4233 illuc
626 4180 705 4251 sequi
720 4189 807 4252 queat
849 4181 957 4254 inquit,
970 4179 1020 4252 qui
1032 4180 1142 4234 animus
1149 4180 1295 4235 rationalis
1305 4197 1344 4249 es,
1356 4197 1392 4234 ne
1407 4179 1512 4234 damno
1529 4178 1634 4235 afficiat

17 4288 80 4342 quo
99 4269 147 4322 ille
162 4266 284 4322 eluxerit.
301 4267 377 4322 lllud
399 4267 473 4322 euim
490 4265 569 4338 quod
588 4267 678 4321 utitur
698 4268 807 4321 animus
850 4269 968 4322 curandi
978 4272 1101 4340 coqroris
1114 4269 1227 4332 ηιοᾱιιες
1244 4277 1284 4336 te,
1297 4268 1346 4340 qui
1360 4268 1459 4341 priora
1471 4267 1633 4323 observabis

17 4367 77 4423 est,
104 4371 210 4426 corpus
233 4363 327 4406 autem
349 4351 378 4406 id
407 4371 464 4424 quo
489 4354 588 4420 utitur,
608 4352 688 4422 cujus
708 4371 805 4406 cutam
850 4365 1005 4429 praecepta,
1020 4354 1099 4409 cibos
1111 4350 1251 4425 ejusmodi
1264 4365 1293 4409 et
1304 4367 1389 4427 potus
1403 4365 1489 4427 atque
1501 4356 1633 4411 exercitia

18 4442 129 4494 habere
154 4438 239 4492 debet
254 4439 363 4496 artilex.
380 4439 478 4511 Neque
499 4441 574 4494 enim
589 4458 624 4494 eo
642 4450 748 4493 tantum
765 4439 806 4493 uti
851 4443 975 4516 deligere
995 4442 1141 4510 convenit,
1157 4460 1218 4515 quae
1234 4460 1338 4516 corpus
1351 4443 1388 4497 ad
1403 4444 1540 4496 virtutum
1552 4461 1633 4497 exer·

18 4527 96 4580 velle
111 4520 264 4594 debemus,
277 4524 326 4579 scd
337 4527 440 4594 etiam,
452 4526 548 4597 quoad
559 4543 724 4600 possumus,
737 4543 807 4598 pro·
852 4531 1014 4586 citationem
1031 4541 1177 4604 promtum
1191 4529 1311 4586 reddant
1325 4547 1444 4603 quaeque
1457 4530 1486 4584 id
1501 4529 1580 4601 quod
1591 4539 1634 4583 est

20 4613 176 4677 viderc,ut
186 4620 297 4666 rectcse
306 4611 412 4666 habens
421 4613 502 4668 nobis
511 4613 653 4669 inserviat.
668 4612 808 4682 Quoniam
852 4617 969 4672 rationis
989 4632 1088 4690 expers
1106 4617 1142 4674 ad
1157 4616 1337 4672 excutiendas
1349 4615 1524 4670 moderantis
1545 4614 1632 4668 animi

20 4717 95 4754 rero
111 4707 215 4752 natura
236 4696 294 4770 ejus
308 4698 337 4751 in
355 4710 493 4772 perpetua
507 4700 687 4774 generatione
701 4711 730 4755 et
743 4719 809 4754 cor·
852 4703 975 4760 habenas
1008 4723 1069 4760 uon
1102 4706 1234 4762 excitent.
1263 4702 1379 4759 Summa
1412 4710 1504 4758 autem
1540 4703 1632 4756 inten-

22 4785 163 4861 roptione
173 4785 308 4858 consistit,
321 4785 470 4860 ipsumque
482 4788 606 4861 expletio
617 4798 645 4843 et
656 4788 808 4842 exinanitio
854 4793 930 4847 tione
944 4810 976 4848 ac
991 4792 1138 4868 diligentia
1152 4792 1270 4848 curandi
1282 4775 1542 4865 corporis'modum
1552 4788 1632 4844 adhi-

22 4874 216 4942 nutricantur,
232 4873 365 4928 alimento
380 4893 455 4930 nunc
470 4874 500 4930 id
513 4876 662 4950 supplente
675 4873 755 4948 quod
767 4875 809 4928 el·
852 4879 962 4936 berete
977 4891 1107 4954 oportet,
1123 4882 1189 4954 quia
1202 4891 1231 4935 et
1241 4878 1494 4952 incompositorum
1504 4874 1565 4946 ejus
1574 4895 1633 4930 mo·

25 4959 127 5031 fluxit,
141 4979 218 5016 nunc
232 4979 301 5016 vero
315 4963 515 5018 exercitatione
536 4963 566 5018 id
580 4963 660 5037 quod
683 4963 809 5018 abundat
854 4978 934 5022 tuum
958 4969 1070 5044 culpam
1096 4969 1258 5042 sustinebis.
1279 4967 1451 5041 Ingravescit
1473 4966 1548 5020 enim
1571 4965 1632 5020 vitil

26 5050 223 5122 subducente,
247 5051 347 5108 modus
369 5053 524 5125 expletioni
546 5071 610 5128 quae
622 5051 655 5108 fit
668 5053 733 5109 cibo
757 5071 810 5128 po·
853 5056 996 5130 particeps
1016 5075 1117 5130 equus,
1140 5074 1198 5110 uon
1222 5039 1399 5128 simpliciter,
1415 5052 1463 5107 sed
1486 5070 1575 5125 quum
1594 5051 1632 5107 ab

28 5149 119 5212 tuque
136 5139 243 5214 ingesto
266 5149 293 5194 et
311 5141 492 5196 exinanitioni
512 5159 607 5198 rerum
624 5139 810 5215 digerentium
854 5144 959 5218 aurigis
977 5161 1037 5200 nou
1058 5153 1136 5200 recte
1159 5143 1293 5200 educatus
1318 5151 1369 5198 est.
1386 5144 1419 5196 ln
1434 5142 1515 5196 niodo
1535 5148 1633 5196 autem
