3726 5910
577 279 616 340 ΙΝ
643 279 806 340 AUREUM
829 279 1000 340 CAllhlEll.
1524 292 1583 346 48⁸

13 417 109 490 ιατικῆς
125 411 172 472 καί
193 413 344 482 τελεοτικῆς
369 407 461 488 τέχνης
481 407 511 468 τὸ
526 407 648 486 μέγιστον
668 409 757 486 ἔργον,
805 407 857 487 ρύν.
874 399 961 470 Τίούν
975 411 988 466 θ
1000 408 1083 468 ἐκεῖσε
1097 407 1177 468 ἐλθών
1189 409 1275 482 ἔσται,
1286 409 1395 481 ήτοῦτο,
1409 409 1586 492 detestabo-

13 509 107 564 ιειῶοαε
125 503 174 578 μὲν
198 499 246 560 καί
269 499 408 578 ἀναγαγεῖν
432 498 495 574 πρὸς
516 497 550 556 τά
572 495 651 564 ὄντως
674 496 758 569 καλά,
803 520 878 556 αεαι
892 497 1060 562 ἀθάνατος
1076 497 1142 566 θεός,
1157 498 1325 574 ὡμοιωμένος
1342 507 1392 564 τοῖς
1407 501 1432 558 ἀν
1451 502 1521 578 ἀρχῇ
1533 505 1585 560 τῦιν

13 590 214 651 alienabimus
237 588 298 667 τῇδε
312 585 414 658 πόνων,
431 589 465 652 ab<
486 585 515 642 ίκ
532 607 599 648 τινος
619 583 758 659 καταγιίου
806 589 876 646 έπιῖιν
890 588 1019 662 λεχθεῖσιν
1032 585 1170 651 ἀθανάτοις
1190 591 1268 657 θεοῖς,
1284 590 1313 646 ού
1329 585 1405 665 φύσει
1418 589 1585 656 ἀθάνατος

13 681 107 750 τηλαίου
122 683 171 748 τῆς
190 675 283 738 ἀνύλου
305 678 388 746 ζωῆς,
411 675 456 732 καὶ
476 672 615 748 ἀναγαγεῖν
632 672 700 750 ’πρὸς
716 672 760 738 τὰς
804 673 881 739 θεός.
925 677 986 738 Πῶς
1005 673 1055 750 γάρ
1072 672 1102 732 ab
1123 675 1176 734 ἀπὸ
1196 674 1290 753 χρόνου
1303 677 1374 742 τινος
1389 677 1525 756 προκύψαν
1539 677 1584 736 καί

13 766 101 840 θερίους
123 763 221 840 αὐγάς,
237 761 282 820 καλ
296 767 354 826 ταῖς
369 759 495 838 μακάρων
517 759 648 836 ίνιδρῦσαε
660 758 760 831 νήσοις,
805 762 959 827 euitatus&
982 763 1018 826 εἰς
1033 759 1127 836 ἀρετήν
1150 760 1196 819 καί
1217 761 1362 821 ἀποθέωσιν
1378 771 1432 830 τοῖς
1451 763 1478 831 ἐξ
1499 763 1584 822 ἀϊδίου

13 849 35 916 ῦς
49 850 88 908 διὰ
102 853 153 908 τῶν
166 848 366 928 προειρημένων
378 845 545 914 ὁδεύσαντος.
588 845 697 910 Τούτοις
710 845 761 924 γάρ
804 848 927 914 τοιούτοις
942 850 979 915 είς
999 847 1094 906 ταντθν
1118 852 1149 906 ἄν
1174 871 1238 906 ποτε
1262 849 1428 923 καταοταίης
1454 853 1536 922 Δηλοῖ
1559 851 1587 910 δὲ

13 939 25 994 ί
38 938 64 994 τὸ
83 941 129 1008 τῆς
149 935 323 998 ἀποθεώσεως
346 935 485 994 ἀπόκειται
507 933 594 1015 γέρας·
618 930 708 1002 ίπιιδὴ
727 935 762 1000 τίς
805 941 881 996 τοῦτο
897 940 913 1005 ἡ
928 935 1072 1014 προσθήκη·
1088 939 1126 1014 τῷ
1138 935 1187 1024 γάρ
1206 935 1321 996 ἔσσεαι
1339 938 1501 1008 ἀθάνατος
1513 939 1586 1005 θεὸς

13 1027 46 1082 εῖν
60 1024 131 1101 γένος
145 1025 175 1082 ού
198 1023 274 1098 θέμις
290 1023 454 1101 ἀφικνεῖσθαι
467 1022 556 1102 ἀλλῳ,
573 1019 591 1091 it
609 1025 648 1100 τῷ
660 1042 763 1092 araca-
806 1023 953 1101 ίπήγαγεν,
975 1022 1155 1102 ἀμόροτος,
1176 1025 1235 1083 οὐκ
1251 1023 1301 1082 ἔτι
1315 1026 1441 1096 θνητός·
1459 1025 1502 1084 ἵνα
1516 1027 1586 1086 κατὰ

13 1112 50 1191 ίνῳ
61 1111 186 1182 ἀλήθειαν
202 1110 253 1188 μὲν
267 1110 313 1168 καλ
328 1109 423 1188 ἀρετήν
447 1112 472 1168 lv
490 1111 580 1188 ψυχῇ,
594 1108 762 1186 καθαρότητα
807 1111 942 1190 ἀφαίρεσιν
951 1117 995 1170 τοῦ
1009 1114 1102 1190 βροτοῦ
1117 1111 1162 1169 καί
1175 1116 1219 1170 τοῦ
1241 1117 1333 1183 θνητοῦ
1349 1119 1364 1185 ἡ
1381 1109 1496 1174 θιοποιία
1512 1119 1586 1190 ἡμῶν

34 1203 57 1258 έν
80 1203 117 1278 τῷ
142 1201 317 1277 πνεοματικῷ
337 1199 418 1269 αὐτῆς
435 1195 563 1276 ὀχήματι.
617 1195 698 1258 Olea
711 1195 762 1276 γάρ
805 1201 914 1270 νοῆται,
927 1196 971 1254 dre
990 1196 1027 1272 μὴ
1048 1196 1124 1277 φύσει
1138 1199 1205 1274 μηδὲ
1220 1200 1277 1256 κατ’
1293 1197 1382 1256 ούσίαν
1395 1201 1458 1274 ἡμῖν
1476 1200 1586 1278 ίνυπάρ·

13 1288 51 1358 ιής
63 1311 89 1344 τε
103 1286 148 1345 καί
164 1285 309 1363 ὁλόκληρος
323 1285 458 1362 γενόμενος
474 1287 509 1350 τίς
532 1285 562 1342 τθ
582 1289 627 1356 τῆς
650 1286 762 1364 ἀρχαίας
807 1287 1032 1364 χασσα,ιίλλ’ἐιιπ
1064 1290 1146 1355 κοπῆς
1156 1289 1202 1346 καί
1212 1281 1392 1372 κατ’ίπίδοριν
1405 1287 1587 1364 ἐπιγενομένη.

13 1397 54 1440 τως
74 1366 138 1440 εἶδος
162 1372 397 1448 ἀποκαθίσταται,
422 1373 465 1433 ht
478 1377 524 1442 τῆς
544 1372 607 1450 πρὸς
625 1373 669 1430 τὸν
689 1373 761 1451 ὀρθόν
808 1371 854 1440 Ὡς
867 1371 931 1432 ἄλλο
945 1371 1017 1449 γένος
1032 1308 1098 1431 rebitur
1110 1379 1186 1432 τοῦτο
1201 1377 1296 1446 θεῶν,
1311 1375 1482 1434 ιίθανάτων
1496 1375 1589 1455 μέντῇ

13 1461 54 1536 ίγον
68 1461 182 1524 inuicem<
195 1460 342 1520 ἀπολαύών
358 1461 462 1534 ἑαυτόν,
478 1459 523 1518 καί
534 1462 622 1518 πάντα
633 1461 679 1520 τὸν
694 1467 761 1520 θεῖον
808 1460 908 1538 άνόθῳ,
922 1465 1051 1532 θνητῶν
1064 1461 1091 1518 δὲ
1102 1465 1135 1538 τῇ
1148 1459 1251 1539 καθόδῳ
1260 1463 1430 1538 γιγνομένων,
1442 1461 1468 1520 σί
1481 1462 1526 1520 καλ
1535 1467 1588 1520 τῶν

13 1549 76 1626 ίσμω
99 1549 299 1626 ἀναγνωρίσας,
325 1549 369 1608 καί
386 1548 430 1606 τὸν
445 1548 603 1626 δημιουργὸν
628 1549 701 1610 τουδὶ
719 1557 763 1610 τοῦ
808 1551 912 1624 οίγαοῶν
952 1547 1044 1628 ήρώων
1074 1547 1100 1614 ἐξ
1129 1547 1244 1625 ἀνάγκης
1273 1548 1486 1626 ὓποῦεῦήιιασιν,
1516 1549 1589 1630 εἴπερ

13 1639 90 1709 εντός,
105 1637 175 1696 κατὰ
190 1638 223 1696 τὸ
236 1638 345 1697 δονατθν
358 1635 634 1717 ἀνθροίπεγι,ἀξινρών.
675 1639 700 1698 Τ
702 1642 761 1696 οῦεο
808 1638 901 1696 ίκεῖνοι
915 1633 961 1712 μίν
974 1635 1014 1696 del
1024 1641 1110 1696 νοοῦσι
1117 1635 1161 1696 τὸν
1171 1637 1238 1712 θεόν,
1251 1627 1321 1695 οὗτοι
1334 1636 1361 1694 bi
1376 1638 1421 1696 καλ
1436 1641 1471 1705 είς
1484 1637 1590 1716 ἀγνοιαν

13 1749 15 1780 ι
31 1725 160 1801 γενόμενος
177 1727 215 1791 ένς
231 1715 284 1784 οἶόν
302 1747 331 1783 τι
352 1725 419 1801 μετὰ
440 1723 488 1794 τήν
502 1724 679 1806 κάθαρσιν,
693 1723 708 1782 θ
723 1721 764 1782 ἀεί
809 1726 887 1784 αὐτοῦ
902 1747 964 1782 ποτε
979 1723 1130 1784 πίπτουσιν.
1151 1725 1191 1784 Ob
1204 1723 1254 1802 γάρ
1273 1721 1347 1794 δήτὸ
1360 1725 1446 1804 τρίτον
1466 1725 1539 1804 γένος
1550 1749 1591 1784 τε·

13 1819 49 1868 ζειν
63 1815 84 1870 οῖ
99 1811 134 1887 μὴ
158 1814 195 1878 είς
215 1814 316 1890 γένεσιν
330 1811 438 1870 πίπτειν
455 1812 613 1892 πιρννιότις,
639 1823 697 1878 ταῖς
716 1811 763 1886 μίν
808 1811 913 1870 λιιωθίν
930 1810 946 1882 ἢ
961 1815 1005 1870 τοῦ
1019 1809 1211 1886 μέσουγένοιτο
1224 1809 1256 1870 av
1269 1813 1479 1890 κρεῖττον,ήτῷ
1492 1810 1590 1892 πρώτῳ

13 1899 102 1960 νώσισιν
117 1904 223 1960 ἑνοῦται
237 1905 276 1980 τῷ
290 1899 379 1970 παντί,
395 1899 441 1960 καί
455 1901 520 1980 πρὸς
542 1901 620 1962 αὐτὸν
634 1900 761 1977 ἀνάγεται
808 1899 874 1972 ἴσον,
898 1899 966 1959 ἀλλά
989 1899 1065 1971 μόνον
1084 1898 1170 1978 τρίτον
1193 1903 1329 1974 ὁμοιοῦται
1349 1903 1387 1980 τῷ
1407 1897 1506 1979 πρώτῳ
1520 1899 1588 1978 γένει

13 1995 31 2044 ἰν
44 1985 103 2045 θεόν·
119 1990 197 2062 σῶμα
213 1987 243 2046 δὲ
255 1986 369 2068 cuppola
383 1988 559 2067 έχων,το’ποο
571 1990 654 2049 δεῖται
668 1991 705 2054 τίς
718 2012 764 2048 κα·
810 1988 1020 2064 ὑποτεταγμένον
1042 1991 1080 2068 τῷ
1106 1987 1190 2067 μέσῳ.
1233 1986 1268 2048 ‘tl
1287 1987 1337 2065 γάρ
1360 1991 1429 2048 κατὰ
1450 1989 1540 2068 σχέσιν
1563 1991 1589 2046 ἐν

13 2073 84 2141 imin
98 2076 257 2154 άοτροειδῆ,
272 2065 325 2136 οἷον
345 2077 415 2134 θέσιν
429 2079 524 2148 ζητῶν.
578 2074 682 2155 Πρέποι
696 2075 763 2136 dio
811 2077 956 2157 ἀνθρύιποις
969 2077 1088 2156 ὁρωμένη
1103 2076 1166 2155 πρὸς
1180 2075 1238 2144 τούς
1252 2076 1384 2156 οὐρανίους
1397 2077 1518 2152 ὁμοιότης
1538 2076 1588 2148 ήδη

13 2161 139 2243 ῷτοιούτῳ
154 2163 262 2240 σώματι
284 2161 362 2229 τόπος
382 2167 396 2220 ὁ
416 2165 468 2224 ὑπὸ
485 2163 596 2237 σελήνην
610 2167 763 2246 προσεχεῖς,
810 2163 976 2243 προϋπάρχοι
988 2165 1146 2242 τελειότερον
1166 2163 1211 2222 καὶ
1226 2165 1433 2244 προσρυίστερον
1444 2168 1496 2230 τοῖς
1507 2167 1589 2242 ήρωϊ-

13 2269 25 2310 v
34 2249 158 2330 ὑπερέχων
170 2251 221 2326 μίν
235 2253 286 2308 τῶν
301 2253 421 2329 φθαρτῶν
434 2251 574 2327 σωμάτων,
589 2251 760 2324 ύπούεῦηκὼς
809 2259 863 2316 κοῖς
886 2251 931 2310 καί
958 2251 1047 2328 μέσοις
1071 2249 1165 2328 γένεσι.
1218 2251 1272 2312 Καί
1295 2250 1363 2310 οὕτω
1387 2250 1461 2320 κοινή
1480 2249 1525 2309 καί
1541 2251 1589 2325 μία

13 2329 74 2392 ίτῦν
87 2337 231 2414 ούρανίων,
249 2337 276 2394 θν
291 2338 409 2415 αίθέρα
425 2338 611 2417 έλεύθερον
625 2341 649 2398 οῖ
668 2341 760 2398 Πυθα-
808 2338 913 2397 πάντων
924 2343 975 2398 τῶν
993 2341 1103 2416 λογικῶν
1111 2340 1192 2417 γενιῖιν
1207 2337 1336 2410 τελειότης
1350 2342 1484 2418 θεωρεῖται
1497 2339 1589 2417 ήπρίις

13 2423 77 2501 ίρτωι
95 2430 228 2488 καλοῦσιν·
252 2427 373 2504 αἰθέρα
393 2427 457 2500 μίν,
470 2429 505 2494 ὡς
523 2427 603 2486 ἀῦλον
615 2427 660 2486 καί
679 2424 760 2486 ἀίδιον
809 2427 852 2484 τὸν
867 2427 1022 2506 δημιουργὸν
1037 2425 1093 2484 θεὸν
1106 2423 1237 2502 ὁμοιότης.
1288 2425 1362 2496 Αύτη
1377 2425 1404 2486 δὲ
1424 2425 1465 2484 tal
1482 2425 1529 2502 μίν
1544 2427 1589 2483 καί

13 2513 70 2586 ῦμα·
84 2515 264 2595 ἀλεύθερον
277 2513 319 2588 δέ,
334 2517 368 2579 ώς
384 2517 480 2573 elisan
496 2514 659 2590 παθημάτων
675 2521 760 2573 καθα·
809 2513 934 2580 ὡσαύτως
952 2513 1066 2592 ὑπάρχει
1080 2522 1133 2582 τοῖς
1156 2512 1289 2592 ούρανίοις·
1312 2514 1354 2571 td
1376 2513 1402 2571 δί
1423 2513 1518 2589 μόνον,
1541 2517 1591 2594 οὐχ

13 2657 252 2675 -ss-

13 2705 220 2766 τιοῖιιεττεινεο
234 2707 359 2784 quodam
378 2727 525 2785 corporeae
539 2708 607 2765 vitae
620 2727 708 2785 specu
725 2708 761 2764 li·
782 2699 787 2794 Ι
805 2709 979 2765 immortales
1007 2709 1049 2768 dii
1072 2709 1245 2778 dimisum,
1273 2728 1332 2765 non
1353 2720 1457 2766 natura
1480 2715 1591 2765 larimor-

13 2803 98 2850 tetatns
111 2794 145 2851 ad
159 2795 313 2852 aetheream
331 2797 423 2854 lucem
438 2795 540 2853 evehat
552 2809 637 2872 atque
652 2795 682 2852 in
695 2794 761 2852 bea·
806 2797 1041 2864 rattsdeus.0110
1056 2809 1140 2875 pacto
1159 2795 1236 2853 enirn
1249 2795 1327 2872 quod
1346 2808 1451 2852 acerto
1464 2808 1593 2872 tempore

13 2895 81 2936 orum
100 2882 203 2941 insulis
228 2883 358 2941 collocet.
385 2884 437 2941 llis
460 2884 537 2941 enim
560 2883 673 2961 praemii
698 2884 762 2940 loco
807 2884 930 2960 profecit
952 2897 1038 2961 atque
1052 2885 1083 2942 in
1098 2885 1205 2942 virtute
1219 2896 1313 2941 tantos
1325 2884 1394 2953 fecit
1407 2903 1591 2962 progressus,

13 2965 73 3022 :tiam
86 2971 184 3030 relatio
199 2975 276 3028 inter
289 2970 373 3028 divos
385 2973 535 3048 proposita
552 2983 612 3042 est,
629 2971 763 3047 quando·
807 2986 839 3030 ut
851 2973 1020 3031 relationem
1034 2973 1110 3031 inter
1121 2973 1206 3030 divos
1217 2985 1454 3050 consequeretur,
1469 2970 1589 3030 eandem

13 3053 101 3124 [uidem
123 3059 235 3116 nemini
255 3057 422 3115 iudeorum
444 3059 577 3115 ordinem
597 3059 699 3117 venire
720 3061 762 3116 sas
809 3079 935 3138 unquam
951 3061 1091 3118 sortiatur
1103 3059 1287 3134 dignitatern,
1302 3077 1366 3136 quae
1381 3059 1412 3116 in
1427 3060 1465 3116 iis
1479 3070 1521 3116 est
1538 3059 1589 3133 qui

13 3153 50 3208 est,
63 3143 112 3199 nisi
126 3146 171 3219 ei,
185 3147 239 3222 qui
252 3145 393 3204 inanimo
407 3147 557 3204 veritatem
570 3158 598 3204 et
611 3147 761 3217 virtutem,
808 3145 844 3203 ab
857 3147 935 3204 omni
951 3148 1107 3206 aeternitate
1121 3147 1191 3205 tales
1211 3147 1346 3204 luerunt?
1363 3145 1424 3204 lloc
1446 3159 1539 3204 autem
1562 3147 1592 3204 id

15 3243 28 3278 n
45 3228 157 3302 spiritali
172 3245 268 3290 autem
290 3231 354 3308 ejus
368 3232 502 3290 vehiculo
524 3233 677 3309 puritatem
694 3232 762 3290 ade·
810 3235 888 3310 quod
901 3234 1018 3292 additur
1032 3235 1171 3305 ostendit3
1186 3233 1286 3292 verbis
1302 3234 1378 3290 enim
1398 3234 1459 3292 illis
1473 3243 1527 3291 eris
1540 3243 1592 3292 tm·

13 3324 59 3370 rtus
71 3317 114 3374 sit.
136 3319 178 3378 lta
186 3323 267 3378 enim
280 3339 367 3378 sanus
381 3333 409 3378 et
427 3321 538 3396 integer
555 3321 645 3378 lactus
667 3321 697 3378 in
714 3340 764 3378 an·
808 3327 935 3378 rrrormlr‘s
948 3327 1016 3378 deus
1035 3321 1140 3398 adjecit
1155 3329 1342 3397 incorruptus,
1362 3341 1450 3395 neque
1470 3327 1592 3397 amplius

13 3397 65 3474 iqui
78 3403 185 3466 habitus
202 3408 324 3465 formam
339 3408 517 3479 restituitur3
533 3408 642 3485 quippe
663 3413 713 3485 qui
728 3410 763 3466 ad
809 3416 892 3464 morti
908 3411 1058 3482 obnoxius,
1074 3420 1155 3465 uteo
1177 3408 1256 3484 quod
1271 3407 1410 3469 caducum
1426 3420 1454 3464 et
1469 3409 1592 3466 mortale

13 3500 94 3546 actam
107 3511 135 3549 se
149 3497 292 3561 rationem
308 3494 455 3570 applicans
469 3513 531 3552 sese
545 3495 726 3570 recollegerit
738 3510 765 3552 et
808 3509 851 3554 est
869 3495 983 3554 sublato
1006 3494 1147 3553 divinitas
1169 3495 1256 3553 nobis
1280 3495 1387 3552 tributa
1401 3496 1591 3570 intelligatur,

13 3571 118 3634 livinum
133 3582 266 3640 universi
289 3582 421 3639 ordinem
441 3584 644 3656 recognoverit
657 3585 764 3660 ipsum·
787 3601 790 3670 γ
809 3585 918 3661 quippe
932 3603 995 3658 qua
1010 3601 1063 3640 nee
1075 3595 1176 3639 natura
1187 3601 1239 3640 nec
1250 3581 1410 3640 substantia
1420 3582 1593 3656 nobisinsit,

13 3679 55 3733 que
65 3664 143 3742 hujus
157 3670 288 3728 universi
299 3683 601 3747 parentem,quant11m
614 3671 701 3728 homo
713 3691 764 3748 po·
787 3671 859 3730 ised
882 3670 1012 3748 profectu
1032 3683 1061 3726 et
1082 3687 1237 3747 progressu
1259 3669 1346 3728 nobis
1372 3671 1537 3743 accesserit;
1560 3685 1594 3728 ut

13 3753 213 3821 tertiavenerit.
227 3757 297 3816 Post
305 3759 533 3832 perficationem
545 3757 657 3815 veroid
670 3757 765 3834 quoad
812 3757 893 3814 aliud
907 3757 962 3814 hoc
976 3757 1014 3814 sit
1029 3756 1151 3814 deorum
1166 3775 1275 3829 genus,
1293 3756 1500 3814 immortalium
1522 3761 1592 3834 qui·

13 3849 85 3906 potest
101 3844 203 3917 lactus,
221 3844 298 3922 quod
320 3845 342 3902 ii
364 3863 479 3921 semper
498 3859 565 3902 sunt
588 3865 711 3921 quorum
732 3865 765 3902 ea
810 3845 874 3902 dem
900 3863 1039 3913 ascensu,
1064 3843 1231 3900 mortalium
1262 3863 1332 3901 vcro
1362 3843 1518 3915 descensu,
1540 3848 1592 3922 qui

13 3935 42 3978 est
61 3943 153 3989 natura
174 3947 208 3991 ut
230 3933 261 3990 in
284 3932 362 3990 hunc
384 3932 522 3990 mundum
547 3933 679 3990 decidere
708 3953 764 3990 non
809 3933 895 3992 etiarn
917 3931 1055 3990 heroibus
1072 3931 1236 3988 illustribus
1255 3930 1421 3989 necessario
1440 3931 1594 3993 inferiores

13 4015 114 4089 possint,
128 4021 318 4096 intelligentib
331 4037 395 4077 cum
413 4021 549 4078 universo
565 4021 764 4097 conjungitur,
810 4035 895 4094 sunt,
912 4019 1054 4099 siquidem
1068 4019 1111 4076 illi
1127 4019 1217 4076 Deum
1232 4037 1345 4094 semper
1360 4018 1545 4094 intelligunt,
1564 4023 1593 4078 hi

13 4110 32 4149 tt
43 4101 73 4155 ad
90 4103 174 4163 Deum
201 4111 297 4186 ipsum
320 4106 453 4164 evehitur
470 4128 476 4162 :
493 4101 654 4166 adhaerente
672 4124 764 4167 autem
810 4122 904 4166 autem
919 4110 951 4166 iu
965 4107 1028 4183 ejus
1039 4107 1253 4180 ignorationem
1273 4105 1431 4182 aliquando
1451 4107 1592 4170 incidunt.

13 4201 114 4262 turpem
126 4195 188 4252 loco
201 4209 265 4270 eget
277 4195 311 4253 ad
333 4194 537 4266 habitandum,
555 4198 638 4254 talem
654 4196 766 4255 deside·
811 4193 997 4271 Nequaquam
1012 4193 1088 4249 enim
1113 4193 1229 4250 tertium
1247 4211 1337 4266 genus
1351 4193 1387 4250 ad
1407 4194 1594 4271 perfectionis

13 4283 80 4346 rans,
94 4279 122 4336 in
136 4303 192 4358 quo
207 4285 294 4340 stellae
309 4285 400 4341 instar
414 4284 580 4354 collocetur.
608 4285 767 4344 Conveniat
789 4287 792 4342 l
812 4284 956 4358 fastigium
983 4295 1116 4340 evectum
1139 4293 1188 4339 aut
1213 4281 1310 4338 medio
1335 4283 1521 4359 praestantius
1547 4299 1596 4342 aut

13 4373 69 4416 vero
93 4365 255 4444 hujusmodi
281 4373 400 4450 corpori
423 4373 503 4430 locus
539 4374 589 4430 ille
616 4375 667 4449 qui
692 4375 767 4432 lunae
811 4374 909 4448 primo
924 4371 1033 4447 aequale
1056 4370 1222 4440 suerit‚sed
1237 4372 1353 4429 tertium
1367 4371 1461 4430 adhuc
1476 4393 1594 4432 maneus

13 4453 122 4514 llosinte
138 4457 281 4534 subjacet,
299 4461 408 4536 quippe
431 4461 482 4534 qui
505 4461 677 4537 corporibus
698 4483 768 4519 cor·
810 4473 840 4517 et
856 4461 952 4518 medio
977 4461 1074 4534 generi
1093 4459 1256 4536 subjectum
1282 4461 1378 4538 primo
1403 4461 1592 4521 assimilatur.

14 4541 120 4624 {lationi
134 4545 268 4604 obnoxiis
278 4548 413 4624 superior
426 4547 479 4617 sit,
493 4548 658 4606 coelestibus
673 4562 766 4606 autern
811 4548 881 4606 Nam
899 4569 963 4625 quae
984 4551 1014 4605 in
1037 4547 1206 4606 hominibus
1220 4549 1351 4605 cernitur
1372 4567 1436 4606 cum
1455 4549 1512 4607 diis
1534 4551 1595 4606 im-

15 4620 125 4698 tnserior‚
137 4652 220 4708 quem
239 4634 413 4710 Pythagorei
429 4637 542 4690 liberum
565 4637 697 4692 aetherem
716 4657 767 4694 vo·
812 4636 984 4695 mortalibus
996 4635 1146 4693 exhabitu
1163 4650 1225 4694 orta
1240 4634 1400 4694 similitudo
1416 4656 1422 4691 ι
1436 4655 1470 4694 ea
1490 4637 1593 4712 perfe-

16 4717 79 4776 cant,
90 4718 215 4776 oetderem
225 4719 341 4795 quidem
352 4765 359 4788 ‚
369 4733 400 4778 ut
410 4740 515 4795 corpus
527 4723 654 4780 materiae
665 4742 769 4800 expers
813 4725 887 4800 ctior
901 4737 929 4800 et
949 4725 1171 4782 convenientior
1183 4723 1243 4800 jam
1261 4724 1343 4799 prius
1364 4734 1406 4779 est
1427 4720 1552 4780 heroicis
1566 4736 1596 4779 et

16 4798 84 4862 ³¹er
95 4813 242 4877 eternum,
259 4810 497 4879 liberaverimus,
511 4820 571 4866 uta
583 4811 708 4868 materiae
721 4813 769 4869 al·
813 4813 917 4870 mediis
934 4811 1101 4886 generibus.
1117 4811 1166 4868 Sic
1181 4811 1344 4868 communis
1353 4821 1382 4864 et
1392 4827 1449 4865 una
1462 4807 1593 4864 omnium

18 4869 118 4972 lectibus
133 4908 245 4964 purum.
259 4892 336 4962 Quid
347 4894 438 4968 igitur
451 4895 477 4951 is
491 4895 541 4970 qui
556 4915 591 4953 eo
603 4899 771 4973 pervenerit
813 4917 950 4976 generum
972 4900 1086 4956 ratione
1105 4897 1297 4976 praeditorum
1316 4894 1456 4973 perfectio
1475 4907 1595 4971 apparet

17 4958 79 5021 altud
91 4973 156 5047 erit,
171 4999 256 5055 quam
271 4980 350 5056 quod
367 4980 438 5039 dicit
450 5001 584 5054 carmen,
595 4991 651 5039 eris
662 4991 770 5042 immor·
801 5007 914 5044 eorum
930 5007 994 5044 cum
1010 4987 1071 5043 Deo
1084 5004 1180 5042 rerum
1203 4984 1308 5059 opilice
1331 4981 1503 5038 similitudo.
1528 4981 1594 5038 llaec

19 5052 158 5120 tolisdeus?
170 5067 229 5126 illis
245 5067 351 5127 similis
365 5070 454 5128 lactus
466 5071 517 5146 qui
535 5071 672 5130 carminis
684 5073 770 5130 initio
815 5094 929 5153 semper
939 5087 1025 5150 atque
1035 5073 1135 5130 eodem
1145 5071 1231 5128 modo
1242 5071 1316 5126 inest
1326 5067 1509 5140 coelestibus,
1523 5088 1595 5126 sem·

1421 5199 1453 5236 31·
