3840 5924
874 389 1192 454 couuuurtmus.

328 519 375 580 ’τε
387 519 414 580 dv
430 519 582 590 ίξόλλυοθαι
594 522 736 595 ύνήνυατον
748 523 793 583 καὶ
800 522 1001 606 ὄπρηκτον,οίε1
1053 525 1096 584 nii
1110 526 1147 584 de
1159 525 1233 585 ersis
1250 526 1281 585 vi
1296 526 1421 587 somniis
1441 527 1526 588 fisum
1545 529 1587 588 ita
1601 529 1754 609 scripsisse
1767 532 1835 612 opi-

323 609 450 690 ριύσεσθαι
462 609 515 689 ὅπῃ
528 609 560 669 κε’
574 632 614 677 τις
626 611 681 669 oliv
695 611 799 691 ἐφείδῃ,
811 610 882 688 ὅμως
893 616 945 671 τῶν
961 611 1003 672 ὄν-
1052 624 1147 674 natur.
1164 612 1230 692 lpse
1246 612 1414 693 Empedocli
1434 614 1562 676 obtrusit
1577 635 1585 676 t
1607 615 1653 676 καί
1667 616 1690 674 τ’
1704 617 1745 676 ltu
1759 617 1835 687 tlu-

302 696 318 754 ὄι
331 699 378 772 μὶν
391 693 463 757 ἀίδια
478 687 544 756 εἶναί
557 720 631 778 φησι,
644 704 698 778 πῦρ
707 698 752 756 καὶ
764 697 834 778 ύδιορ
844 697 889 756 καί
899 703 948 775 γῆν
958 698 1004 759 καί
1053 701 1146 758 λυσθαι
1163 724 1218 760 κ.τ.
1231 702 1271 774 λ.,
1282 701 1521 762 Panaerbieterus
1534 705 1579 763 καί
1593 705 1615 761 δ’
1627 704 1669 763 ttv
1679 749 1688 782 ‚
1700 705 1835 766 Stunius

223 782 298 864 ύέρα,
309 785 341 842 τὰ
352 785 376 844 δ’
385 785 453 845 ἄλλα
466 784 598 864 γίγνεσθαί
610 809 639 845 τε
651 786 696 844 καὶ
706 789 841 866 γεγονέναι
854 789 883 846 ἐκ
896 787 1004 849 τούτων.
1049 785 1095 847 καί
1111 788 1142 848 τὸ
1153 787 1197 866 bv,
1212 790 1451 867 wyttenbachius
1466 791 1510 850 καὶ
1525 791 1591 867 τόγ’
1609 790 1638 851 ὄν
1653 793 1790 870 conjecit.

222 873 365 932 Similiter
374 874 460 932 Philo
469 875 505 934 de
515 874 616 933 mundi
627 887 725 934 aetem.
737 874 894 952 (ciGaleni
904 895 1004 954 opusc.
1090 875 1139 934 Vs.
1159 886 1225 947 rol.
1239 878 1334 947 Quum
1357 879 1434 957 apud
1447 879 1631 937 Aristotelem
1649 881 1739 957 vulgo
1752 882 1834 958 iege-

222 984 252 1040 p.
267 963 344 1040 510)
359 963 465 1041 λέγεται
487 961 575 1039 μέντοι
592 962 639 1022 καί
662 960 744 1044 φθοφίι
747 1006 817 1024 ......
835 969 852 1035 ἡ
868 969 914 1024 τοῦ
933 966 1005 1033 ὄντος
1051 977 1131 1022 retur
1146 964 1187 1024 ld
1200 965 1252 1044 γὰρ
1264 966 1406 1039 θήσεσθαι,
1425 965 1478 1044 ὄτῃ
1499 965 1530 1025 κύ
1543 991 1581 1034 τις
1596 966 1652 1026 αίὲν
1671 971 1778 1050 ὄρείδῃ,
1793 971 1833 1029 ab

225 1050 362 1131 ἀφαίρεσις
383 1050 528 1124 παντελής,
550 1050 583 1123 ἣν
604 1051 649 1110 καί
672 1049 839 1130 ἀνύπαρκτον
863 1054 1005 1130 θναγκαῖον
1052 1053 1119 1112 aliis
1133 1054 1218 1111 aliter
1244 1054 1406 1112 Aristotelis
1428 1054 1509 1112 locus
1526 1067 1664 1114 tractatus
1681 1069 1711 1114 et
1729 1075 1836 1116 versus

224 1139 319 1218 λέγειν.
331 1139 420 1220 ὥσπερ
432 1142 463 1200 bc
476 1146 521 1198 τοῦ
539 1138 577 1217 μή
589 1139 660 1207 ὄντος
668 1137 740 1198 οὐδὲν
753 1139 883 1219 γίγνεται,
893 1140 951 1200 otst
968 1143 1003 1209 εἷς
1054 1139 1263 1219 Empedoclem
1280 1142 1397 1200 refictus
1410 1155 1463 1203 est.
1475 1141 1553 1200 lllud
1564 1160 1635 1200 vero
1650 1143 1771 1203 minime
1781 1143 1836 1203 du-

224 1227 254 1285 τθ
269 1227 306 1304 μὴ
320 1225 348 1286 ὄν
361 1226 508 1309 φθείρεται·
522 1229 552 1286 bt
562 1233 607 1286 τοῦ
621 1225 673 1307 γύρ
683 1229 798 1304 οὐδαμοῦ
810 1227 882 1296 ὄντος
896 1227 1005 1308 ύμήχα-
1052 1225 1146 1299 bium,
1158 1228 1230 1304 quin
1243 1227 1429 1304 Empedocles
1440 1227 1651 1287 elementorum
1661 1243 1747 1307 atque
1759 1231 1834 1290 adeo

224 1314 267 1386 νύν
282 1316 338 1373 ἐστι
360 1313 478 1394 γενέσθαι
492 1339 529 1386 τι,
544 1317 614 1374 τότε
635 1315 662 1374 ὄν
676 1313 848 1385 ίξατολίοθαι
863 1315 1006 1388 ἀνήνυστον
1053 1313 1146 1390 ipsius
1174 1316 1250 1390 entis
1279 1315 1466 1372 aeternitatem
1490 1328 1660 1375 ostensurus
1696 1337 1752 1395 pro
1784 1319 1836 1388 θ’ή-

224 1403 269 1462 >tul
297 1401 432 1462 ύταυστύν
461 1404 537 1479 (leg.
562 1402 697 1483 ἄπρηκτον
711 1404 729 1482 l.
748 1404 822 1464 Ense
848 1405 885 1464 de
908 1404 1006 1464 verbis
1053 1407 1143 1461 σεσθαι
1152 1403 1199 1462 vel
1213 1402 1322 1474 θήσεται
1335 1403 1415 1461 aliud
1425 1403 1592 1462 adbibuerit
1602 1404 1738 1478 verbum,
1752 1410 1834 1483 quod

224 1493 390 1551 Aristotelis
400 1511 433 1550 ac
442 1491 478 1550 de
490 1491 673 1568 Empedoclis
685 1493 751 1551 loco
763 1493 911 1573 disputavi
922 1515 951 1572 p.
971 1495 1005 1552 18
1053 1489 1253 1566 perpetuitatis
1266 1491 1414 1548 notionem
1429 1491 1584 1570 exprimat.
1596 1491 1728 1570 Namque
1739 1495 1771 1552 111
1783 1495 1834 1554 his

224 1598 295 1637 meae
315 1579 470 1650 editionis,
497 1579 682 1637 Aristotelem
708 1599 779 1638 vero
801 1594 832 1638 ct
848 1580 1005 1640 Philonem
1053 1577 1281 1650 mutationibus,
1297 1598 1363 1655 quae
1376 1580 1560 1638 continenter
1570 1580 1660 1654 liunt,
1681 1601 1833 1658 nunquam

226 1667 315 1726 duces
329 1681 443 1726 secutus
457 1668 500 1725 sic
513 1667 589 1726 vatis
607 1667 790 1743 Agrigentini
806 1688 909 1728 versus
921 1670 1005 1728 resti·
1053 1664 1185 1724 accidere
1202 1679 1298 1724 censet
1310 1665 1514 1744 Empedocles,
1528 1679 1560 1726 ut
1573 1667 1732 1745 quidquam
1750 1688 1767 1726 e
1784 1671 1836 1727 ni-

226 1767 307 1813 tuere
317 1767 437 1814 conatus
451 1774 535 1814 sums
1052 1751 1115 1811 hilo
1134 1752 1255 1824 oriatur,
1275 1755 1322 1812 vel
1346 1774 1521 1831 quocunque
1539 1773 1643 1830 urgeas
1666 1756 1830 1832 quidquam

1052 1852 1159 1917 pereat.
1172 1839 1312 1916 ilergltius
1323 1840 1414 1916 igitur
1425 1843 1502 1920 apud
1514 1843 1696 1902 Aristotelem
1714 1864 1770 1920 pro
1784 1845 1835 1914 θή·

1054 1929 1146 1983 σεσθαι
1159 1927 1289 2003 reposuit
1303 1926 1440 1986 θεύσεσθαι
1454 1949 1489 1986 eo
1504 1949 1590 1988 sensu
1609 1943 1756 2008 acceptum
1772 1951 1835 2008 quo

1053 2011 1242 2090 Empedocles
1266 2033 1409 2092 usurpare
1434 2017 1517 2074 solet.
1541 2016 1686 2075 Nimirum
1706 2017 1834 2076 verbum

1053 2099 1105 2157 θεῖν
1118 2100 1154 2158 ad
1173 2100 1382 2160 elementorum
1402 2105 1577 2163 mutationes
1590 2105 1744 2184 variasque
1758 2127 1834 2184 quas

227 2198 279 2256 ilis
293 2199 446 2257 versiculis
462 2201 629 2258 continetur
646 2201 801 2280 perspicua
814 2202 923 2264 decreti
937 2223 1007 2263 sex·
1053 2189 1178 2250 1111111111
1203 2192 1310 2248 10111111
1328 2190 1434 2269 1111111111
1455 2192 1601 2250 111111ῑῦ111
1622 2189 1832 2270 Ε111Ρθ1101181,

227 2285 335 2344 centies
354 2285 497 2344 decantati
520 2289 676 2350 expositio.
698 2289 878 2368 Simpliciter
900 2291 1007 2350 Lucre·
1054 2279 1208 2354 11111961
1234 2287 1306 2353 1191
1324 2278 1450 2340 1111111111·
1470 2279 1575 2337 1111101
1589 2279 1681 2338 101110
1695 2301 1754 2339 11011
1773 2295 1834 2340 um

228 2373 311 2432 tius:
1053 2365 1118 2442 ipsa
1131 2365 1298 2442 perennitas
1319 2378 1348 2424 et
1368 2367 1473 2426 mortis
1496 2367 1628 2426 vacuitas
1651 2367 1833 2444 designatur,

1053 2471 1138 2526 quam
1161 2463 1301 2530 perpetua
1316 2454 1444 2511 mutatio.
1465 2453 1635 2512 Karstenius
1657 2467 1685 2512 et
1702 2455 1834 2516 Steinius

1051 2551 1197 2614 praeeunte
1221 2539 1335 2596 Sturrio
1363 2540 1486 2600 rescribi
1512 2540 1679 2600 volebant:
1707 2543 1759 2601 αἰεὶ
1780 2544 1834 2621 γὰρ

266 2623 316 2684 Vs.
339 2645 403 2682 roa.
424 2624 541 2704 Scripsi
560 2628 590 2685 ἐκ
604 2631 649 2683 τοῦ
670 2623 722 2706 γὰρ
737 2625 775 2702 μή
790 2626 893 2698 ἰόντος,
916 2648 1006 2706 quum
1052 2625 1191 2694 στήσονται
1215 2623 1267 2704 dep
1292 2625 1323 2684 κε’
1344 2649 1383 2694 τις
1404 2626 1458 2685 cliv
1482 2625 1566 2708 ἐρείδῃ
1590 2628 1645 2688 hac
1667 2631 1832 2689 sententia:

228 2713 306 2790 apud
321 2713 504 2771 Aristotelem
520 2733 574 2791 pro
594 2714 712 2788 vulgato
724 2713 754 2771 ίκ
763 2737 792 2773 τε
804 2713 841 2791 μή
856 2714 927 2784 ὄντος
944 2717 1007 2775 Co·
1055 2737 1068 2764 ι
1084 2733 1198 2792 semper
1211 2715 1289 2772 enim
1308 2713 1425 2775 stabunt
1439 2736 1611 2794 quacunque
1631 2718 1743 2776 ratione
1764 2721 1834 2796 quis

228 2801 285 2859 dex
298 2801 458 2884 Lipsiensis
471 2799 641 2879 prebeatis
654 2806 701 2859 τοῦ
721 2799 759 2876 μὴ
777 2801 857 2870 ὄντος.
877 2803 1007 2864 Sturzius
1052 2815 1160 2878 urgeat.
1172 2828 1184 2854 ν
1195 2802 1250 2860 Sed
1259 2803 1322 2875 hoc,
1331 2817 1451 2882 propter
1459 2804 1680 2879 significationis
1688 2804 1834 2880 ambigui·

228 2902 382 2968 proposuit
394 2892 423 2947 bc
436 2895 483 2948 τοῦ
502 2887 539 2962 μή
554 2889 625 2956 ὄντος
641 2912 685 2963 τι,
702 2889 872 2950 Karstenius
885 2891 915 2950 ίκ
926 2913 955 2950 τε
968 2893 1005 2968 μή
1053 2901 1151 2960 tatem,
1162 2909 1219 2967 qna
1235 2889 1376 2960 στήσονται
1385 2890 1481 2949 modo
1493 2897 1641 2948 consistent
1653 2892 1788 2968 vertitur,
1802 2906 1836 2950 ut

228 2975 315 3047 ὄντος,
326 2977 511 3055 Spaldingius
522 2979 552 3036 tx
568 2976 606 3052 μή
619 2974 708 3051 ὄντος,
724 2977 966 3039 Panzerbieterus
977 2985 1007 3041 ἐκ
1054 2979 1131 3055 apud
1142 2979 1300 3038 llomerum
1311 2977 1458 3051 1111111111,
1469 2979 1630 3052 608;vttt,
1645 2981 1713 3050 231„
1725 2979 1833 3053 1111111,

230 3063 277 3140 μὲν
291 3063 342 3142 γὰρ
365 3063 403 3140 μή
424 3063 530 3137 ἐόντος,
554 3063 697 3140 Bergiius
716 3063 747 3123 ἔκ
761 3087 790 3122 τε
810 3072 855 3126 τοῦ
869 3065 907 3142 μή
924 3065 1004 3134 ὄντος.
1055 3067 1123 3138 278,
1140 3065 1440 3143 308‚Eurip.1>hoen.
1456 3086 1498 3127 vs.
1519 3068 1587 3139 630,
1605 3067 1691 3126 modo
1705 3075 1829 3141 engone,

229 3151 320 3209 licam
338 3153 567 3212 emendationem
580 3151 716 3230 probavit
728 3152 866 3214 Steinius.
1053 3165 1086 3211 ut
1109 3154 1185 3232 apud
1209 3154 1332 3212 cundem
1358 3154 1528 3232 Euripidem
1551 3155 1690 3214 Androm.
1713 3176 1755 3215 vs.
1775 3159 1831 3228 761

269 3239 316 3299 Vs.
333 3241 397 3300 103.
411 3241 496 3318 posui
511 3238 574 3298 τότ’
588 3239 630 3298 ἐὸν
649 3260 714 3298 cum
739 3239 895 3299 Karstenio
913 3263 1002 3320 ιφιιιιιιι
1053 3250 1177 3318 τροπαῖον
1189 3243 1268 3300 αὐτοῦ
1284 3240 1428 3318 στήσομαι,
1444 3243 1474 3300 in
1491 3242 1657 3319 hujusmodi
1672 3243 1835 3318 fragmento

230 3328 307 3407 apud
333 3328 514 3386 Aristotelem
531 3329 641 3406 pariter
654 3339 740 3404 atque
760 3327 838 3405 aliud
854 3328 1006 3389 Philonem
1055 3348 1113 3386 non
1129 3329 1197 3386 satis
1208 3328 1393 3388 commodum
1408 3342 1537 3407 apparet.
1555 3329 1617 3388 iluc
1629 3329 1738 3387 accedit
1753 3331 1835 3406 quod

230 3418 268 3475 sit
282 3414 312 3473 τύ
327 3438 355 3472 τε
366 3413 394 3473 ὄν
409 3435 503 3493 neque
517 3415 646 3474 offendat
654 3413 683 3472 τύ
695 3416 767 3472 arsis
779 3414 810 3472 vi
824 3415 1007 3493 productum.
1054 3415 1079 3472 si
1099 3427 1195 3473 teneas
1216 3415 1373 3489 στήσονται,
1394 3431 1503 3475 motum
1520 3429 1618 3474 secuta
1636 3417 1719 3492 quies
1733 3436 1833 3475 rernm

230 3503 273 3562 Cs.
284 3503 360 3562 inira
380 3489 459 3564 vers.
478 3523 544 3562 ara.
559 3502 592 3560 τίι
608 3495 653 3560 δύο
667 3506 719 3561 τῶν
730 3497 799 3560 ὀκτὼ
817 3503 875 3559 κτλ.
895 3517 923 3561 et
937 3503 1008 3562 Par·
1055 3503 1142 3560 certis
1154 3503 1228 3561 locis
1247 3516 1416 3562 statutarum
1432 3505 1625 3580 significatur,
1643 3503 1674 3561 id
1695 3502 1774 3580 quod
1795 3503 1834 3560 ab

231 3609 306 3650 men.
314 3611 358 3650 vs.
367 3592 403 3648 63
415 3613 422 3647 :
434 3591 557 3664 π’ήπύθειι
570 3587 754 3662 adiudicati?
766 3593 796 3649 ἐκ
808 3589 845 3666 μή
855 3588 926 3658 ὄντος
938 3591 1008 3650 ἐάσοι
1054 3587 1239 3666 Empedoclis
1249 3605 1344 3649 mente
1354 3592 1565 3650 alienissimum
1577 3603 1628 3650 est.
1640 3588 1720 3648 Nihil
1734 3590 1765 3649 in
1778 3590 1835 3648 hac

230 3691 258 3735 et
272 3680 311 3754 69
324 3679 457 3756 γίγνεσθαί
470 3702 496 3736 τι
508 3680 572 3758 παρ’
588 3677 660 3739 αιἰτύ.
672 3677 802 3738 Τούνεκεν
812 3676 871 3738 οὔτε
880 3678 1007 3754 γενέσθαι.
1055 3695 1141 3735 causa
1175 3677 1250 3736 vidit
1275 3678 1535 3754 wyttenbachius,
1569 3691 1638 3738 teste
1679 3676 1836 3736 Karstenio

231 3765 361 3833 Quorum
378 3767 461 3843 prior
475 3778 630 3844 propterea
643 3765 770 3842 insignis
784 3777 844 3838 est,
864 3767 943 3843 quod
958 3769 1010 3827 111-
1054 3785 1084 3842 p.
1103 3785 1155 3840 191
1171 3765 1225 3823 αίίν
1238 3765 1289 3843 γὰρ
1300 3766 1397 3826 θεύσετ’
1409 3768 1456 3825 vel
1471 3766 1559 3837 θήσετ’
1571 3767 1633 3838 ὄτῃ,
1647 3766 1725 3842 quod
1741 3785 1835 3843 expo·

231 3854 330 3910 rimam
344 3852 480 3912 vocabuli
492 3851 602 3924 αὐξηθύν
617 3853 757 3932 syllabam
770 3854 828 3912 arsi
840 3854 1009 3932 productam
1054 3852 1098 3909 nit
1108 3851 1228 3911 θεύσεται
1242 3852 1287 3910 vel
1303 3851 1411 3923 iiidcccl
1424 3876 1478 3926 τις,
1493 3854 1646 3929 legendum
1660 3857 1835 3931 suspicatus.

231 3939 379 4010 continet,
399 3940 545 4018 posterior
562 3940 641 4017 quod
656 3953 803 4017 postrema
825 3943 1009 4019 pronominis
1055 3939 1154 4016 Longe
1173 3943 1277 4001 melius
1292 3943 1406 4018 antiqui
1426 3943 1503 4000 vatis
1516 3943 1625 4000 dictum
1638 3943 1670 4000 in
1687 3943 1834 4016 integrum

232 4028 296 4086 αιἰτό
310 4026 424 4104 syllaba
448 4028 513 4086 solo
534 4041 654 4086 accentu
668 4029 754 4103 longa
773 4028 814 4086 lit.
829 4028 901 4086 Sunt
915 4044 1008 4089 autem
1055 4030 1206 4089 restituere
1217 4028 1334 4088 molitus
1345 4041 1389 4088 est
1400 4028 1445 4087 Fr.
1457 4027 1696 4087 Panzerbieterus
1708 4027 1762 4085 hac
1772 4048 1835 4086 ver·

231 4116 263 4174 hi
278 4116 336 4175 loci
350 4115 519 4175 testimonio
529 4113 608 4174 haud
625 4117 720 4174 ratim
738 4115 899 4176 didacticos
911 4131 1010 4196 poetas
1054 4115 1159 4176 borum
1174 4118 1404 4176 conformatione
1423 4135 1430 4172 1
1446 4115 1497 4174 stet
1515 4114 1566 4193 γὰρ
1582 4118 1616 4194 τῇ
1630 4116 1656 4191 γ’
1670 4113 1764 4190 ἔσται,
1780 4111 1835 4192 ύιτῃ

230 4202 268 4260 ab
293 4204 452 4262 artificiosa
470 4203 590 4280 poetica
608 4221 711 4260 norma
730 4205 902 4277 recessisse,
923 4226 1009 4284 quam
1054 4203 1085 4263 κε’
1100 4227 1138 4271 τις
1159 4205 1214 4263 αἰὲν
1232 4205 1318 4283 ἐρείδῃ
1332 4249 1340 4276 ,
1356 4205 1443 4262 allato
1453 4203 1543 4262 simili
1564 4203 1628 4260 loco
1644 4201 1746 4259 iliadis
1765 4200 1834 4274 llll,

230 4292 347 4369 epicos,
365 4292 401 4350 de
411 4309 535 4369 quorum
551 4290 684 4350 versibus
699 4292 839 4370 ἀκεφάλοις
852 4305 1011 4372 ceteraque
1056 4293 1094 4361 tu
1111 4313 1118 4351 ι
1135 4289 1208 4370 ὄττῃ
1223 4291 1246 4351 τ’
1263 4291 1355 4370 ἰθύσῃ,
1369 4294 1404 4370 τῇ
1417 4294 1442 4349 τ’
1453 4291 1552 4351 είκονσι
1564 4289 1652 4369 στίχες
1670 4288 1781 4367 ἀνδρῶν.
1797 4289 1837 4346 At

232 4379 347 4436 licentia
367 4397 404 4437 ex
428 4376 576 4436 veteribus
602 4381 660 4453 egit
684 4379 839 4439 Athenaeus
865 4381 916 4440 lib.
946 4381 1009 4439 XlV
1054 4399 1141 4438 versu
1153 4381 1195 4438 sic
1207 4379 1358 4438 emendato
1368 4379 1511 4438 sententia
1523 4375 1836 4454 augustioribusquam

231 4485 261 4542 p.
278 4465 336 4522 632
348 4509 356 4536 ‚
367 4484 404 4522 ex
425 4463 637 4523 recentioribus
652 4465 834 4525 llermannus
851 4465 940 4528 Elem.
958 4469 1009 4526 do·
1055 4469 1150 4546 ipsius
1165 4481 1269 4526 natura
1289 4468 1343 4525 lert
1367 4465 1477 4524 linibus
1495 4464 1756 4524 circumscribitur.
1778 4463 1837 4520 tte-

231 4566 283 4610 ctr.
299 4566 383 4614 metr.
398 4573 426 4632 p.
452 4554 522 4624 346,
543 4553 733 4612 Buttmannus
747 4554 878 4615 Gramm.
894 4557 980 4634 arnpl.
996 4556 1009 4614 1
1055 4575 1111 4632 que
1127 4555 1205 4614 enim
1219 4555 1250 4612 id
1261 4554 1320 4629 agit
1333 4552 1535 4630 Empedocles,
1547 4565 1580 4610 ut
1594 4551 1838 4626 doceatquocun·

180 4643 188 4656 '
231 4641 248 4716 S
262 4662 277 4711 7
291 4658 356 4717 pag.
369 4649 406 4708 to
421 4657 502 4716 seqq.
513 4638 665 4700 'lhicrscb
680 4640 811 4700 Gramm.
826 4643 940 4722 llom.§
955 4651 1008 4718 147
1056 4661 1112 4719 que
1134 4643 1275 4720 pellamus
1289 4660 1357 4714 ens,
1377 4639 1420 4698 ibi
1437 4640 1514 4712 iore,
1531 4639 1581 4698 sed
1601 4651 1633 4696 ut
1644 4637 1835 4708 demonstret,

231 4745 296 4803 pag.
315 4728 370 4797 176
382 4743 463 4802 seqq.
480 4725 680 4804 Empedocleis
692 4728 806 4788 duobus
816 4729 949 4790 versibus
958 4733 1009 4808 qui
1056 4729 1176 4786 omnino
1189 4728 1263 4786 illud
1278 4728 1406 4786 futurum
1416 4745 1480 4786 esse
1494 4743 1666 4804 semperque
1675 4723 1835 4794 victurum,

232 4811 269 4868 ab
284 4812 408 4871 articulo
431 4811 490 4870 arsi
512 4811 654 4889 producto
677 4815 823 4894 incipiunt
837 4817 943 4876 similis
967 4831 1011 4877 est
1056 4835 1231 4893 quocunque
1241 4816 1434 4893 propellatur.
1447 4814 1616 4889 Solaigitur
1630 4812 1837 4870 immortalitas

231 4899 402 4958 llcmericus
420 4897 504 4958 lliad.
519 4895 597 4970 XXI,
612 4901 668 4958 352
685 4919 692 4960 :
1056 4902 1104 4960 hic
1117 4903 1283 4980 spectanda.
1297 4903 1394 4973 Quare
1405 4902 1593 4980 Spaldingius
1608 4899 1686 4979 apud
1699 4899 1835 4957 Aristotc

1056 4988 1111 5046 lem
1127 4991 1229 5067 reponi
1242 4988 1331 5067 J'ussit
1345 5011 1351 5047 :
1364 4989 1405 5048 ιἰεί
1423 4988 1483 5068 γοίρ,
1497 4987 1591 5067 φησίν,
1610 4987 1731 5059 ἔσεσθαι,
1745 4984 1799 5064 ὅπῃ
1809 4985 1839 5043 κε’

1058 5097 1098 5142 τις
1114 5075 1167 5134 αἰὲν
1180 5077 1283 5156 ἐρείδῃ,
1303 5078 1350 5135 cni
1370 5077 1565 5135 emendationi
1588 5095 1647 5134 non
1667 5073 1838 5133 adversatus

231 5151 374 5223 Quocirca
390 5177 449 5220 uon
463 5159 626 5219 audiendus
638 5160 767 5222 Steinius
778 5163 831 5241 qni
843 5163 1009 5223 mellarste
1056 5182 1165 5238 essem,
1188 5165 1243 5224 nisi
1268 5165 1434 5232 adversum
1456 5184 1492 5222 ex
1511 5163 1557 5224 his
1572 5163 1696 5222 vocibus
1714 5182 1838 5241 vcorripe·

267 1887 297 1942 ἐκ
308 1889 354 1942 τοῦ
366 1883 420 1965 γόιρ
435 1883 472 1960 μὴ
486 1883 570 1952 ἐόντος
583 1883 719 1965 ἀμήχανόν
732 1886 788 1944 ἐστι
804 1883 922 1964 γενίσθαι

268 1971 297 2030 τό
312 1974 335 2029 τ’
352 1973 392 2030 ἐὸν
408 1971 560 2040 ίξύλλυσθαι
574 1971 716 2044 αἰνήνοσταν
730 1974 775 2033 καὶ
791 1973 942 2053 ἄπρηκτον·

265 2057 316 2116 nial
330 2057 381 2140 γὰρ
395 2057 529 2140 περιέσται
543 2057 595 2140 dury
607 2057 639 2118 κί
648 2083 687 2127 τις
699 2059 753 2118 cliv
767 2061 862 2141 ίρείδῃ.

288 2497 308 2544 E
319 2495 394 2544 nihilo
407 2495 482 2559 1111111,
494 2497 519 2546 in
530 2496 632 2546 nibilum
645 2497 678 2546 1111
693 2511 765 2561 posse
776 2501 874 2550 retecti.

309 5021 343 5080 sd
357 5023 417 5103 περὶ
434 5024 504 5083 καλὰ
520 5025 613 5107 ῥέεθρα
628 5027 687 5096 ἅλις
703 5029 832 5107 ποταμοῖο
846 5028 969 5112 πεφύκει.
