<?xml version="1.0" encoding="UTF-8"?>
<!DOCTYPE html PUBLIC "-//W3C//DTD XHTML 1.0 Transitional//EN"
    "http://www.w3.org/TR/xhtml1/DTD/xhtml1-transitional.dtd">
<html xmlns="http://www.w3.org/1999/xhtml" xml:lang="en" lang="en">
 <head>
  <title>
</title>
<meta http-equiv="Content-Type" content="text/html;charset=utf-8" />
  <meta name='ocr-system' content='tesseract 3.04.00' />
  <meta name='ocr-capabilities' content='ocr_page ocr_carea ocr_par ocr_line ocrx_word'/>
</head>
<body>
  <div class='ocr_page' id='page_1' title='image "./fragmentaphilos03mullgoog/fragmentaphilos03mullgoog_0295.png"; bbox 0 0 3740 5916; ppageno 0'>
   <div class='ocr_carea' id='block_1_1' title="bbox 243 337 301 388">
    <p class='ocr_par' dir='ltr' id='par_1_1' title="bbox 243 337 301 388">
     <span class='ocr_line' id='line_1_1' title="bbox 243 337 301 388; baseline -0.017 0"><span class='ocrx_word' id='word_1_1' title='bbox 243 337 301 388; x_wconf 78' lang='lat'>250</span> 
     </span>
    </p>
   </div>
   <div class='ocr_carea' id='block_1_2' title="bbox 224 453 1037 968">
    <p class='ocr_par' dir='ltr' id='par_1_2' title="bbox 224 453 1037 968">
     <span class='ocr_line' id='line_1_2' title="bbox 224 453 1013 534; baseline -0.005 -16"><span class='ocrx_word' id='word_1_2' title='bbox 224 461 226 464; x_wconf 67' lang='grc'><strong>’</strong></span> <span class='ocrx_word' id='word_1_3' title='bbox 254 479 276 519; x_wconf 80' lang='grc' dir='ltr'>ν.</span> <span class='ocrx_word' id='word_1_4' title='bbox 297 456 365 518; x_wconf 78' lang='grc' dir='ltr'>Ἀπὸ</span> <span class='ocrx_word' id='word_1_5' title='bbox 379 455 488 516; x_wconf 77' lang='grc' dir='ltr'>τουτέων</span> <span class='ocrx_word' id='word_1_6' title='bbox 502 453 709 534; x_wconf 75' lang='grc' dir='ltr'>ἀποκρινομένων</span> <span class='ocrx_word' id='word_1_7' title='bbox 724 455 906 531; x_wconf 70' lang='grc' dir='ltr'>συμπήγνυται</span> <span class='ocrx_word' id='word_1_8' title='bbox 921 461 971 533; x_wconf 73' lang='grc' dir='ltr'>γῆ·</span> <span class='ocrx_word' id='word_1_9' title='bbox 984 458 1013 514; x_wconf 80' lang='grc' dir='ltr'>ἐκ</span> 
     </span>
     <span class='ocr_line' id='line_1_3' title="bbox 301 539 1018 621; baseline 0.001 -22"><span class='ocrx_word' id='word_1_10' title='bbox 301 541 348 618; x_wconf 83' lang='grc' dir='ltr'>μέν</span> <span class='ocrx_word' id='word_1_11' title='bbox 368 545 420 621; x_wconf 79' lang='grc' dir='ltr'>γὰρ</span> <span class='ocrx_word' id='word_1_12' title='bbox 443 546 493 599; x_wconf 84' lang='grc' dir='ltr'>τῶν</span> <span class='ocrx_word' id='word_1_13' title='bbox 516 539 642 620; x_wconf 86' lang='grc' dir='ltr'>νερελέων</span> <span class='ocrx_word' id='word_1_14' title='bbox 662 539 730 619; x_wconf 79' lang='grc' dir='ltr'>ὕδωρ</span> <span class='ocrx_word' id='word_1_15' title='bbox 745 542 925 620; x_wconf 79' lang='grc' dir='ltr'>ἀποκρίνεται,</span> <span class='ocrx_word' id='word_1_16' title='bbox 946 544 976 602; x_wconf 71' lang='lat' dir='ltr'>lx</span> <span class='ocrx_word' id='word_1_17' title='bbox 991 543 1018 600; x_wconf 79' lang='grc' dir='ltr'>δέ</span> 
     </span>
     <span class='ocr_line' id='line_1_4' title="bbox 300 624 1037 704; baseline -0.004 -17"><span class='ocrx_word' id='word_1_18' title='bbox 300 635 346 688; x_wconf 78' lang='grc' dir='ltr'>τοῦ</span> <span class='ocrx_word' id='word_1_19' title='bbox 360 628 451 693; x_wconf 76' lang='grc' dir='ltr'>ὕδατος</span> <span class='ocrx_word' id='word_1_20' title='bbox 462 631 513 704; x_wconf 83' lang='grc' dir='ltr'>γῆ,</span> <span class='ocrx_word' id='word_1_21' title='bbox 530 629 558 684; x_wconf 77' lang='lat' dir='ltr'>lx</span> <span class='ocrx_word' id='word_1_22' title='bbox 571 624 598 684; x_wconf 80' lang='grc' dir='ltr'>δέ</span> <span class='ocrx_word' id='word_1_23' title='bbox 611 629 656 696; x_wconf 84' lang='grc' dir='ltr'>τ’ής</span> <span class='ocrx_word' id='word_1_24' title='bbox 673 630 720 704; x_wconf 79' lang='grc' dir='ltr'>γῆς</span> <span class='ocrx_word' id='word_1_25' title='bbox 734 627 801 684; x_wconf 87' lang='grc' dir='ltr'>λίθοι</span> <span class='ocrx_word' id='word_1_26' title='bbox 821 626 1037 703; x_wconf 82' lang='grc' dir='ltr'>αυμτιήγνυνταιΙ</span> 
     </span>
     <span class='ocr_line' id='line_1_5' title="bbox 301 705 1021 794; baseline 0 -20"><span class='ocrx_word' id='word_1_27' title='bbox 301 715 353 774; x_wconf 76' lang='grc' dir='ltr'>ὑπὸ</span> <span class='ocrx_word' id='word_1_28' title='bbox 368 721 413 773; x_wconf 75' lang='grc' dir='ltr'>τοῦ</span> <span class='ocrx_word' id='word_1_29' title='bbox 431 717 547 794; x_wconf 79' lang='grc' dir='ltr'>ψυχροῦ·</span> <span class='ocrx_word' id='word_1_30' title='bbox 562 705 630 773; x_wconf 69' lang='grc' dir='ltr'>οὗτοι</span> <span class='ocrx_word' id='word_1_31' title='bbox 645 711 672 770; x_wconf 84' lang='grc' dir='ltr'>δέ</span> <span class='ocrx_word' id='word_1_32' title='bbox 690 715 847 794; x_wconf 74' lang='grc' dir='ltr'>ὶκχωρέουσι</span> <span class='ocrx_word' id='word_1_33' title='bbox 863 715 962 792; x_wconf 74' lang='grc' dir='ltr'>μᾶλλον</span> <span class='ocrx_word' id='word_1_34' title='bbox 976 721 1021 774; x_wconf 80' lang='grc' dir='ltr'>τοῦ</span> 
     </span>
     <span class='ocr_line' id='line_1_6' title="bbox 300 802 1018 968; baseline -0.003 -22"><span class='ocrx_word' id='word_1_35' title='bbox 300 802 519 968; x_wconf 56' lang='grc' dir='ltr'>ὕδοήὲοἱςιίιρίίσίιιο</span> <span class='ocrx_word' id='word_1_36' title='bbox 533 875 693 947; x_wconf 76' lang='lat' dir='ltr'><strong>comment.</strong></span> <span class='ocrx_word' id='word_1_37' title='bbox 714 888 745 945; x_wconf 94' lang='lat' dir='ltr'>in</span> <span class='ocrx_word' id='word_1_38' title='bbox 759 887 849 946; x_wconf 73' lang='lat' dir='ltr'><strong>Arist.</strong></span> <span class='ocrx_word' id='word_1_39' title='bbox 865 889 952 963; x_wconf 84' lang='lat' dir='ltr'><strong>Phys.</strong></span> <span class='ocrx_word' id='word_1_40' title='bbox 970 887 1018 946; x_wconf 87' lang='lat' dir='ltr'><strong>lol.</strong></span> 
     </span>
    </p>
   </div>
   <div class='ocr_carea' id='block_1_3' title="bbox 259 973 1032 3686">
    <p class='ocr_par' dir='ltr' id='par_1_3' title="bbox 301 973 1032 1642">
     <span class='ocr_line' id='line_1_7' title="bbox 304 973 1018 1053; baseline -0.004 -18"><span class='ocrx_word' id='word_1_41' title='bbox 304 979 341 1035; x_wconf 85' lang='lat'>38</span> <span class='ocrx_word' id='word_1_42' title='bbox 356 976 375 1034; x_wconf 88' lang='lat' dir='ltr'>b</span> <span class='ocrx_word' id='word_1_43' title='bbox 392 999 399 1033; x_wconf 90' lang='lat'>:</span> <span class='ocrx_word' id='word_1_44' title='bbox 411 975 478 1034; x_wconf 79' lang='grc' dir='ltr'>οὕτω</span> <span class='ocrx_word' id='word_1_45' title='bbox 491 976 541 1053; x_wconf 86' lang='grc' dir='ltr'>γείρ</span> <span class='ocrx_word' id='word_1_46' title='bbox 556 993 643 1052; x_wconf 87' lang='grc' dir='ltr'>ρησιν·</span> <span class='ocrx_word' id='word_1_47' title='bbox 659 973 711 1032; x_wconf 81' lang='grc' dir='ltr'>ἀπὸ</span> <span class='ocrx_word' id='word_1_48' title='bbox 721 974 830 1033; x_wconf 81' lang='grc' dir='ltr'>τουτέων</span> <span class='ocrx_word' id='word_1_49' title='bbox 842 976 899 1033; x_wconf 92' lang='grc' dir='ltr'>κτλ.</span> <span class='ocrx_word' id='word_1_50' title='bbox 911 976 955 1034; x_wconf 75' lang='lat' dir='ltr'><strong>(Ji.</strong></span> <span class='ocrx_word' id='word_1_51' title='bbox 969 975 1018 1032; x_wconf 87' lang='lat' dir='ltr'><strong>iot.</strong></span> 
     </span>
     <span class='ocr_line' id='line_1_8' title="bbox 303 1061 1021 1139; baseline -0.006 -17"><span class='ocrx_word' id='word_1_52' title='bbox 303 1065 339 1122; x_wconf 82' lang='lat'>33</span> <span class='ocrx_word' id='word_1_53' title='bbox 357 1063 387 1134; x_wconf 91' lang='lat' dir='ltr'>b,</span> <span class='ocrx_word' id='word_1_54' title='bbox 399 1063 450 1122; x_wconf 92' lang='lat' dir='ltr'>ubi</span> <span class='ocrx_word' id='word_1_55' title='bbox 464 1063 569 1138; x_wconf 80' lang='lat' dir='ltr'><strong>legitur</strong></span> <span class='ocrx_word' id='word_1_56' title='bbox 577 1062 645 1126; x_wconf 88' lang='grc' dir='ltr'>λίθος</span> <span class='ocrx_word' id='word_1_57' title='bbox 654 1061 849 1139; x_wconf 70' lang='grc' dir='ltr'>συμπήγνυται.</span> <span class='ocrx_word' id='word_1_58' title='bbox 863 1065 912 1120; x_wconf 81' lang='lat' dir='ltr'>Est</span> <span class='ocrx_word' id='word_1_59' title='bbox 928 1075 1021 1120; x_wconf 88' lang='lat' dir='ltr'><strong>autem</strong></span> 
     </span>
     <span class='ocr_line' id='line_1_9' title="bbox 301 1147 1021 1228; baseline -0.001 -20"><span class='ocrx_word' id='word_1_60' title='bbox 301 1153 331 1208; x_wconf 82' lang='grc' dir='ltr'>ἐκ</span> <span class='ocrx_word' id='word_1_61' title='bbox 346 1152 396 1208; x_wconf 86' lang='grc' dir='ltr'>τῶν</span> <span class='ocrx_word' id='word_1_62' title='bbox 407 1149 533 1228; x_wconf 84' lang='grc' dir='ltr'>νεφελέων</span> <span class='ocrx_word' id='word_1_63' title='bbox 548 1148 624 1206; x_wconf 90' lang='lat' dir='ltr'><strong>idem</strong></span> <span class='ocrx_word' id='word_1_64' title='bbox 637 1149 714 1226; x_wconf 92' lang='lat' dir='ltr'><strong>quod</strong></span> <span class='ocrx_word' id='word_1_65' title='bbox 729 1147 754 1216; x_wconf 81' lang='grc' dir='ltr'>ἐξ</span> <span class='ocrx_word' id='word_1_66' title='bbox 769 1149 851 1227; x_wconf 87' lang='grc' dir='ltr'>ιἰέρυς.</span> <span class='ocrx_word' id='word_1_67' title='bbox 871 1151 919 1207; x_wconf 87' lang='lat' dir='ltr'>Sic</span> <span class='ocrx_word' id='word_1_68' title='bbox 943 1151 1021 1207; x_wconf 89' lang='lat' dir='ltr'><strong>enirn</strong></span> 
     </span>
     <span class='ocr_line' id='line_1_10' title="bbox 302 1227 1023 1315; baseline 0 -21"><span class='ocrx_word' id='word_1_69' title='bbox 302 1237 469 1315; x_wconf 80' lang='lat' dir='ltr'><strong>Simplicius</strong></span> <span class='ocrx_word' id='word_1_70' title='bbox 493 1236 543 1295; x_wconf 85' lang='lat' dir='ltr'><strong>lul.</strong></span> <span class='ocrx_word' id='word_1_71' title='bbox 567 1238 618 1294; x_wconf 82' lang='lat'>106</span> <span class='ocrx_word' id='word_1_72' title='bbox 631 1255 648 1292; x_wconf 84' lang='lat' dir='ltr'><strong>a</strong></span> <span class='ocrx_word' id='word_1_73' title='bbox 661 1255 668 1295; x_wconf 72' lang='grc' dir='ltr'>τ</span> <span class='ocrx_word' id='word_1_74' title='bbox 683 1239 749 1314; x_wconf 81' lang='grc' dir='ltr'>δρῶν</span> <span class='ocrx_word' id='word_1_75' title='bbox 762 1227 806 1294; x_wconf 67' lang='grc' dir='ltr'>οὖν</span> <span class='ocrx_word' id='word_1_76' title='bbox 818 1245 870 1294; x_wconf 82' lang='grc' dir='ltr'>πᾶν</span> <span class='ocrx_word' id='word_1_77' title='bbox 882 1239 912 1295; x_wconf 85' lang='grc' dir='ltr'>ίκ</span> <span class='ocrx_word' id='word_1_78' title='bbox 927 1237 1023 1302; x_wconf 70' lang='grc' dir='ltr'>παντὸς</span> 
     </span>
     <span class='ocr_line' id='line_1_11' title="bbox 302 1321 1021 1400; baseline -0.001 -20"><span class='ocrx_word' id='word_1_79' title='bbox 302 1323 448 1400; x_wconf 88' lang='grc' dir='ltr'>γινόμενον,</span> <span class='ocrx_word' id='word_1_80' title='bbox 473 1325 496 1380; x_wconf 82' lang='grc' dir='ltr'>εί</span> <span class='ocrx_word' id='word_1_81' title='bbox 517 1321 613 1397; x_wconf 79' lang='grc' dir='ltr'>καὶμὴ</span> <span class='ocrx_word' id='word_1_82' title='bbox 637 1323 754 1398; x_wconf 78' lang='grc' dir='ltr'>ἀμέσως,</span> <span class='ocrx_word' id='word_1_83' title='bbox 770 1322 838 1382; x_wconf 69' lang='grc' dir='ltr'>ἀλλὰ</span> <span class='ocrx_word' id='word_1_84' title='bbox 860 1322 1021 1399; x_wconf 76' lang='grc' dir='ltr'>κατθτέξιν,</span> 
     </span>
     <span class='ocr_line' id='line_1_12' title="bbox 302 1406 1022 1487; baseline -0.001 -21"><span class='ocrx_word' id='word_1_85' title='bbox 302 1409 347 1466; x_wconf 86' lang='grc' dir='ltr'>καί</span> <span class='ocrx_word' id='word_1_86' title='bbox 360 1406 411 1486; x_wconf 82' lang='grc' dir='ltr'>γδιρ</span> <span class='ocrx_word' id='word_1_87' title='bbox 427 1412 456 1467; x_wconf 71' lang='grc' dir='ltr'>ἐκ</span> <span class='ocrx_word' id='word_1_88' title='bbox 471 1408 552 1487; x_wconf 85' lang='grc' dir='ltr'>πυρὸς</span> <span class='ocrx_word' id='word_1_89' title='bbox 566 1406 617 1485; x_wconf 81' lang='grc' dir='ltr'>ἀήρ</span> <span class='ocrx_word' id='word_1_90' title='bbox 633 1410 679 1468; x_wconf 87' lang='grc' dir='ltr'>καί</span> <span class='ocrx_word' id='word_1_91' title='bbox 701 1407 726 1475; x_wconf 73' lang='grc' dir='ltr'>ἐξ</span> <span class='ocrx_word' id='word_1_92' title='bbox 741 1409 814 1487; x_wconf 82' lang='grc' dir='ltr'>ἀέρος</span> <span class='ocrx_word' id='word_1_93' title='bbox 838 1407 907 1486; x_wconf 75' lang='grc' dir='ltr'>ὕδωρ</span> <span class='ocrx_word' id='word_1_94' title='bbox 930 1409 974 1467; x_wconf 85' lang='grc' dir='ltr'>καί</span> <span class='ocrx_word' id='word_1_95' title='bbox 997 1407 1022 1476; x_wconf 76' lang='grc' dir='ltr'>ἐξ</span> 
     </span>
     <span class='ocr_line' id='line_1_13' title="bbox 303 1494 1032 1574; baseline 0.001 -21"><span class='ocrx_word' id='word_1_96' title='bbox 303 1495 395 1562; x_wconf 70' lang='grc' dir='ltr'>ὕδατος</span> <span class='ocrx_word' id='word_1_97' title='bbox 409 1499 443 1574; x_wconf 82' lang='grc' dir='ltr'>γῆ</span> <span class='ocrx_word' id='word_1_98' title='bbox 457 1497 502 1555; x_wconf 85' lang='grc' dir='ltr'>καί</span> <span class='ocrx_word' id='word_1_99' title='bbox 516 1497 545 1555; x_wconf 86' lang='grc' dir='ltr'>έκ</span> <span class='ocrx_word' id='word_1_100' title='bbox 556 1499 603 1571; x_wconf 81' lang='grc' dir='ltr'>γῆς</span> <span class='ocrx_word' id='word_1_101' title='bbox 617 1497 685 1563; x_wconf 85' lang='grc' dir='ltr'>λίθος</span> <span class='ocrx_word' id='word_1_102' title='bbox 697 1494 742 1554; x_wconf 83' lang='grc' dir='ltr'>καί</span> <span class='ocrx_word' id='word_1_103' title='bbox 754 1497 784 1553; x_wconf 81' lang='grc' dir='ltr'>έκ</span> <span class='ocrx_word' id='word_1_104' title='bbox 795 1496 867 1556; x_wconf 88' lang='grc' dir='ltr'>λίθου</span> <span class='ocrx_word' id='word_1_105' title='bbox 881 1496 960 1556; x_wconf 80' lang='grc' dir='ltr'>πόλιν</span> <span class='ocrx_word' id='word_1_106' title='bbox 970 1497 1032 1574; x_wconf 74' lang='grc' dir='ltr'>τεῖρ’</span> 
     </span>
     <span class='ocr_line' id='line_1_14' title="bbox 303 1585 361 1642; baseline -0.052 0"><span class='ocrx_word' id='word_1_107' title='bbox 303 1585 361 1642; x_wconf 90' lang='grc' dir='ltr'>κτλ.</span> 
     </span>
    </p>

    <p class='ocr_par' dir='ltr' id='par_1_4' title="bbox 259 1581 1026 2356">
     <span class='ocr_line' id='line_1_15' title="bbox 259 1581 1024 1750; baseline -0.004 -19"><span class='ocrx_word' id='word_1_108' title='bbox 259 1689 295 1732; x_wconf 86' lang='lat'>10.</span> <span class='ocrx_word' id='word_1_109' title='bbox 310 1581 459 1750; x_wconf 78' lang='grc' dir='ltr'>ἀνθγέώπους</span> <span class='ocrx_word' id='word_1_110' title='bbox 480 1693 507 1728; x_wconf 93' lang='grc' dir='ltr'>τε</span> <span class='ocrx_word' id='word_1_111' title='bbox 534 1674 706 1748; x_wconf 82' lang='grc' dir='ltr'>συμπαγῆναι</span> <span class='ocrx_word' id='word_1_112' title='bbox 724 1670 770 1729; x_wconf 78' lang='grc' dir='ltr'>καί</span> <span class='ocrx_word' id='word_1_113' title='bbox 787 1671 869 1728; x_wconf 81' lang='grc' dir='ltr'>τᾶλλα</span> <span class='ocrx_word' id='word_1_114' title='bbox 890 1673 959 1738; x_wconf 78' lang='grc' dir='ltr'>ζῶα,</span> <span class='ocrx_word' id='word_1_115' title='bbox 975 1667 1024 1730; x_wconf 84' lang='grc' dir='ltr'>θσα</span> 
     </span>
     <span class='ocr_line' id='line_1_16' title="bbox 305 1731 1025 1837; baseline -0.001 -23"><span class='ocrx_word' id='word_1_116' title='bbox 305 1754 391 1836; x_wconf 77' lang='grc' dir='ltr'>ψυχὴν</span> <span class='ocrx_word' id='word_1_117' title='bbox 411 1755 482 1835; x_wconf 82' lang='grc' dir='ltr'>ἔχει·</span> <span class='ocrx_word' id='word_1_118' title='bbox 502 1757 546 1816; x_wconf 85' lang='grc' dir='ltr'>καί</span> <span class='ocrx_word' id='word_1_119' title='bbox 569 1757 637 1814; x_wconf 87' lang='grc' dir='ltr'>τοῖσί</span> <span class='ocrx_word' id='word_1_120' title='bbox 658 1779 688 1834; x_wconf 91' lang='grc' dir='ltr'>γε</span> <span class='ocrx_word' id='word_1_121' title='bbox 712 1755 869 1837; x_wconf 77' lang='grc' dir='ltr'>ἀνθρώποισι</span> <span class='ocrx_word' id='word_1_122' title='bbox 894 1731 959 1814; x_wconf 74' lang='grc' dir='ltr'>είναι</span> <span class='ocrx_word' id='word_1_123' title='bbox 980 1755 1025 1814; x_wconf 81' lang='grc' dir='ltr'>καλ</span> 
     </span>
     <span class='ocr_line' id='line_1_17' title="bbox 305 1840 1024 1924; baseline -0.001 -25"><span class='ocrx_word' id='word_1_124' title='bbox 305 1840 396 1908; x_wconf 90' lang='grc' dir='ltr'>πόλιας</span> <span class='ocrx_word' id='word_1_125' title='bbox 417 1845 602 1922; x_wconf 84' lang='grc' dir='ltr'>συνῳκημένας</span> <span class='ocrx_word' id='word_1_126' title='bbox 622 1843 667 1902; x_wconf 83' lang='grc' dir='ltr'>καί</span> <span class='ocrx_word' id='word_1_127' title='bbox 691 1843 756 1924; x_wconf 84' lang='grc' dir='ltr'>ἔργα</span> <span class='ocrx_word' id='word_1_128' title='bbox 778 1842 1024 1919; x_wconf 88' lang='grc' dir='ltr'>κατεσκευασμένα,</span> 
     </span>
     <span class='ocr_line' id='line_1_18' title="bbox 305 1921 1025 2008; baseline -0.001 -23"><span class='ocrx_word' id='word_1_129' title='bbox 305 1927 394 2004; x_wconf 79' lang='grc' dir='ltr'>ὥσπερ</span> <span class='ocrx_word' id='word_1_130' title='bbox 409 1930 472 2008; x_wconf 88' lang='grc' dir='ltr'>παρ’</span> <span class='ocrx_word' id='word_1_131' title='bbox 487 1932 562 2007; x_wconf 86' lang='grc' dir='ltr'>ἡμῖν,</span> <span class='ocrx_word' id='word_1_132' title='bbox 579 1932 624 1988; x_wconf 85' lang='grc' dir='ltr'>καὶ</span> <span class='ocrx_word' id='word_1_133' title='bbox 636 1931 723 2000; x_wconf 89' lang='grc' dir='ltr'>ἠέλιόν</span> <span class='ocrx_word' id='word_1_134' title='bbox 738 1953 766 1990; x_wconf 89' lang='grc' dir='ltr'>τι</span> <span class='ocrx_word' id='word_1_135' title='bbox 781 1933 883 1988; x_wconf 81' lang='grc' dir='ltr'>αὐτοῖσι</span> <span class='ocrx_word' id='word_1_136' title='bbox 897 1921 963 1988; x_wconf 77' lang='grc' dir='ltr'>εἶναι</span> <span class='ocrx_word' id='word_1_137' title='bbox 980 1928 1025 1985; x_wconf 82' lang='grc' dir='ltr'>καί</span> 
     </span>
     <span class='ocr_line' id='line_1_19' title="bbox 306 2013 1025 2096; baseline -0.003 -24"><span class='ocrx_word' id='word_1_138' title='bbox 306 2015 417 2088; x_wconf 79' lang='grc' dir='ltr'>σελήνην</span> <span class='ocrx_word' id='word_1_139' title='bbox 443 2017 488 2076; x_wconf 85' lang='grc' dir='ltr'>καί</span> <span class='ocrx_word' id='word_1_140' title='bbox 509 2017 613 2094; x_wconf 79' lang='grc' dir='ltr'>τᾶλλα,</span> <span class='ocrx_word' id='word_1_141' title='bbox 636 2016 726 2096; x_wconf 74' lang='grc' dir='ltr'>ὥσπερ</span> <span class='ocrx_word' id='word_1_142' title='bbox 748 2017 811 2096; x_wconf 88' lang='grc' dir='ltr'>παρ’</span> <span class='ocrx_word' id='word_1_143' title='bbox 831 2022 906 2094; x_wconf 82' lang='grc' dir='ltr'>ἡμῖν,</span> <span class='ocrx_word' id='word_1_144' title='bbox 920 2015 966 2075; x_wconf 82' lang='grc' dir='ltr'>καί</span> <span class='ocrx_word' id='word_1_145' title='bbox 979 2013 1025 2084; x_wconf 80' lang='grc' dir='ltr'>τήν</span> 
     </span>
     <span class='ocr_line' id='line_1_20' title="bbox 304 2091 1026 2184; baseline 0.004 -25"><span class='ocrx_word' id='word_1_146' title='bbox 304 2105 353 2179; x_wconf 75' lang='grc' dir='ltr'>γῆν</span> <span class='ocrx_word' id='word_1_147' title='bbox 379 2105 480 2162; x_wconf 79' lang='grc' dir='ltr'>αὐτοῖσι</span> <span class='ocrx_word' id='word_1_148' title='bbox 507 2103 577 2184; x_wconf 85' lang='grc' dir='ltr'>ρόειν</span> <span class='ocrx_word' id='word_1_149' title='bbox 603 2104 689 2164; x_wconf 87' lang='grc' dir='ltr'>πολλοί</span> <span class='ocrx_word' id='word_1_150' title='bbox 713 2128 741 2164; x_wconf 89' lang='grc' dir='ltr'>τε</span> <span class='ocrx_word' id='word_1_151' title='bbox 764 2104 810 2164; x_wconf 80' lang='grc' dir='ltr'>καί</span> <span class='ocrx_word' id='word_1_152' title='bbox 837 2108 966 2178; x_wconf 87' lang='grc' dir='ltr'>παντοῖα,</span> <span class='ocrx_word' id='word_1_153' title='bbox 990 2091 1026 2162; x_wconf 74' lang='grc' dir='ltr'>ὧν</span> 
     </span>
     <span class='ocr_line' id='line_1_21' title="bbox 306 2189 1026 2268; baseline 0 -20"><span class='ocrx_word' id='word_1_154' title='bbox 306 2193 400 2249; x_wconf 83' lang='grc' dir='ltr'>ἐκεῖνοι</span> <span class='ocrx_word' id='word_1_155' title='bbox 415 2189 449 2250; x_wconf 84' lang='grc' dir='ltr'>τδι</span> <span class='ocrx_word' id='word_1_156' title='bbox 467 2194 575 2264; x_wconf 83' lang='grc' dir='ltr'>ὀνήῑστα</span> <span class='ocrx_word' id='word_1_157' title='bbox 590 2191 795 2268; x_wconf 87' lang='grc' dir='ltr'>συνενιυιοίμενσι</span> <span class='ocrx_word' id='word_1_158' title='bbox 816 2191 841 2258; x_wconf 77' lang='grc' dir='ltr'>ές</span> <span class='ocrx_word' id='word_1_159' title='bbox 858 2189 905 2262; x_wconf 74' lang='grc' dir='ltr'>τήν</span> <span class='ocrx_word' id='word_1_160' title='bbox 925 2190 1026 2263; x_wconf 89' lang='grc' dir='ltr'>οίκησιν</span> 
     </span>
     <span class='ocr_line' id='line_1_22' title="bbox 306 2274 440 2356; baseline 0 -22"><span class='ocrx_word' id='word_1_161' title='bbox 306 2274 440 2356; x_wconf 84' lang='grc' dir='ltr'>χρέονται.</span> 
     </span>
    </p>

    <p class='ocr_par' dir='ltr' id='par_1_5' title="bbox 262 2363 1030 3054">
     <span class='ocr_line' id='line_1_23' title="bbox 346 2363 1024 2442; baseline 0.001 -20"><span class='ocrx_word' id='word_1_162' title='bbox 346 2363 523 2442; x_wconf 76' lang='lat' dir='ltr'><strong>[Simplicius</strong></span> <span class='ocrx_word' id='word_1_163' title='bbox 535 2364 696 2422; x_wconf 88' lang='lat' dir='ltr'><strong>Comruent.</strong></span> <span class='ocrx_word' id='word_1_164' title='bbox 703 2367 734 2424; x_wconf 90' lang='lat' dir='ltr'>in</span> <span class='ocrx_word' id='word_1_165' title='bbox 743 2366 862 2423; x_wconf 82' lang='lat' dir='ltr'><strong>Aristot.</strong></span> <span class='ocrx_word' id='word_1_166' title='bbox 870 2364 960 2442; x_wconf 80' lang='lat' dir='ltr'><strong>Phys.</strong></span> <span class='ocrx_word' id='word_1_167' title='bbox 975 2365 1024 2423; x_wconf 87' lang='lat' dir='ltr'><strong>lol.</strong></span> 
     </span>
     <span class='ocr_line' id='line_1_24' title="bbox 309 2448 1027 2530; baseline -0.001 -22"><span class='ocrx_word' id='word_1_168' title='bbox 309 2449 346 2508; x_wconf 82' lang='lat'>33</span> <span class='ocrx_word' id='word_1_169' title='bbox 370 2450 404 2526; x_wconf 91' lang='lat' dir='ltr'>b,</span> <span class='ocrx_word' id='word_1_170' title='bbox 420 2450 472 2509; x_wconf 91' lang='lat' dir='ltr'>ubi</span> <span class='ocrx_word' id='word_1_171' title='bbox 489 2451 563 2509; x_wconf 86' lang='lat' dir='ltr'><strong>hanc</strong></span> <span class='ocrx_word' id='word_1_172' title='bbox 575 2452 697 2528; x_wconf 90' lang='lat' dir='ltr'><strong>apponit</strong></span> <span class='ocrx_word' id='word_1_173' title='bbox 709 2452 931 2530; x_wconf 69' lang='lat' dir='ltr'><strong>explicationem</strong></span> <span class='ocrx_word' id='word_1_174' title='bbox 952 2473 959 2508; x_wconf 92' lang='lat'><strong>:</strong></span> <span class='ocrx_word' id='word_1_175' title='bbox 982 2448 1027 2509; x_wconf 76' lang='grc' dir='ltr'>καί</span> 
     </span>
     <span class='ocr_line' id='line_1_25' title="bbox 307 2536 1027 2619; baseline 0 -24"><span class='ocrx_word' id='word_1_176' title='bbox 307 2536 349 2595; x_wconf 79' lang='grc' dir='ltr'>ὅτι</span> <span class='ocrx_word' id='word_1_177' title='bbox 369 2539 416 2614; x_wconf 85' lang='grc' dir='ltr'>μὲν</span> <span class='ocrx_word' id='word_1_178' title='bbox 436 2537 526 2616; x_wconf 82' lang='grc' dir='ltr'>ἑτέραν</span> <span class='ocrx_word' id='word_1_179' title='bbox 543 2539 601 2598; x_wconf 75' lang='grc' dir='ltr'>τινὰ</span> <span class='ocrx_word' id='word_1_180' title='bbox 620 2538 792 2615; x_wconf 85' lang='grc' dir='ltr'>διακόσμησιν</span> <span class='ocrx_word' id='word_1_181' title='bbox 816 2539 888 2616; x_wconf 76' lang='grc' dir='ltr'>παρὰ</span> <span class='ocrx_word' id='word_1_182' title='bbox 902 2538 949 2608; x_wconf 83' lang='grc' dir='ltr'>τήν</span> <span class='ocrx_word' id='word_1_183' title='bbox 962 2542 1027 2619; x_wconf 88' lang='grc' dir='ltr'>παρ’</span> 
     </span>
     <span class='ocr_line' id='line_1_26' title="bbox 308 2625 1029 2706; baseline 0.003 -24"><span class='ocrx_word' id='word_1_184' title='bbox 308 2629 373 2702; x_wconf 81' lang='grc' dir='ltr'>ἡμῖν</span> <span class='ocrx_word' id='word_1_185' title='bbox 390 2627 545 2698; x_wconf 79' lang='grc' dir='ltr'>αἰνίττεται,</span> <span class='ocrx_word' id='word_1_186' title='bbox 561 2625 685 2695; x_wconf 69' lang='grc' dir='ltr'>δηλοῖ-τὺ</span> <span class='ocrx_word' id='word_1_187' title='bbox 702 2626 790 2705; x_wconf 83' lang='grc' dir='ltr'>ὥσπερ</span> <span class='ocrx_word' id='word_1_188' title='bbox 816 2626 878 2701; x_wconf 87' lang='grc' dir='ltr'>παρ’</span> <span class='ocrx_word' id='word_1_189' title='bbox 893 2631 957 2704; x_wconf 80' lang='grc' dir='ltr'>ἡμῖν</span> <span class='ocrx_word' id='word_1_190' title='bbox 980 2630 1029 2706; x_wconf 79' lang='grc' dir='ltr'>οὐχ</span> 
     </span>
     <span class='ocr_line' id='line_1_27' title="bbox 310 2712 1026 2792; baseline 0.004 -21"><span class='ocrx_word' id='word_1_191' title='bbox 310 2712 380 2781; x_wconf 76' lang='grc' dir='ltr'>ἅπαξ</span> <span class='ocrx_word' id='word_1_192' title='bbox 392 2712 536 2792; x_wconf 81' lang='grc' dir='ltr'>εἰρημένον.</span> <span class='ocrx_word' id='word_1_193' title='bbox 549 2714 622 2772; x_wconf 75' lang='lat' dir='ltr'><strong>ndu.</strong></span> <span class='ocrx_word' id='word_1_194' title='bbox 638 2715 723 2790; x_wconf 84' lang='lat' dir='ltr'><strong>Diog.</strong></span> <span class='ocrx_word' id='word_1_195' title='bbox 737 2715 832 2777; x_wconf 86' lang='lat' dir='ltr'><strong>Laert.</strong></span> <span class='ocrx_word' id='word_1_196' title='bbox 856 2714 908 2774; x_wconf 93' lang='lat' dir='ltr'><strong>lib.</strong></span> <span class='ocrx_word' id='word_1_197' title='bbox 929 2715 969 2786; x_wconf 90' lang='lat' dir='ltr'>ii,</span> <span class='ocrx_word' id='word_1_198' title='bbox 985 2718 1002 2772; x_wconf 83' lang='lat'>6</span> <span class='ocrx_word' id='word_1_199' title='bbox 1016 2736 1026 2774; x_wconf 79' lang='grc' dir='ltr'>ε</span> 
     </span>
     <span class='ocr_line' id='line_1_28' title="bbox 309 2799 1029 2880; baseline 0 -22"><span class='ocrx_word' id='word_1_200' title='bbox 309 2800 357 2872; x_wconf 80' lang='grc' dir='ltr'>τήν</span> <span class='ocrx_word' id='word_1_201' title='bbox 372 2800 481 2872; x_wconf 80' lang='grc' dir='ltr'>σελήνην</span> <span class='ocrx_word' id='word_1_202' title='bbox 497 2801 609 2872; x_wconf 76' lang='grc' dir='ltr'>οἰκήσεις</span> <span class='ocrx_word' id='word_1_203' title='bbox 632 2799 712 2880; x_wconf 79' lang='grc' dir='ltr'>ἔχειν,</span> <span class='ocrx_word' id='word_1_204' title='bbox 727 2803 795 2860; x_wconf 75' lang='grc' dir='ltr'>ἀλλὰ</span> <span class='ocrx_word' id='word_1_205' title='bbox 807 2802 850 2859; x_wconf 80' lang='grc' dir='ltr'>καί</span> <span class='ocrx_word' id='word_1_206' title='bbox 870 2802 962 2880; x_wconf 80' lang='grc' dir='ltr'>λόρους</span> <span class='ocrx_word' id='word_1_207' title='bbox 983 2801 1029 2860; x_wconf 84' lang='grc' dir='ltr'>καὶ</span> 
     </span>
     <span class='ocr_line' id='line_1_29' title="bbox 309 2885 844 2968; baseline 0.004 -24"><span class='ocrx_word' id='word_1_208' title='bbox 309 2885 456 2968; x_wconf 81' lang='grc' dir='ltr'>ιριίραγγας.</span> <span class='ocrx_word' id='word_1_209' title='bbox 473 2888 554 2946; x_wconf 87' lang='lat' dir='ltr'><strong>Coni.</strong></span> <span class='ocrx_word' id='word_1_210' title='bbox 568 2888 697 2965; x_wconf 85' lang='lat' dir='ltr'><strong>Simplic.</strong></span> <span class='ocrx_word' id='word_1_211' title='bbox 711 2889 759 2948; x_wconf 87' lang='lat' dir='ltr'>sol.</span> <span class='ocrx_word' id='word_1_212' title='bbox 775 2891 792 2946; x_wconf 82' lang='lat'><em>8</em></span> <span class='ocrx_word' id='word_1_213' title='bbox 807 2888 844 2964; x_wconf 79' lang='lat' dir='ltr'>a.)</span> 
     </span>
     <span class='ocr_line' id='line_1_30' title="bbox 262 2974 1030 3054; baseline -0.005 -16"><span class='ocrx_word' id='word_1_214' title='bbox 262 2998 295 3040; x_wconf 86' lang='lat' dir='ltr'>tt.</span> <span class='ocrx_word' id='word_1_215' title='bbox 309 2976 388 3038; x_wconf 81' lang='grc' dir='ltr'>Οότω</span> <span class='ocrx_word' id='word_1_216' title='bbox 405 2975 516 3035; x_wconf 86' lang='grc' dir='ltr'>τουτέων</span> <span class='ocrx_word' id='word_1_217' title='bbox 536 2974 748 3053; x_wconf 86' lang='grc' dir='ltr'>περιχωρεόντων</span> <span class='ocrx_word' id='word_1_218' title='bbox 772 2998 801 3033; x_wconf 87' lang='grc' dir='ltr'>τι</span> <span class='ocrx_word' id='word_1_219' title='bbox 822 2975 867 3032; x_wconf 86' lang='grc' dir='ltr'>καί</span> <span class='ocrx_word' id='word_1_220' title='bbox 888 2977 1030 3054; x_wconf 84' lang='grc' dir='ltr'>οίποκρινο-</span> 
     </span>
    </p>

    <p class='ocr_par' dir='ltr' id='par_1_6' title="bbox 311 3062 1031 3142">
     <span class='ocr_line' id='line_1_31' title="bbox 311 3062 1031 3142; baseline 0 -20"><span class='ocrx_word' id='word_1_221' title='bbox 311 3063 394 3142; x_wconf 86' lang='grc' dir='ltr'>μένων</span> <span class='ocrx_word' id='word_1_222' title='bbox 409 3063 459 3122; x_wconf 76' lang='grc' dir='ltr'>ὑπὸ</span> <span class='ocrx_word' id='word_1_223' title='bbox 479 3062 537 3140; x_wconf 87' lang='grc' dir='ltr'>βίης</span> <span class='ocrx_word' id='word_1_224' title='bbox 551 3086 580 3122; x_wconf 90' lang='grc' dir='ltr'>τε</span> <span class='ocrx_word' id='word_1_225' title='bbox 594 3063 638 3120; x_wconf 86' lang='grc' dir='ltr'>καὶ</span> <span class='ocrx_word' id='word_1_226' title='bbox 652 3067 804 3140; x_wconf 81' lang='grc' dir='ltr'>ταχυτῆτος.</span> <span class='ocrx_word' id='word_1_227' title='bbox 821 3063 885 3135; x_wconf 88' lang='grc' dir='ltr'>Βίην</span> <span class='ocrx_word' id='word_1_228' title='bbox 909 3065 936 3122; x_wconf 80' lang='grc' dir='ltr'>δέ</span> <span class='ocrx_word' id='word_1_229' title='bbox 952 3069 969 3134; x_wconf 83' lang='grc' dir='ltr'>ἡ</span> <span class='ocrx_word' id='word_1_230' title='bbox 984 3088 1031 3122; x_wconf 88' lang='grc' dir='ltr'>τα-</span> 
     </span>
    </p>

    <p class='ocr_par' dir='ltr' id='par_1_7' title="bbox 310 3149 1031 3319">
     <span class='ocr_line' id='line_1_32' title="bbox 311 3149 1031 3231; baseline -0.001 -22"><span class='ocrx_word' id='word_1_231' title='bbox 311 3149 394 3231; x_wconf 79' lang='grc' dir='ltr'>χυτλς</span> <span class='ocrx_word' id='word_1_232' title='bbox 416 3150 543 3222; x_wconf 81' lang='grc' dir='ltr'>ποιέει,ἡ</span> <span class='ocrx_word' id='word_1_233' title='bbox 566 3149 593 3208; x_wconf 82' lang='grc' dir='ltr'>δὲ</span> <span class='ocrx_word' id='word_1_234' title='bbox 606 3151 722 3228; x_wconf 80' lang='grc' dir='ltr'>ταχυτὴς</span> <span class='ocrx_word' id='word_1_235' title='bbox 736 3151 833 3209; x_wconf 85' lang='grc' dir='ltr'>αὐτέων</span> <span class='ocrx_word' id='word_1_236' title='bbox 857 3152 941 3209; x_wconf 80' lang='grc' dir='ltr'>οὐδενί</span> <span class='ocrx_word' id='word_1_237' title='bbox 962 3149 1031 3209; x_wconf 89' lang='grc' dir='ltr'>έοικε</span> 
     </span>
     <span class='ocr_line' id='line_1_33' title="bbox 310 3235 1030 3319; baseline 0.003 -25"><span class='ocrx_word' id='word_1_238' title='bbox 310 3237 430 3319; x_wconf 82' lang='grc' dir='ltr'>χρήματι</span> <span class='ocrx_word' id='word_1_239' title='bbox 444 3235 490 3308; x_wconf 77' lang='grc' dir='ltr'>τήν</span> <span class='ocrx_word' id='word_1_240' title='bbox 502 3241 636 3316; x_wconf 76' lang='grc' dir='ltr'>ταχυτῆτα</span> <span class='ocrx_word' id='word_1_241' title='bbox 652 3240 703 3294; x_wconf 80' lang='grc' dir='ltr'>τῶν</span> <span class='ocrx_word' id='word_1_242' title='bbox 718 3244 761 3296; x_wconf 80' lang='grc' dir='ltr'>νῦν</span> <span class='ocrx_word' id='word_1_243' title='bbox 777 3237 869 3297; x_wconf 81' lang='grc' dir='ltr'>ἐόντων</span> <span class='ocrx_word' id='word_1_244' title='bbox 885 3239 1030 3315; x_wconf 80' lang='grc' dir='ltr'>χρημάτων</span> 
     </span>
    </p>

    <p class='ocr_par' dir='ltr' id='par_1_8' title="bbox 313 3323 1031 3406">
     <span class='ocr_line' id='line_1_34' title="bbox 313 3323 1031 3406; baseline 0 -22"><span class='ocrx_word' id='word_1_245' title='bbox 313 3329 339 3385; x_wconf 78' lang='lat' dir='ltr'>lv</span> <span class='ocrx_word' id='word_1_246' title='bbox 353 3327 527 3406; x_wconf 78' lang='grc' dir='ltr'>ἀνθρώποισι,</span> <span class='ocrx_word' id='word_1_247' title='bbox 541 3323 610 3384; x_wconf 72' lang='grc' dir='ltr'>ἀλλὰ</span> <span class='ocrx_word' id='word_1_248' title='bbox 626 3325 729 3392; x_wconf 75' lang='grc' dir='ltr'>πάντως</span> <span class='ocrx_word' id='word_1_249' title='bbox 741 3326 945 3393; x_wconf 85' lang='grc' dir='ltr'>πολλαπλασίως</span> <span class='ocrx_word' id='word_1_250' title='bbox 963 3325 1031 3406; x_wconf 83' lang='grc' dir='ltr'>ταχύ</span> 
     </span>
    </p>

    <p class='ocr_par' dir='ltr' id='par_1_9' title="bbox 311 3417 376 3474">
     <span class='ocr_line' id='line_1_35' title="bbox 311 3417 376 3474; baseline 0.015 -2"><span class='ocrx_word' id='word_1_251' title='bbox 311 3417 376 3474; x_wconf 79' lang='grc' dir='ltr'>ἐστι.</span> 
     </span>
    </p>

    <p class='ocr_par' dir='ltr' id='par_1_10' title="bbox 280 3500 1030 3686">
     <span class='ocr_line' id='line_1_36' title="bbox 354 3500 1029 3580; baseline -0.006 -21"><span class='ocrx_word' id='word_1_252' title='bbox 354 3501 533 3580; x_wconf 85' lang='lat' dir='ltr'><strong>(Simplicius</strong></span> <span class='ocrx_word' id='word_1_253' title='bbox 559 3500 718 3562; x_wconf 89' lang='lat' dir='ltr'><strong>Comment.</strong></span> <span class='ocrx_word' id='word_1_254' title='bbox 744 3502 776 3558; x_wconf 90' lang='lat' dir='ltr'>in</span> <span class='ocrx_word' id='word_1_255' title='bbox 803 3501 922 3559; x_wconf 82' lang='lat' dir='ltr'><strong>Aristot.</strong></span> <span class='ocrx_word' id='word_1_256' title='bbox 940 3501 1029 3579; x_wconf 84' lang='lat' dir='ltr'><strong>Phys.</strong></span> 
     </span>
     <span class='ocr_line' id='line_1_37' title="bbox 280 3579 1030 3686; baseline -0.003 -38"><span class='ocrx_word' id='word_1_257' title='bbox 280 3663 282 3668; x_wconf 68' lang='lat'>,</span> <span class='ocrx_word' id='word_1_258' title='bbox 314 3591 364 3648; x_wconf 88' lang='lat' dir='ltr'><strong>iot.</strong></span> <span class='ocrx_word' id='word_1_259' title='bbox 385 3588 579 3647; x_wconf 77' lang='grc' dir='ltr'>θαιείκουσον</span> <span class='ocrx_word' id='word_1_260' title='bbox 603 3588 630 3645; x_wconf 83' lang='grc' dir='ltr'>δὲ</span> <span class='ocrx_word' id='word_1_261' title='bbox 652 3579 694 3645; x_wconf 78' lang='grc' dir='ltr'>οἶα</span> <span class='ocrx_word' id='word_1_262' title='bbox 712 3587 758 3645; x_wconf 79' lang='grc' dir='ltr'>καὶ</span> <span class='ocrx_word' id='word_1_263' title='bbox 774 3589 831 3662; x_wconf 84' lang='grc' dir='ltr'>μετ’</span> <span class='ocrx_word' id='word_1_264' title='bbox 854 3587 930 3666; x_wconf 84' lang='grc' dir='ltr'>ὀλίγα</span> <span class='ocrx_word' id='word_1_265' title='bbox 954 3588 1030 3686; x_wconf 55' lang='grc' dir='ltr'>μησὶν</span> 
     </span>
    </p>
   </div>
   <div class='ocr_carea' id='block_1_4' title="bbox 777 319 1382 387">
    <p class='ocr_par' dir='ltr' id='par_1_11' title="bbox 777 319 1382 387">
     <span class='ocr_line' id='line_1_38' title="bbox 777 319 1382 387; baseline 0.01 -7"><span class='ocrx_word' id='word_1_266' title='bbox 777 323 1028 384; x_wconf 79' lang='lat' dir='ltr'>ANAXAGORAE</span> <span class='ocrx_word' id='word_1_267' title='bbox 1049 323 1294 387; x_wconf 74' lang='lat' dir='ltr'><strong>intentiori.</strong></span> <span class='ocrx_word' id='word_1_268' title='bbox 1378 319 1382 328; x_wconf 58' lang='lat'><strong>¹</strong></span> 
     </span>
    </p>
   </div>
   <div class='ocr_carea' id='block_1_5' title="bbox 1122 456 1833 1142">
    <p class='ocr_par' dir='ltr' id='par_1_12' title="bbox 1122 456 1833 1142">
     <span class='ocr_line' id='line_1_39' title="bbox 1122 456 1829 532; baseline 0.001 -19"><span class='ocrx_word' id='word_1_269' title='bbox 1122 458 1191 514; x_wconf 90' lang='lat' dir='ltr'><strong>olim</strong></span> <span class='ocrx_word' id='word_1_270' title='bbox 1211 458 1249 515; x_wconf 90' lang='lat' dir='ltr'>ab</span> <span class='ocrx_word' id='word_1_271' title='bbox 1272 456 1412 532; x_wconf 88' lang='lat' dir='ltr'><strong>indigesta</strong></span> <span class='ocrx_word' id='word_1_272' title='bbox 1430 457 1506 514; x_wconf 89' lang='lat' dir='ltr'><strong>mole</strong></span> <span class='ocrx_word' id='word_1_273' title='bbox 1520 467 1666 531; x_wconf 86' lang='lat' dir='ltr'><strong>segregata</strong></span> <span class='ocrx_word' id='word_1_274' title='bbox 1687 457 1829 514; x_wconf 81' lang='lat' dir='ltr'><strong>suntsed</strong></span> 
     </span>
     <span class='ocr_line' id='line_1_40' title="bbox 1123 544 1828 620; baseline -0.003 -18"><span class='ocrx_word' id='word_1_275' title='bbox 1123 544 1223 602; x_wconf 86' lang='lat' dir='ltr'><strong>eodem</strong></span> <span class='ocrx_word' id='word_1_276' title='bbox 1245 559 1324 604; x_wconf 87' lang='lat' dir='ltr'><strong>motu</strong></span> <span class='ocrx_word' id='word_1_277' title='bbox 1348 545 1434 604; x_wconf 87' lang='lat' dir='ltr'><strong>etiam</strong></span> <span class='ocrx_word' id='word_1_278' title='bbox 1456 563 1533 601; x_wconf 88' lang='lat' dir='ltr'><strong>nunc</strong></span> <span class='ocrx_word' id='word_1_279' title='bbox 1548 544 1828 620; x_wconf 84' lang='lat' dir='ltr'><strong>feruntur‚quoniarn</strong></span> 
     </span>
     <span class='ocr_line' id='line_1_41' title="bbox 1129 629 1831 708; baseline -0.001 -19"><span class='ocrx_word' id='word_1_280' title='bbox 1129 634 1214 690; x_wconf 89' lang='lat' dir='ltr'><strong>durat</strong></span> <span class='ocrx_word' id='word_1_281' title='bbox 1239 633 1332 690; x_wconf 87' lang='lat' dir='ltr'><strong>adhue</strong></span> <span class='ocrx_word' id='word_1_282' title='bbox 1365 629 1450 708; x_wconf 79' lang='lat' dir='ltr'><strong>atque</strong></span> <span class='ocrx_word' id='word_1_283' title='bbox 1479 631 1551 688; x_wconf 87' lang='lat' dir='ltr'><strong>adeo</strong></span> <span class='ocrx_word' id='word_1_284' title='bbox 1573 630 1604 688; x_wconf 93' lang='lat' dir='ltr'>in</span> <span class='ocrx_word' id='word_1_285' title='bbox 1628 643 1756 688; x_wconf 77' lang='lat' dir='ltr'><strong>aeternum</strong></span> <span class='ocrx_word' id='word_1_286' title='bbox 1782 632 1831 688; x_wconf 89' lang='lat' dir='ltr'>du·</span> 
     </span>
     <span class='ocr_line' id='line_1_42' title="bbox 1124 717 1830 796; baseline -0.004 -19"><span class='ocrx_word' id='word_1_287' title='bbox 1124 720 1209 778; x_wconf 89' lang='lat' dir='ltr'><strong>rabit.</strong></span> <span class='ocrx_word' id='word_1_288' title='bbox 1223 718 1383 776; x_wconf 82' lang='lat' dir='ltr'>Verborum</span> <span class='ocrx_word' id='word_1_289' title='bbox 1402 731 1551 776; x_wconf 75' lang='lat' dir='ltr'><strong>structurae</strong></span> <span class='ocrx_word' id='word_1_290' title='bbox 1573 721 1591 787; x_wconf 80' lang='grc' dir='ltr'>ή</span> <span class='ocrx_word' id='word_1_291' title='bbox 1613 717 1641 776; x_wconf 80' lang='grc' dir='ltr'>δὲ</span> <span class='ocrx_word' id='word_1_292' title='bbox 1662 718 1768 796; x_wconf 77' lang='grc' dir='ltr'>ταχυτὴς</span> <span class='ocrx_word' id='word_1_293' title='bbox 1783 721 1830 774; x_wconf 80' lang='grc' dir='ltr'>αὐ-</span> 
     </span>
     <span class='ocr_line' id='line_1_43' title="bbox 1122 803 1831 882; baseline -0.007 -18"><span class='ocrx_word' id='word_1_294' title='bbox 1122 805 1187 864; x_wconf 86' lang='grc' dir='ltr'>τέων</span> <span class='ocrx_word' id='word_1_295' title='bbox 1198 805 1280 864; x_wconf 80' lang='grc' dir='ltr'>οὗδενί</span> <span class='ocrx_word' id='word_1_296' title='bbox 1304 803 1371 862; x_wconf 83' lang='grc' dir='ltr'>έοικε</span> <span class='ocrx_word' id='word_1_297' title='bbox 1393 804 1512 882; x_wconf 85' lang='grc' dir='ltr'>χρήματι</span> <span class='ocrx_word' id='word_1_298' title='bbox 1528 805 1575 875; x_wconf 80' lang='grc' dir='ltr'>τὴν</span> <span class='ocrx_word' id='word_1_299' title='bbox 1587 809 1720 882; x_wconf 73' lang='grc' dir='ltr'>ταχυτῆτα</span> <span class='ocrx_word' id='word_1_300' title='bbox 1733 818 1759 862; x_wconf 93' lang='lat' dir='ltr'>et</span> <span class='ocrx_word' id='word_1_301' title='bbox 1773 812 1790 874; x_wconf 68' lang='grc' dir='ltr'><strong>ἡ</strong></span> <span class='ocrx_word' id='word_1_302' title='bbox 1806 809 1831 862; x_wconf 74' lang='grc' dir='ltr'>δὲ</span> 
     </span>
     <span class='ocr_line' id='line_1_44' title="bbox 1126 891 1833 972; baseline -0.006 -21"><span class='ocrx_word' id='word_1_303' title='bbox 1126 892 1242 972; x_wconf 72' lang='grc' dir='ltr'>ταχυτὴς</span> <span class='ocrx_word' id='word_1_304' title='bbox 1254 892 1357 956; x_wconf 80' lang='grc' dir='ltr'>πόντιος</span> <span class='ocrx_word' id='word_1_305' title='bbox 1371 891 1572 958; x_wconf 85' lang='grc' dir='ltr'>πολλαπλασίως</span> <span class='ocrx_word' id='word_1_306' title='bbox 1584 893 1652 971; x_wconf 83' lang='grc' dir='ltr'>ταχεί</span> <span class='ocrx_word' id='word_1_307' title='bbox 1666 893 1719 950; x_wconf 83' lang='grc' dir='ltr'>ἐστι</span> <span class='ocrx_word' id='word_1_308' title='bbox 1727 893 1833 965; x_wconf 83' lang='lat' dir='ltr'><strong>elegen·</strong></span> 
     </span>
     <span class='ocr_line' id='line_1_45' title="bbox 1126 978 1833 1054; baseline -0.008 -16"><span class='ocrx_word' id='word_1_309' title='bbox 1126 996 1182 1038; x_wconf 90' lang='lat' dir='ltr'>tem</span> <span class='ocrx_word' id='word_1_310' title='bbox 1202 998 1361 1037; x_wconf 87' lang='lat' dir='ltr'><strong>sermonem</strong></span> <span class='ocrx_word' id='word_1_311' title='bbox 1383 999 1441 1036; x_wconf 94' lang='lat' dir='ltr'>non</span> <span class='ocrx_word' id='word_1_312' title='bbox 1463 978 1576 1049; x_wconf 79' lang='lat' dir='ltr'><strong>decent,</strong></span> <span class='ocrx_word' id='word_1_313' title='bbox 1597 978 1647 1037; x_wconf 89' lang='lat' dir='ltr'>sed</span> <span class='ocrx_word' id='word_1_314' title='bbox 1662 978 1833 1054; x_wconf 78' lang='lat' dir='ltr'><strong>antiquitatis</strong></span> 
     </span>
     <span class='ocr_line' id='line_1_46' title="bbox 1125 1065 1474 1142; baseline 0 -18"><span class='ocrx_word' id='word_1_315' title='bbox 1125 1069 1334 1124; x_wconf 88' lang='lat' dir='ltr'><strong>excusationem</strong></span> <span class='ocrx_word' id='word_1_316' title='bbox 1351 1065 1474 1142; x_wconf 79' lang='lat' dir='ltr'><strong>habent)</strong></span> 
     </span>
    </p>
   </div>
   <div class='ocr_carea' id='block_1_6' title="bbox 1069 1133 1832 1214">
    <p class='ocr_par' dir='ltr' id='par_1_13' title="bbox 1069 1133 1832 1214">
     <span class='ocr_line' id='line_1_47' title="bbox 1069 1133 1832 1214; baseline -0.01 -8"><span class='ocrx_word' id='word_1_317' title='bbox 1069 1167 1103 1209; x_wconf 80' lang='lat' dir='ltr'>ta.</span> <span class='ocrx_word' id='word_1_318' title='bbox 1123 1145 1157 1206; x_wconf 89' lang='grc' dir='ltr'><strong>Ὁ</strong></span> <span class='ocrx_word' id='word_1_319' title='bbox 1170 1145 1196 1204; x_wconf 83' lang='grc' dir='ltr'>δὲ</span> <span class='ocrx_word' id='word_1_320' title='bbox 1207 1145 1263 1209; x_wconf 89' lang='grc' dir='ltr'>νόος</span> <span class='ocrx_word' id='word_1_321' title='bbox 1277 1143 1325 1200; x_wconf 82' lang='grc' dir='ltr'>ὅσα</span> <span class='ocrx_word' id='word_1_322' title='bbox 1340 1141 1413 1201; x_wconf 85' lang='grc' dir='ltr'>έσται</span> <span class='ocrx_word' id='word_1_323' title='bbox 1428 1141 1512 1201; x_wconf 78' lang='grc' dir='ltr'>τεκαὶ</span> <span class='ocrx_word' id='word_1_324' title='bbox 1523 1147 1567 1200; x_wconf 83' lang='grc' dir='ltr'>ν’ῠν</span> <span class='ocrx_word' id='word_1_325' title='bbox 1582 1141 1638 1202; x_wconf 79' lang='grc' dir='ltr'>ἔστι</span> <span class='ocrx_word' id='word_1_326' title='bbox 1650 1142 1694 1200; x_wconf 77' lang='grc' dir='ltr'>καί</span> <span class='ocrx_word' id='word_1_327' title='bbox 1705 1133 1734 1214; x_wconf 76' lang='grc' dir='ltr'>ήν</span> <span class='ocrx_word' id='word_1_328' title='bbox 1745 1143 1789 1199; x_wconf 83' lang='grc' dir='ltr'>καί</span> <span class='ocrx_word' id='word_1_329' title='bbox 1802 1143 1832 1198; x_wconf 69' lang='grc' dir='ltr'>τί</span> 
     </span>
    </p>
   </div>
   <div class='ocr_carea' id='block_1_7' title="bbox 1124 1226 1834 2260">
    <p class='ocr_par' dir='ltr' id='par_1_14' title="bbox 1124 1226 1833 1476">
     <span class='ocr_line' id='line_1_48' title="bbox 1127 1226 1833 1307; baseline -0.008 -19"><span class='ocrx_word' id='word_1_330' title='bbox 1127 1231 1195 1288; x_wconf 81' lang='grc' dir='ltr'>ἄλλα</span> <span class='ocrx_word' id='word_1_331' title='bbox 1209 1229 1295 1286; x_wconf 83' lang='grc' dir='ltr'>πάντα</span> <span class='ocrx_word' id='word_1_332' title='bbox 1310 1231 1335 1286; x_wconf 82' lang='grc' dir='ltr'>ἐν</span> <span class='ocrx_word' id='word_1_333' title='bbox 1349 1229 1387 1307; x_wconf 77' lang='grc' dir='ltr'>τῷ</span> <span class='ocrx_word' id='word_1_334' title='bbox 1398 1228 1483 1288; x_wconf 67' lang='grc' dir='ltr'>πολλὰ</span> <span class='ocrx_word' id='word_1_335' title='bbox 1498 1226 1645 1306; x_wconf 83' lang='grc' dir='ltr'>περιέχοντι</span> <span class='ocrx_word' id='word_1_336' title='bbox 1663 1229 1707 1286; x_wconf 84' lang='grc' dir='ltr'>καὶ</span> <span class='ocrx_word' id='word_1_337' title='bbox 1727 1231 1751 1286; x_wconf 82' lang='grc' dir='ltr'>ἐν</span> <span class='ocrx_word' id='word_1_338' title='bbox 1768 1235 1833 1284; x_wconf 82' lang='grc' dir='ltr'>τοῖσι</span> 
     </span>
     <span class='ocr_line' id='line_1_49' title="bbox 1124 1313 1832 1396; baseline -0.01 -20"><span class='ocrx_word' id='word_1_339' title='bbox 1124 1315 1302 1396; x_wconf 84' lang='grc' dir='ltr'>προσκριθιῖσι</span> <span class='ocrx_word' id='word_1_340' title='bbox 1315 1314 1363 1372; x_wconf 72' lang='grc' dir='ltr'>καί</span> <span class='ocrx_word' id='word_1_341' title='bbox 1383 1317 1409 1374; x_wconf 77' lang='grc' dir='ltr'>έν</span> <span class='ocrx_word' id='word_1_342' title='bbox 1431 1323 1498 1374; x_wconf 81' lang='grc' dir='ltr'>τοῖσι</span> <span class='ocrx_word' id='word_1_343' title='bbox 1519 1313 1832 1392; x_wconf 80' lang='grc' dir='ltr'>ἀποκεκριμένοισικόρτα</span> 
     </span>
     <span class='ocr_line' id='line_1_50' title="bbox 1126 1403 1291 1476; baseline -0.006 -12"><span class='ocrx_word' id='word_1_344' title='bbox 1126 1403 1291 1476; x_wconf 86' lang='grc' dir='ltr'>διεκόσμησε.</span> 
     </span>
    </p>

    <p class='ocr_par' dir='ltr' id='par_1_15' title="bbox 1128 1486 1834 2260">
     <span class='ocr_line' id='line_1_51' title="bbox 1167 1486 1830 1570; baseline -0.005 -24"><span class='ocrx_word' id='word_1_345' title='bbox 1167 1490 1345 1570; x_wconf 79' lang='lat' dir='ltr'><strong>(Simplicius</strong></span> <span class='ocrx_word' id='word_1_346' title='bbox 1369 1488 1528 1546; x_wconf 88' lang='lat' dir='ltr'><strong>Comment.</strong></span> <span class='ocrx_word' id='word_1_347' title='bbox 1556 1489 1587 1545; x_wconf 91' lang='lat' dir='ltr'>in</span> <span class='ocrx_word' id='word_1_348' title='bbox 1612 1487 1729 1545; x_wconf 81' lang='lat' dir='ltr'><strong>Aristot.</strong></span> <span class='ocrx_word' id='word_1_349' title='bbox 1749 1486 1830 1562; x_wconf 80' lang='lat' dir='ltr'><strong>Phys.</strong></span> 
     </span>
     <span class='ocr_line' id='line_1_52' title="bbox 1129 1573 1834 1650; baseline -0.007 -15"><span class='ocrx_word' id='word_1_350' title='bbox 1129 1578 1179 1636; x_wconf 80' lang='lat' dir='ltr'>sol.</span> <span class='ocrx_word' id='word_1_351' title='bbox 1199 1577 1234 1633; x_wconf 85' lang='lat'>33</span> <span class='ocrx_word' id='word_1_352' title='bbox 1249 1575 1269 1634; x_wconf 89' lang='lat' dir='ltr'>b</span> <span class='ocrx_word' id='word_1_353' title='bbox 1287 1598 1293 1632; x_wconf 92' lang='lat'>:</span> <span class='ocrx_word' id='word_1_354' title='bbox 1308 1573 1347 1634; x_wconf 83' lang='grc' dir='ltr'>ότι</span> <span class='ocrx_word' id='word_1_355' title='bbox 1361 1575 1388 1633; x_wconf 76' lang='grc' dir='ltr'>δὲ</span> <span class='ocrx_word' id='word_1_356' title='bbox 1403 1574 1490 1645; x_wconf 87' lang='grc' dir='ltr'>διττήν</span> <span class='ocrx_word' id='word_1_357' title='bbox 1504 1598 1561 1632; x_wconf 87' lang='grc' dir='ltr'>τινα</span> <span class='ocrx_word' id='word_1_358' title='bbox 1574 1574 1742 1650; x_wconf 76' lang='grc' dir='ltr'>διακόσμησιν</span> <span class='ocrx_word' id='word_1_359' title='bbox 1752 1575 1834 1631; x_wconf 76' lang='grc' dir='ltr'>ὑποτί-</span> 
     </span>
     <span class='ocr_line' id='line_1_53' title="bbox 1129 1659 1832 1739; baseline -0.01 -18"><span class='ocrx_word' id='word_1_360' title='bbox 1129 1669 1218 1735; x_wconf 89' lang='grc' dir='ltr'>θεται,</span> <span class='ocrx_word' id='word_1_361' title='bbox 1233 1662 1280 1734; x_wconf 77' lang='grc' dir='ltr'>τήν</span> <span class='ocrx_word' id='word_1_362' title='bbox 1303 1660 1348 1738; x_wconf 78' lang='grc' dir='ltr'>μὲν</span> <span class='ocrx_word' id='word_1_363' title='bbox 1372 1661 1474 1739; x_wconf 84' lang='grc' dir='ltr'>νοιρυίν,</span> <span class='ocrx_word' id='word_1_364' title='bbox 1494 1659 1542 1732; x_wconf 80' lang='grc' dir='ltr'>τὴν</span> <span class='ocrx_word' id='word_1_365' title='bbox 1566 1660 1593 1720; x_wconf 83' lang='grc' dir='ltr'>δὲ</span> <span class='ocrx_word' id='word_1_366' title='bbox 1614 1660 1748 1732; x_wconf 78' lang='grc' dir='ltr'>αἰσθητήν,</span> <span class='ocrx_word' id='word_1_367' title='bbox 1762 1661 1832 1728; x_wconf 63' lang='grc' dir='ltr'>δῆλον</span> 
     </span>
     <span class='ocr_line' id='line_1_54' title="bbox 1129 1745 1832 1826; baseline -0.009 -20"><span class='ocrx_word' id='word_1_368' title='bbox 1129 1750 1175 1825; x_wconf 78' lang='grc' dir='ltr'>μέν</span> <span class='ocrx_word' id='word_1_369' title='bbox 1192 1750 1236 1809; x_wconf 88' lang='grc' dir='ltr'>καί</span> <span class='ocrx_word' id='word_1_370' title='bbox 1250 1751 1279 1806; x_wconf 83' lang='grc' dir='ltr'>ίκ</span> <span class='ocrx_word' id='word_1_371' title='bbox 1293 1752 1344 1806; x_wconf 79' lang='grc' dir='ltr'>τῶν</span> <span class='ocrx_word' id='word_1_372' title='bbox 1359 1745 1514 1826; x_wconf 84' lang='grc' dir='ltr'>εἰρημένων,</span> <span class='ocrx_word' id='word_1_373' title='bbox 1530 1749 1606 1818; x_wconf 81' lang='grc' dir='ltr'>δῆλον</span> <span class='ocrx_word' id='word_1_374' title='bbox 1622 1747 1649 1805; x_wconf 82' lang='grc' dir='ltr'>δὲ</span> <span class='ocrx_word' id='word_1_375' title='bbox 1661 1749 1705 1805; x_wconf 81' lang='grc' dir='ltr'>καί</span> <span class='ocrx_word' id='word_1_376' title='bbox 1716 1749 1832 1804; x_wconf 73' lang='grc' dir='ltr'>έκτιῗινίε·</span> 
     </span>
     <span class='ocr_line' id='line_1_55' title="bbox 1129 1832 1831 1915; baseline -0.009 -19"><span class='ocrx_word' id='word_1_377' title='bbox 1129 1839 1184 1896; x_wconf 77' lang='grc' dir='ltr'>ὁδί</span> <span class='ocrx_word' id='word_1_378' title='bbox 1198 1843 1255 1904; x_wconf 78' lang='grc' dir='ltr'>νοῦς</span> <span class='ocrx_word' id='word_1_379' title='bbox 1269 1837 1317 1896; x_wconf 86' lang='grc' dir='ltr'>θσα</span> <span class='ocrx_word' id='word_1_380' title='bbox 1332 1836 1386 1893; x_wconf 79' lang='grc' dir='ltr'>έστί</span> <span class='ocrx_word' id='word_1_381' title='bbox 1400 1858 1428 1892; x_wconf 87' lang='grc' dir='ltr'>τε</span> <span class='ocrx_word' id='word_1_382' title='bbox 1445 1833 1520 1914; x_wconf 85' lang='lat' dir='ltr'><strong>[cod.</strong></span> <span class='ocrx_word' id='word_1_383' title='bbox 1536 1835 1562 1892; x_wconf 89' lang='lat' dir='ltr'>i)</span> <span class='ocrx_word' id='word_1_384' title='bbox 1586 1834 1659 1894; x_wconf 78' lang='grc' dir='ltr'>ἔσται</span> <span class='ocrx_word' id='word_1_385' title='bbox 1679 1832 1717 1915; x_wconf 81' lang='grc' dir='ltr'>τε]</span> <span class='ocrx_word' id='word_1_386' title='bbox 1740 1834 1831 1909; x_wconf 76' lang='grc' dir='ltr'>κέρεα,</span> 
     </span>
     <span class='ocr_line' id='line_1_56' title="bbox 1128 1920 1833 1998; baseline -0.01 -15"><span class='ocrx_word' id='word_1_387' title='bbox 1128 1926 1173 1984; x_wconf 80' lang='grc' dir='ltr'>καί</span> <span class='ocrx_word' id='word_1_388' title='bbox 1185 1930 1229 1983; x_wconf 85' lang='grc' dir='ltr'>ν’ὔν</span> <span class='ocrx_word' id='word_1_389' title='bbox 1242 1922 1320 1994; x_wconf 82' lang='grc' dir='ltr'>ἔστιν,</span> <span class='ocrx_word' id='word_1_390' title='bbox 1334 1921 1376 1981; x_wconf 81' lang='grc' dir='ltr'>ἵνα</span> <span class='ocrx_word' id='word_1_391' title='bbox 1387 1920 1433 1980; x_wconf 81' lang='grc' dir='ltr'>καί</span> <span class='ocrx_word' id='word_1_392' title='bbox 1444 1920 1478 1979; x_wconf 74' lang='grc' dir='ltr'>τὰ</span> <span class='ocrx_word' id='word_1_393' title='bbox 1492 1921 1559 1979; x_wconf 83' lang='grc' dir='ltr'>ἄλλα</span> <span class='ocrx_word' id='word_1_394' title='bbox 1570 1921 1657 1978; x_wconf 79' lang='grc' dir='ltr'>πάντα</span> <span class='ocrx_word' id='word_1_395' title='bbox 1673 1925 1698 1980; x_wconf 81' lang='grc' dir='ltr'>έν</span> <span class='ocrx_word' id='word_1_396' title='bbox 1709 1927 1745 1998; x_wconf 79' lang='grc' dir='ltr'>τῷ</span> <span class='ocrx_word' id='word_1_397' title='bbox 1756 1921 1833 1978; x_wconf 65' lang='grc' dir='ltr'>πολλὰ</span> 
     </span>
     <span class='ocr_line' id='line_1_57' title="bbox 1128 2007 1834 2090; baseline -0.011 -22"><span class='ocrx_word' id='word_1_398' title='bbox 1128 2009 1293 2090; x_wconf 86' lang='grc' dir='ltr'>περιέχοντι,</span> <span class='ocrx_word' id='word_1_399' title='bbox 1308 2007 1354 2068; x_wconf 86' lang='grc' dir='ltr'>καί</span> <span class='ocrx_word' id='word_1_400' title='bbox 1366 2011 1392 2066; x_wconf 79' lang='grc' dir='ltr'>έν</span> <span class='ocrx_word' id='word_1_401' title='bbox 1403 2017 1469 2066; x_wconf 89' lang='grc' dir='ltr'>τοῖσι</span> <span class='ocrx_word' id='word_1_402' title='bbox 1482 2012 1662 2086; x_wconf 85' lang='grc' dir='ltr'>προσκριθεῑσι</span> <span class='ocrx_word' id='word_1_403' title='bbox 1670 2007 1714 2066; x_wconf 84' lang='grc' dir='ltr'>καί</span> <span class='ocrx_word' id='word_1_404' title='bbox 1724 2010 1748 2065; x_wconf 85' lang='grc' dir='ltr'>ίν</span> <span class='ocrx_word' id='word_1_405' title='bbox 1761 2017 1834 2064; x_wconf 84' lang='grc' dir='ltr'>τοῖσιν</span> 
     </span>
     <span class='ocr_line' id='line_1_58' title="bbox 1131 2093 1833 2176; baseline -0.014 -18"><span class='ocrx_word' id='word_1_406' title='bbox 1131 2096 1368 2176; x_wconf 80' lang='grc' dir='ltr'>ἃπακεκριμένοισι.</span> <span class='ocrx_word' id='word_1_407' title='bbox 1381 2095 1488 2152; x_wconf 89' lang='lat' dir='ltr'><strong>Locum</strong></span> <span class='ocrx_word' id='word_1_408' title='bbox 1499 2093 1631 2150; x_wconf 89' lang='lat' dir='ltr'><strong>mutilum</strong></span> <span class='ocrx_word' id='word_1_409' title='bbox 1642 2107 1671 2150; x_wconf 89' lang='lat' dir='ltr'>et</span> <span class='ocrx_word' id='word_1_410' title='bbox 1680 2105 1833 2169; x_wconf 88' lang='lat' dir='ltr'><strong>corruptum</strong></span> 
     </span>
     <span class='ocr_line' id='line_1_59' title="bbox 1129 2181 1672 2260; baseline -0.011 -16"><span class='ocrx_word' id='word_1_411' title='bbox 1129 2186 1280 2244; x_wconf 83' lang='lat' dir='ltr'><strong>emendavi</strong></span> <span class='ocrx_word' id='word_1_412' title='bbox 1294 2197 1322 2242; x_wconf 92' lang='lat' dir='ltr'>et</span> <span class='ocrx_word' id='word_1_413' title='bbox 1334 2182 1469 2260; x_wconf 77' lang='lat' dir='ltr'><strong>supplevi</strong></span> <span class='ocrx_word' id='word_1_414' title='bbox 1483 2201 1499 2239; x_wconf 90' lang='lat' dir='ltr'>e</span> <span class='ocrx_word' id='word_1_415' title='bbox 1514 2181 1613 2256; x_wconf 81' lang='lat' dir='ltr'><strong>fragm.</strong></span> <span class='ocrx_word' id='word_1_416' title='bbox 1630 2183 1672 2254; x_wconf 87' lang='lat'>6.)</span> 
     </span>
    </p>
   </div>
   <div class='ocr_carea' id='block_1_8' title="bbox 1072 2267 1833 2351">
    <p class='ocr_par' dir='ltr' id='par_1_16' title="bbox 1072 2267 1833 2351">
     <span class='ocr_line' id='line_1_60' title="bbox 1072 2267 1833 2351; baseline -0.016 -17"><span class='ocrx_word' id='word_1_417' title='bbox 1072 2295 1107 2336; x_wconf 77' lang='lat' dir='ltr'>te.</span> <span class='ocrx_word' id='word_1_418' title='bbox 1123 2277 1163 2334; x_wconf 84' lang='grc' dir='ltr'>Οὐ</span> <span class='ocrx_word' id='word_1_419' title='bbox 1174 2272 1332 2351; x_wconf 70' lang='grc' dir='ltr'>κεχώρισται</span> <span class='ocrx_word' id='word_1_420' title='bbox 1341 2269 1373 2328; x_wconf 68' lang='lat' dir='ltr'>ei</span> <span class='ocrx_word' id='word_1_421' title='bbox 1382 2273 1408 2328; x_wconf 77' lang='grc' dir='ltr'>έν</span> <span class='ocrx_word' id='word_1_422' title='bbox 1414 2273 1451 2347; x_wconf 79' lang='grc' dir='ltr'>τῷ</span> <span class='ocrx_word' id='word_1_423' title='bbox 1460 2269 1497 2327; x_wconf 80' lang='grc' dir='ltr'>ἑνὶ</span> <span class='ocrx_word' id='word_1_424' title='bbox 1503 2268 1594 2346; x_wconf 83' lang='grc' dir='ltr'>κόσμῳ</span> <span class='ocrx_word' id='word_1_425' title='bbox 1600 2269 1660 2326; x_wconf 79' lang='grc' dir='ltr'>οὐδὲ</span> <span class='ocrx_word' id='word_1_426' title='bbox 1671 2267 1833 2326; x_wconf 80' lang='grc' dir='ltr'>ἀποκέκαπται</span> 
     </span>
    </p>
   </div>
   <div class='ocr_carea' id='block_1_9' title="bbox 1128 2355 1836 3220">
    <p class='ocr_par' dir='ltr' id='par_1_17' title="bbox 1128 2355 1834 2528">
     <span class='ocr_line' id='line_1_61' title="bbox 1128 2355 1834 2436; baseline -0.007 -17"><span class='ocrx_word' id='word_1_427' title='bbox 1128 2360 1234 2420; x_wconf 85' lang='grc' dir='ltr'>πελέκεϊ</span> <span class='ocrx_word' id='word_1_428' title='bbox 1256 2359 1314 2418; x_wconf 85' lang='grc' dir='ltr'>οὗτε</span> <span class='ocrx_word' id='word_1_429' title='bbox 1328 2359 1358 2416; x_wconf 79' lang='grc' dir='ltr'>τὸ</span> <span class='ocrx_word' id='word_1_430' title='bbox 1381 2356 1473 2436; x_wconf 78' lang='grc' dir='ltr'>θερμόν</span> <span class='ocrx_word' id='word_1_431' title='bbox 1487 2357 1539 2416; x_wconf 64' lang='lat' dir='ltr'>ini</span> <span class='ocrx_word' id='word_1_432' title='bbox 1561 2361 1606 2414; x_wconf 76' lang='grc' dir='ltr'>τοῦ</span> <span class='ocrx_word' id='word_1_433' title='bbox 1628 2359 1727 2436; x_wconf 78' lang='grc' dir='ltr'>ψυχροῦ</span> <span class='ocrx_word' id='word_1_434' title='bbox 1744 2355 1834 2414; x_wconf 66' lang='lat' dir='ltr'><strong>oleri</strong></span> 
     </span>
     <span class='ocr_line' id='line_1_62' title="bbox 1131 2445 1472 2528; baseline -0.015 -21"><span class='ocrx_word' id='word_1_435' title='bbox 1131 2446 1229 2528; x_wconf 77' lang='grc' dir='ltr'>ψυχρὸν</span> <span class='ocrx_word' id='word_1_436' title='bbox 1243 2445 1294 2503; x_wconf 74' lang='grc' dir='ltr'>ἀπὸ</span> <span class='ocrx_word' id='word_1_437' title='bbox 1309 2449 1354 2501; x_wconf 79' lang='grc' dir='ltr'>τοῦ</span> <span class='ocrx_word' id='word_1_438' title='bbox 1369 2448 1472 2520; x_wconf 80' lang='grc' dir='ltr'>θερμοῦ.</span> 
     </span>
    </p>

    <p class='ocr_par' dir='ltr' id='par_1_18' title="bbox 1132 2525 1836 3220">
     <span class='ocr_line' id='line_1_63' title="bbox 1172 2525 1832 2611; baseline -0.014 -19"><span class='ocrx_word' id='word_1_439' title='bbox 1172 2533 1348 2611; x_wconf 84' lang='lat' dir='ltr'><strong>(Simplicius</strong></span> <span class='ocrx_word' id='word_1_440' title='bbox 1366 2530 1527 2588; x_wconf 89' lang='lat' dir='ltr'><strong>Comment.</strong></span> <span class='ocrx_word' id='word_1_441' title='bbox 1542 2529 1575 2586; x_wconf 93' lang='lat' dir='ltr'>in</span> <span class='ocrx_word' id='word_1_442' title='bbox 1586 2528 1676 2586; x_wconf 77' lang='lat' dir='ltr'><strong>Arist.</strong></span> <span class='ocrx_word' id='word_1_443' title='bbox 1692 2528 1778 2605; x_wconf 81' lang='lat' dir='ltr'><strong>Phys.</strong></span> <span class='ocrx_word' id='word_1_444' title='bbox 1790 2525 1832 2583; x_wconf 84' lang='lat' dir='ltr'><strong>iol.</strong></span> 
     </span>
     <span class='ocr_line' id='line_1_64' title="bbox 1134 2615 1834 2693; baseline -0.014 -15"><span class='ocrx_word' id='word_1_445' title='bbox 1134 2623 1168 2693; x_wconf 83' lang='lat'>37</span> <span class='ocrx_word' id='word_1_446' title='bbox 1189 2619 1220 2678; x_wconf 92' lang='lat' dir='ltr'>b.</span> <span class='ocrx_word' id='word_1_447' title='bbox 1236 2631 1264 2676; x_wconf 86' lang='lat' dir='ltr'>et</span> <span class='ocrx_word' id='word_1_448' title='bbox 1284 2619 1320 2674; x_wconf 85' lang='lat'>38</span> <span class='ocrx_word' id='word_1_449' title='bbox 1336 2637 1361 2674; x_wconf 83' lang='lat' dir='ltr'>a.</span> <span class='ocrx_word' id='word_1_450' title='bbox 1384 2616 1417 2674; x_wconf 93' lang='lat' dir='ltr'>ln</span> <span class='ocrx_word' id='word_1_451' title='bbox 1432 2615 1551 2672; x_wconf 87' lang='lat' dir='ltr'><strong>eandem</strong></span> <span class='ocrx_word' id='word_1_452' title='bbox 1573 2616 1739 2673; x_wconf 87' lang='lat' dir='ltr'><strong>sententiam</strong></span> <span class='ocrx_word' id='word_1_453' title='bbox 1760 2631 1834 2688; x_wconf 86' lang='lat' dir='ltr'><strong>supra</strong></span> 
     </span>
     <span class='ocr_line' id='line_1_65' title="bbox 1133 2700 1836 2783; baseline -0.01 -20"><span class='ocrx_word' id='word_1_454' title='bbox 1133 2708 1317 2780; x_wconf 76' lang='lat' dir='ltr'><strong>Anaxagoras</strong></span> <span class='ocrx_word' id='word_1_455' title='bbox 1328 2704 1440 2783; x_wconf 80' lang='lat' dir='ltr'><strong>(fragm.</strong></span> <span class='ocrx_word' id='word_1_456' title='bbox 1449 2700 1477 2782; x_wconf 88' lang='lat'>6)</span> <span class='ocrx_word' id='word_1_457' title='bbox 1486 2702 1559 2759; x_wconf 79' lang='lat' dir='ltr'><strong>dixit</strong></span> <span class='ocrx_word' id='word_1_458' title='bbox 1575 2723 1582 2758; x_wconf 76' lang='grc' dir='ltr'>τ</span> <span class='ocrx_word' id='word_1_459' title='bbox 1597 2701 1750 2760; x_wconf 83' lang='grc' dir='ltr'>παντάπασι</span> <span class='ocrx_word' id='word_1_460' title='bbox 1762 2701 1787 2758; x_wconf 77' lang='grc' dir='ltr'>δὲ</span> <span class='ocrx_word' id='word_1_461' title='bbox 1798 2701 1836 2756; x_wconf 79' lang='grc' dir='ltr'>οὐ·</span> 
     </span>
     <span class='ocr_line' id='line_1_66' title="bbox 1133 2785 1835 2869; baseline -0.017 -17"><span class='ocrx_word' id='word_1_462' title='bbox 1133 2794 1175 2852; x_wconf 84' lang='grc' dir='ltr'>δέν</span> <span class='ocrx_word' id='word_1_463' title='bbox 1199 2791 1366 2869; x_wconf 74' lang='grc' dir='ltr'>ἀποκρίνεται</span> <span class='ocrx_word' id='word_1_464' title='bbox 1385 2789 1442 2848; x_wconf 76' lang='lat' dir='ltr'><strong>eiii</strong></span> <span class='ocrx_word' id='word_1_465' title='bbox 1465 2787 1621 2866; x_wconf 88' lang='grc' dir='ltr'>διακρίνεται</span> <span class='ocrx_word' id='word_1_466' title='bbox 1641 2787 1671 2845; x_wconf 83' lang='grc' dir='ltr'>τὸ</span> <span class='ocrx_word' id='word_1_467' title='bbox 1691 2788 1775 2867; x_wconf 77' lang='grc' dir='ltr'>ἕτερον</span> <span class='ocrx_word' id='word_1_468' title='bbox 1793 2785 1835 2842; x_wconf 74' lang='grc' dir='ltr'>ἀπὸ</span> 
     </span>
     <span class='ocr_line' id='line_1_67' title="bbox 1132 2876 1831 2956; baseline -0.013 -17"><span class='ocrx_word' id='word_1_469' title='bbox 1132 2889 1177 2940; x_wconf 80' lang='grc' dir='ltr'>τοῦ</span> <span class='ocrx_word' id='word_1_470' title='bbox 1199 2881 1297 2956; x_wconf 74' lang='grc' dir='ltr'>ἑτέρου.</span> <span class='ocrx_word' id='word_1_471' title='bbox 1318 2879 1361 2938; x_wconf 85' lang='lat' dir='ltr'>Cl.</span> <span class='ocrx_word' id='word_1_472' title='bbox 1376 2877 1508 2954; x_wconf 91' lang='lat' dir='ltr'><strong>Simplic.</strong></span> <span class='ocrx_word' id='word_1_473' title='bbox 1524 2877 1554 2934; x_wconf 91' lang='lat' dir='ltr'>in</span> <span class='ocrx_word' id='word_1_474' title='bbox 1568 2877 1734 2934; x_wconf 80' lang='lat' dir='ltr'><strong>Aristotelis</strong></span> <span class='ocrx_word' id='word_1_475' title='bbox 1755 2876 1831 2951; x_wconf 60' lang='lat' dir='ltr'><strong>Pher.</strong></span> 
     </span>
     <span class='ocr_line' id='line_1_68' title="bbox 1133 2962 1834 3047; baseline -0.01 -22"><span class='ocrx_word' id='word_1_476' title='bbox 1133 2980 1161 3047; x_wconf 83' lang='lat' dir='ltr'>p.</span> <span class='ocrx_word' id='word_1_477' title='bbox 1177 2971 1229 3026; x_wconf 85' lang='lat'>106</span> <span class='ocrx_word' id='word_1_478' title='bbox 1245 2969 1264 3026; x_wconf 92' lang='lat' dir='ltr'>b</span> <span class='ocrx_word' id='word_1_479' title='bbox 1278 2990 1285 3024; x_wconf 75' lang='grc' dir='ltr'>τ</span> <span class='ocrx_word' id='word_1_480' title='bbox 1301 2965 1346 3025; x_wconf 83' lang='grc' dir='ltr'>καί</span> <span class='ocrx_word' id='word_1_481' title='bbox 1360 2964 1542 3042; x_wconf 85' lang='grc' dir='ltr'>διακρινόμενα</span> <span class='ocrx_word' id='word_1_482' title='bbox 1560 2963 1610 3041; x_wconf 80' lang='grc' dir='ltr'>γδρ</span> <span class='ocrx_word' id='word_1_483' title='bbox 1622 2969 1706 3022; x_wconf 83' lang='grc' dir='ltr'>ταῦτα</span> <span class='ocrx_word' id='word_1_484' title='bbox 1720 2965 1765 3022; x_wconf 84' lang='grc' dir='ltr'>οὔκ</span> <span class='ocrx_word' id='word_1_485' title='bbox 1779 2962 1834 3021; x_wconf 75' lang='grc' dir='ltr'>ἀπέ-</span> 
     </span>
     <span class='ocr_line' id='line_1_69' title="bbox 1133 3047 1835 3130; baseline -0.014 -18"><span class='ocrx_word' id='word_1_486' title='bbox 1133 3077 1249 3112; x_wconf 89' lang='grc' dir='ltr'>σπασται</span> <span class='ocrx_word' id='word_1_487' title='bbox 1262 3052 1349 3130; x_wconf 85' lang='grc' dir='ltr'>ποίντῃ</span> <span class='ocrx_word' id='word_1_488' title='bbox 1364 3050 1408 3108; x_wconf 77' lang='grc' dir='ltr'>ἀπ’</span> <span class='ocrx_word' id='word_1_489' title='bbox 1421 3051 1551 3121; x_wconf 79' lang='grc' dir='ltr'>ἀλλήλων.</span> <span class='ocrx_word' id='word_1_490' title='bbox 1565 3049 1612 3106; x_wconf 91' lang='grc' dir='ltr'>Διό</span> <span class='ocrx_word' id='word_1_491' title='bbox 1626 3070 1704 3128; x_wconf 83' lang='grc' dir='ltr'>ρησιν</span> <span class='ocrx_word' id='word_1_492' title='bbox 1719 3054 1733 3106; x_wconf 84' lang='grc' dir='ltr'>θ</span> <span class='ocrx_word' id='word_1_493' title='bbox 1746 3047 1835 3114; x_wconf 66' lang='lat' dir='ltr'><strong>’riesis-</strong></span> 
     </span>
     <span class='ocr_line' id='line_1_70' title="bbox 1133 3138 1761 3220; baseline -0.005 -23"><span class='ocrx_word' id='word_1_494' title='bbox 1133 3143 1226 3220; x_wconf 81' lang='grc' dir='ltr'>γέρας,</span> <span class='ocrx_word' id='word_1_495' title='bbox 1241 3142 1303 3217; x_wconf 89' lang='grc' dir='ltr'>μηδ’</span> <span class='ocrx_word' id='word_1_496' title='bbox 1314 3139 1463 3218; x_wconf 77' lang='grc' dir='ltr'>ἐνδέχεσθαι</span> <span class='ocrx_word' id='word_1_497' title='bbox 1476 3138 1563 3196; x_wconf 85' lang='grc' dir='ltr'>πάντα</span> <span class='ocrx_word' id='word_1_498' title='bbox 1576 3139 1761 3216; x_wconf 78' lang='grc' dir='ltr'>διακριθῆναι.)</span> 
     </span>
    </p>
   </div>
   <div class='ocr_carea' id='block_1_10' title="bbox 1076 3222 1833 3305">
    <p class='ocr_par' dir='ltr' id='par_1_19' title="bbox 1076 3222 1833 3305">
     <span class='ocr_line' id='line_1_71' title="bbox 1076 3222 1833 3305; baseline -0.011 -14"><span class='ocrx_word' id='word_1_499' title='bbox 1076 3251 1110 3291; x_wconf 83' lang='lat' dir='ltr'>it.</span> <span class='ocrx_word' id='word_1_500' title='bbox 1128 3229 1248 3290; x_wconf 82' lang='grc' dir='ltr'>Τουτέων</span> <span class='ocrx_word' id='word_1_501' title='bbox 1269 3228 1296 3286; x_wconf 78' lang='grc' dir='ltr'>δέ</span> <span class='ocrx_word' id='word_1_502' title='bbox 1319 3227 1386 3285; x_wconf 75' lang='grc' dir='ltr'>οὕτω</span> <span class='ocrx_word' id='word_1_503' title='bbox 1401 3225 1602 3305; x_wconf 84' lang='grc' dir='ltr'>διακεκριμένων</span> <span class='ocrx_word' id='word_1_504' title='bbox 1623 3225 1758 3302; x_wconf 76' lang='grc' dir='ltr'>γινώσκειν</span> <span class='ocrx_word' id='word_1_505' title='bbox 1778 3222 1833 3300; x_wconf 82' lang='grc' dir='ltr'>χρή.</span> 
     </span>
    </p>
   </div>
   <div class='ocr_carea' id='block_1_11' title="bbox 1134 3309 1857 3650">
    <p class='ocr_par' dir='ltr' id='par_1_20' title="bbox 1134 3309 1857 3384">
     <span class='ocr_line' id='line_1_72' title="bbox 1134 3309 1857 3384; baseline -0.007 -10"><span class='ocrx_word' id='word_1_506' title='bbox 1134 3315 1174 3374; x_wconf 84' lang='grc' dir='ltr'>δτι</span> <span class='ocrx_word' id='word_1_507' title='bbox 1189 3315 1274 3374; x_wconf 87' lang='grc' dir='ltr'>ποίντα</span> <span class='ocrx_word' id='word_1_508' title='bbox 1289 3316 1360 3372; x_wconf 80' lang='grc' dir='ltr'>οὐδὲν</span> <span class='ocrx_word' id='word_1_509' title='bbox 1374 3313 1477 3372; x_wconf 83' lang='grc' dir='ltr'>έλοίσσω</span> <span class='ocrx_word' id='word_1_510' title='bbox 1489 3312 1545 3372; x_wconf 82' lang='grc' dir='ltr'>ἐστί</span> <span class='ocrx_word' id='word_1_511' title='bbox 1558 3310 1616 3369; x_wconf 80' lang='grc' dir='ltr'>οὐδὲ</span> <span class='ocrx_word' id='word_1_512' title='bbox 1633 3311 1714 3374; x_wconf 87' lang='grc' dir='ltr'>πλέω.</span> <span class='ocrx_word' id='word_1_513' title='bbox 1749 3315 1785 3370; x_wconf 69' lang='lat' dir='ltr'><strong>(li</strong></span> <span class='ocrx_word' id='word_1_514' title='bbox 1796 3309 1835 3384; x_wconf 71' lang='grc' dir='ltr'>γθρ</span> <span class='ocrx_word' id='word_1_515' title='bbox 1856 3317 1857 3320; x_wconf 68' lang='grc'>’</span> 
     </span>
    </p>

    <p class='ocr_par' dir='ltr' id='par_1_21' title="bbox 1135 3388 1834 3565">
     <span class='ocr_line' id='line_1_73' title="bbox 1135 3388 1830 3470; baseline -0.013 -10"><span class='ocrx_word' id='word_1_516' title='bbox 1135 3400 1243 3460; x_wconf 75' lang='grc' dir='ltr'>ἀνυστόν</span> <span class='ocrx_word' id='word_1_517' title='bbox 1254 3400 1357 3458; x_wconf 82' lang='grc' dir='ltr'>πάντων</span> <span class='ocrx_word' id='word_1_518' title='bbox 1369 3399 1442 3458; x_wconf 88' lang='grc' dir='ltr'>πλέω</span> <span class='ocrx_word' id='word_1_519' title='bbox 1455 3388 1533 3470; x_wconf 76' lang='grc' dir='ltr'>εἶναι,</span> <span class='ocrx_word' id='word_1_520' title='bbox 1549 3399 1615 3458; x_wconf 78' lang='grc' dir='ltr'>ἀλλὰ</span> <span class='ocrx_word' id='word_1_521' title='bbox 1627 3397 1715 3456; x_wconf 80' lang='grc' dir='ltr'>πάντα</span> <span class='ocrx_word' id='word_1_522' title='bbox 1729 3397 1771 3456; x_wconf 85' lang='grc' dir='ltr'>ίσα</span> <span class='ocrx_word' id='word_1_523' title='bbox 1782 3397 1830 3454; x_wconf 80' lang='lat' dir='ltr'><strong>siri.</strong></span> 
     </span>
     <span class='ocr_line' id='line_1_74' title="bbox 1175 3483 1834 3565; baseline -0.014 -19"><span class='ocrx_word' id='word_1_524' title='bbox 1175 3489 1351 3565; x_wconf 84' lang='lat' dir='ltr'><strong>(Simplicius</strong></span> <span class='ocrx_word' id='word_1_525' title='bbox 1368 3487 1527 3545; x_wconf 89' lang='lat' dir='ltr'><strong>Comment.</strong></span> <span class='ocrx_word' id='word_1_526' title='bbox 1541 3489 1572 3546; x_wconf 91' lang='lat' dir='ltr'>in</span> <span class='ocrx_word' id='word_1_527' title='bbox 1591 3487 1679 3543; x_wconf 81' lang='lat' dir='ltr'><strong>Arist.</strong></span> <span class='ocrx_word' id='word_1_528' title='bbox 1694 3485 1781 3562; x_wconf 72' lang='lat' dir='ltr'><strong>Phys.</strong></span> <span class='ocrx_word' id='word_1_529' title='bbox 1796 3483 1834 3539; x_wconf 89' lang='lat' dir='ltr'><strong>iol.</strong></span> 
     </span>
    </p>

    <p class='ocr_par' dir='ltr' id='par_1_22' title="bbox 1137 3569 1835 3650">
     <span class='ocr_line' id='line_1_75' title="bbox 1137 3569 1835 3650; baseline -0.016 -16"><span class='ocrx_word' id='word_1_530' title='bbox 1137 3575 1219 3635; x_wconf 71' lang='lat'><strong>331).</strong></span> <span class='ocrx_word' id='word_1_531' title='bbox 1236 3576 1296 3633; x_wconf 88' lang='lat' dir='ltr'><strong>Pro</strong></span> <span class='ocrx_word' id='word_1_532' title='bbox 1309 3573 1349 3632; x_wconf 80' lang='grc' dir='ltr'>ὅτι</span> <span class='ocrx_word' id='word_1_533' title='bbox 1366 3573 1451 3631; x_wconf 82' lang='grc' dir='ltr'>πάντα</span> <span class='ocrx_word' id='word_1_534' title='bbox 1472 3593 1535 3650; x_wconf 75' lang='lat' dir='ltr'>que</span> <span class='ocrx_word' id='word_1_535' title='bbox 1548 3587 1591 3630; x_wconf 84' lang='lat' dir='ltr'>est</span> <span class='ocrx_word' id='word_1_536' title='bbox 1604 3573 1731 3648; x_wconf 88' lang='lat' dir='ltr'><strong>exempli</strong></span> <span class='ocrx_word' id='word_1_537' title='bbox 1753 3569 1835 3628; x_wconf 79' lang='lat' dir='ltr'><strong>tidini</strong></span> 
     </span>
    </p>
   </div>
   <div class='ocr_carea' id='block_1_12' title="bbox 1134 3652 1836 3828">
    <p class='ocr_par' dir='ltr' id='par_1_23' title="bbox 1134 3652 1836 3828">
     <span class='ocr_line' id='line_1_76' title="bbox 1136 3652 1836 3740; baseline -0.021 -19"><span class='ocrx_word' id='word_1_538' title='bbox 1136 3664 1294 3740; x_wconf 82' lang='lat' dir='ltr'><strong>scriptura,</strong></span> <span class='ocrx_word' id='word_1_539' title='bbox 1320 3660 1383 3719; x_wconf 90' lang='lat' dir='ltr'><strong>cod.</strong></span> <span class='ocrx_word' id='word_1_540' title='bbox 1404 3661 1429 3718; x_wconf 88' lang='grc' dir='ltr'>Ι)</span> <span class='ocrx_word' id='word_1_541' title='bbox 1457 3680 1515 3717; x_wconf 91' lang='lat' dir='ltr'>non</span> <span class='ocrx_word' id='word_1_542' title='bbox 1544 3659 1619 3716; x_wconf 88' lang='lat' dir='ltr'><strong>male</strong></span> <span class='ocrx_word' id='word_1_543' title='bbox 1642 3657 1731 3715; x_wconf 86' lang='lat' dir='ltr'><strong>lrabet</strong></span> <span class='ocrx_word' id='word_1_544' title='bbox 1755 3655 1790 3712; x_wconf 81' lang='grc' dir='ltr'>ότι</span> <span class='ocrx_word' id='word_1_545' title='bbox 1811 3652 1836 3708; x_wconf 76' lang='grc' dir='ltr'>τί</span> 
     </span>
     <span class='ocr_line' id='line_1_77' title="bbox 1134 3745 1834 3828; baseline -0.019 -20"><span class='ocrx_word' id='word_1_546' title='bbox 1134 3751 1233 3814; x_wconf 76' lang='grc' dir='ltr'>πάντα,</span> <span class='ocrx_word' id='word_1_547' title='bbox 1250 3751 1292 3808; x_wconf 80' lang='lat' dir='ltr'>tie</span> <span class='ocrx_word' id='word_1_548' title='bbox 1309 3751 1422 3827; x_wconf 92' lang='lat' dir='ltr'><strong>reliquo</strong></span> <span class='ocrx_word' id='word_1_549' title='bbox 1437 3748 1625 3828; x_wconf 87' lang='lat' dir='ltr'><strong>philosophus</strong></span> <span class='ocrx_word' id='word_1_550' title='bbox 1643 3746 1684 3804; x_wconf 86' lang='lat' dir='ltr'>ait</span> <span class='ocrx_word' id='word_1_551' title='bbox 1707 3745 1834 3804; x_wconf 88' lang='lat' dir='ltr'><strong>materian</strong></span> 
     </span>
    </p>
   </div>
   <div class='ocr_carea' id='block_1_13' title="bbox 312 3664 1836 4004">
    <p class='ocr_par' dir='ltr' id='par_1_24' title="bbox 312 3664 1836 4004">
     <span class='ocr_line' id='line_1_78' title="bbox 312 3664 1036 3746; baseline 0.003 -24"><span class='ocrx_word' id='word_1_552' title='bbox 312 3667 358 3738; x_wconf 78' lang='grc' dir='ltr'>τήν</span> <span class='ocrx_word' id='word_1_553' title='bbox 384 3667 479 3746; x_wconf 77' lang='grc' dir='ltr'>ἀμφοῖν</span> <span class='ocrx_word' id='word_1_554' title='bbox 503 3665 656 3740; x_wconf 86' lang='grc' dir='ltr'>ποιούμενος</span> <span class='ocrx_word' id='word_1_555' title='bbox 682 3664 823 3745; x_wconf 80' lang='grc' dir='ltr'>σύγκρισιν·</span> <span class='ocrx_word' id='word_1_556' title='bbox 843 3664 911 3725; x_wconf 79' lang='grc' dir='ltr'>οὕτω</span> <span class='ocrx_word' id='word_1_557' title='bbox 936 3683 1036 3724; x_wconf 81' lang='grc' dir='ltr'>τουτων</span> 
     </span>
     <span class='ocr_line' id='line_1_79' title="bbox 313 3753 1032 3833; baseline 0 -21"><span class='ocrx_word' id='word_1_558' title='bbox 313 3753 526 3833; x_wconf 87' lang='grc' dir='ltr'>περιχωροόντων</span> <span class='ocrx_word' id='word_1_559' title='bbox 539 3755 596 3813; x_wconf 89' lang='grc' dir='ltr'>κτλ.</span> <span class='ocrx_word' id='word_1_560' title='bbox 613 3754 664 3830; x_wconf 90' lang='lat' dir='ltr'>qui</span> <span class='ocrx_word' id='word_1_561' title='bbox 678 3753 766 3824; x_wconf 71' lang='grc' dir='ltr'>διττὴν</span> <span class='ocrx_word' id='word_1_562' title='bbox 781 3753 910 3832; x_wconf 87' lang='grc' dir='ltr'>διοίκρισιν</span> <span class='ocrx_word' id='word_1_563' title='bbox 928 3766 956 3811; x_wconf 89' lang='lat' dir='ltr'>et</span> <span class='ocrx_word' id='word_1_564' title='bbox 976 3755 1032 3812; x_wconf 87' lang='grc' dir='ltr'>δια·</span> 
     </span>
     <span class='ocr_line' id='line_1_80' title="bbox 314 3833 1836 3918; baseline -0.008 -18"><span class='ocrx_word' id='word_1_565' title='bbox 314 3843 443 3918; x_wconf 84' lang='grc' dir='ltr'>κόσμησιν</span> <span class='ocrx_word' id='word_1_566' title='bbox 457 3840 494 3898; x_wconf 92' lang='lat' dir='ltr'>ab</span> <span class='ocrx_word' id='word_1_567' title='bbox 512 3842 683 3916; x_wconf 73' lang='lat' dir='ltr'><strong>Anaxagora</strong></span> <span class='ocrx_word' id='word_1_568' title='bbox 705 3843 790 3899; x_wconf 86' lang='lat' dir='ltr'><strong>statui</strong></span> <span class='ocrx_word' id='word_1_569' title='bbox 815 3841 895 3901; x_wconf 88' lang='lat' dir='ltr'><strong>dicit.</strong></span> <span class='ocrx_word' id='word_1_570' title='bbox 916 3841 1032 3912; x_wconf 67' lang='lat' dir='ltr'><strong>sertum</strong></span> <span class='ocrx_word' id='word_1_571' title='bbox 1137 3859 1230 3916; x_wconf 89' lang='lat' dir='ltr'><strong>neque</strong></span> <span class='ocrx_word' id='word_1_572' title='bbox 1253 3840 1436 3914; x_wconf 87' lang='lat' dir='ltr'><strong>generatione</strong></span> <span class='ocrx_word' id='word_1_573' title='bbox 1457 3839 1555 3912; x_wconf 87' lang='lat' dir='ltr'><strong>augeri</strong></span> <span class='ocrx_word' id='word_1_574' title='bbox 1578 3854 1671 3910; x_wconf 87' lang='lat' dir='ltr'><strong>neque</strong></span> <span class='ocrx_word' id='word_1_575' title='bbox 1696 3835 1786 3892; x_wconf 90' lang='lat' dir='ltr'><strong>minui</strong></span> <span class='ocrx_word' id='word_1_576' title='bbox 1802 3833 1836 3888; x_wconf 89' lang='lat' dir='ltr'>in-</span> 
     </span>
     <span class='ocr_line' id='line_1_81' title="bbox 314 3925 1249 4004; baseline 0 -18"><span class='ocrx_word' id='word_1_577' title='bbox 314 3925 414 3986; x_wconf 81' lang='lat' dir='ltr'><strong>esthlc</strong></span> <span class='ocrx_word' id='word_1_578' title='bbox 423 3926 566 4003; x_wconf 86' lang='lat' dir='ltr'><strong>disputari</strong></span> <span class='ocrx_word' id='word_1_579' title='bbox 576 3927 611 3985; x_wconf 89' lang='lat' dir='ltr'>de</span> <span class='ocrx_word' id='word_1_580' title='bbox 621 3942 701 3985; x_wconf 89' lang='lat' dir='ltr'><strong>motu</strong></span> <span class='ocrx_word' id='word_1_581' title='bbox 711 3948 770 4004; x_wconf 91' lang='lat' dir='ltr'>quo</span> <span class='ocrx_word' id='word_1_582' title='bbox 780 3927 885 3985; x_wconf 88' lang='lat' dir='ltr'><strong>coelum</strong></span> <span class='ocrx_word' id='word_1_583' title='bbox 898 3939 926 3986; x_wconf 88' lang='lat' dir='ltr'>et</span> <span class='ocrx_word' id='word_1_584' title='bbox 938 3928 1033 3986; x_wconf 87' lang='lat' dir='ltr'><strong>sidera</strong></span> <span class='ocrx_word' id='word_1_585' title='bbox 1138 3927 1249 4004; x_wconf 80' lang='lat' dir='ltr'><strong>teritu.)</strong></span> 
     </span>
    </p>
   </div>
   <div class='ocr_carea' id='block_1_14' title="bbox 257 4135 1857 5160">
    <p class='ocr_par' dir='ltr' id='par_1_25' title="bbox 257 4135 1857 5160">
     <span class='ocr_line' id='line_1_82' title="bbox 288 4135 1835 4206; baseline -0.004 -13"><span class='ocrx_word' id='word_1_586' title='bbox 288 4147 311 4193; x_wconf 81' lang='grc'>9.</span> <span class='ocrx_word' id='word_1_587' title='bbox 327 4145 364 4192; x_wconf 85' lang='lat' dir='ltr'>iix</span> <span class='ocrx_word' id='word_1_588' title='bbox 373 4141 410 4192; x_wconf 87' lang='lat' dir='ltr'>his</span> <span class='ocrx_word' id='word_1_589' title='bbox 418 4143 514 4192; x_wconf 84' lang='lat' dir='ltr'><strong>secretis</strong></span> <span class='ocrx_word' id='word_1_590' title='bbox 524 4142 654 4194; x_wconf 71' lang='lat' dir='ltr'><strong>concrescit</strong></span> <span class='ocrx_word' id='word_1_591' title='bbox 666 4147 731 4194; x_wconf 86' lang='lat' dir='ltr'><strong>terra</strong></span> <span class='ocrx_word' id='word_1_592' title='bbox 744 4163 750 4193; x_wconf 90' lang='lat'><strong>:</strong></span> <span class='ocrx_word' id='word_1_593' title='bbox 762 4156 842 4194; x_wconf 87' lang='lat' dir='ltr'><strong>name</strong></span> <span class='ocrx_word' id='word_1_594' title='bbox 856 4143 961 4192; x_wconf 87' lang='lat' dir='ltr'><strong>nubibus</strong></span> <span class='ocrx_word' id='word_1_595' title='bbox 973 4156 1035 4206; x_wconf 82' lang='lat' dir='ltr'><strong>aqua</strong></span> <span class='ocrx_word' id='word_1_596' title='bbox 1078 4157 1158 4194; x_wconf 83' lang='lat' dir='ltr'><strong>earum</strong></span> <span class='ocrx_word' id='word_1_597' title='bbox 1172 4143 1292 4193; x_wconf 86' lang='lat' dir='ltr'><strong>eeleritate</strong></span> <span class='ocrx_word' id='word_1_598' title='bbox 1303 4142 1389 4204; x_wconf 79' lang='lat' dir='ltr'><strong>agitur,</strong></span> <span class='ocrx_word' id='word_1_599' title='bbox 1401 4141 1506 4204; x_wconf 85' lang='lat' dir='ltr'><strong>aceedit,</strong></span> <span class='ocrx_word' id='word_1_600' title='bbox 1518 4141 1560 4192; x_wconf 81' lang='lat' dir='ltr'>sed</span> <span class='ocrx_word' id='word_1_601' title='bbox 1574 4141 1672 4192; x_wconf 85' lang='lat' dir='ltr'><strong>omnino</strong></span> <span class='ocrx_word' id='word_1_602' title='bbox 1688 4142 1765 4190; x_wconf 87' lang='lat' dir='ltr'><strong>multo</strong></span> <span class='ocrx_word' id='word_1_603' title='bbox 1777 4135 1835 4195; x_wconf 75' lang='lat' dir='ltr'><strong>nale</strong></span> 
     </span>
     <span class='ocr_line' id='line_1_83' title="bbox 257 4228 1294 4293; baseline -0.003 -14"><span class='ocrx_word' id='word_1_604' title='bbox 257 4230 398 4291; x_wconf 70' lang='lat' dir='ltr'><strong>recemum,</strong></span> <span class='ocrx_word' id='word_1_605' title='bbox 408 4242 439 4278; x_wconf 81' lang='lat' dir='ltr'>ex</span> <span class='ocrx_word' id='word_1_606' title='bbox 449 4241 511 4290; x_wconf 82' lang='lat' dir='ltr'><strong>aqua</strong></span> <span class='ocrx_word' id='word_1_607' title='bbox 526 4233 602 4291; x_wconf 69' lang='lat' dir='ltr'><strong>terror</strong></span> <span class='ocrx_word' id='word_1_608' title='bbox 619 4232 707 4280; x_wconf 82' lang='lat' dir='ltr'><strong>eterra</strong></span> <span class='ocrx_word' id='word_1_609' title='bbox 731 4231 822 4293; x_wconf 77' lang='lat' dir='ltr'><strong>lapides</strong></span> <span class='ocrx_word' id='word_1_610' title='bbox 835 4231 920 4292; x_wconf 79' lang='lat' dir='ltr'><strong>frigore</strong></span> <span class='ocrx_word' id='word_1_611' title='bbox 934 4243 1033 4281; x_wconf 84' lang='lat' dir='ltr'><strong>concre-</strong></span> <span class='ocrx_word' id='word_1_612' title='bbox 1077 4228 1124 4279; x_wconf 81' lang='lat' dir='ltr'><strong>iste</strong></span> <span class='ocrx_word' id='word_1_613' title='bbox 1135 4229 1241 4278; x_wconf 76' lang='lat' dir='ltr'><strong>celeritas</strong></span> <span class='ocrx_word' id='word_1_614' title='bbox 1250 4231 1294 4278; x_wconf 83' lang='lat' dir='ltr'><strong>eat.</strong></span> 
     </span>
     <span class='ocr_line' id='line_1_84' title="bbox 258 4305 1835 4378; baseline -0.01 -13"><span class='ocrx_word' id='word_1_615' title='bbox 258 4319 347 4366; x_wconf 82' lang='lat' dir='ltr'><strong>sumt:</strong></span> <span class='ocrx_word' id='word_1_616' title='bbox 361 4315 385 4363; x_wconf 87' lang='lat' dir='ltr'>hi</span> <span class='ocrx_word' id='word_1_617' title='bbox 399 4319 480 4364; x_wconf 86' lang='lat' dir='ltr'><strong>autem</strong></span> <span class='ocrx_word' id='word_1_618' title='bbox 497 4316 571 4377; x_wconf 80' lang='lat' dir='ltr'><strong>magis</strong></span> <span class='ocrx_word' id='word_1_619' title='bbox 579 4329 608 4364; x_wconf 86' lang='lat' dir='ltr'>ex</span> <span class='ocrx_word' id='word_1_620' title='bbox 620 4329 682 4378; x_wconf 87' lang='lat' dir='ltr'><strong>aqua</strong></span> <span class='ocrx_word' id='word_1_621' title='bbox 690 4317 818 4367; x_wconf 82' lang='lat' dir='ltr'><strong>excedunt.</strong></span> <span class='ocrx_word' id='word_1_622' title='bbox 1112 4323 1148 4364; x_wconf 77' lang='grc' dir='ltr'>ια.</span> <span class='ocrx_word' id='word_1_623' title='bbox 1164 4318 1254 4364; x_wconf 79' lang='lat' dir='ltr'><strong>Verum</strong></span> <span class='ocrx_word' id='word_1_624' title='bbox 1265 4326 1333 4364; x_wconf 87' lang='lat' dir='ltr'><strong>mens</strong></span> <span class='ocrx_word' id='word_1_625' title='bbox 1345 4327 1496 4376; x_wconf 83' lang='lat' dir='ltr'><strong>quaecunque</strong></span> <span class='ocrx_word' id='word_1_626' title='bbox 1504 4315 1577 4362; x_wconf 89' lang='lat' dir='ltr'><strong>erunt</strong></span> <span class='ocrx_word' id='word_1_627' title='bbox 1588 4315 1613 4362; x_wconf 86' lang='lat' dir='ltr'>et</span> <span class='ocrx_word' id='word_1_628' title='bbox 1621 4324 1687 4362; x_wconf 87' lang='lat' dir='ltr'><strong>nnnc</strong></span> <span class='ocrx_word' id='word_1_629' title='bbox 1700 4315 1757 4360; x_wconf 88' lang='lat' dir='ltr'><strong>sunt</strong></span> <span class='ocrx_word' id='word_1_630' title='bbox 1768 4310 1789 4357; x_wconf 85' lang='lat' dir='ltr'>et</span> <span class='ocrx_word' id='word_1_631' title='bbox 1798 4305 1835 4354; x_wconf 85' lang='lat' dir='ltr'><strong>ior·</strong></span> 
     </span>
     <span class='ocr_line' id='line_1_85' title="bbox 292 4391 1835 4467; baseline -0.008 -17"><span class='ocrx_word' id='word_1_632' title='bbox 292 4407 328 4452; x_wconf 88' lang='lat'>10.</span> <span class='ocrx_word' id='word_1_633' title='bbox 344 4401 498 4463; x_wconf 76' lang='lat' dir='ltr'><strong>hominesque</strong></span> <span class='ocrx_word' id='word_1_634' title='bbox 507 4402 629 4462; x_wconf 83' lang='lat' dir='ltr'><strong>etreliqua</strong></span> <span class='ocrx_word' id='word_1_635' title='bbox 639 4403 751 4452; x_wconf 78' lang='lat' dir='ltr'><strong>animalia</strong></span> <span class='ocrx_word' id='word_1_636' title='bbox 766 4403 832 4453; x_wconf 76' lang='lat' dir='ltr'><strong>rituli</strong></span> <span class='ocrx_word' id='word_1_637' title='bbox 840 4404 924 4466; x_wconf 86' lang='lat' dir='ltr'><strong>spiritu</strong></span> <span class='ocrx_word' id='word_1_638' title='bbox 936 4403 1036 4467; x_wconf 81' lang='lat' dir='ltr'><strong>prendite</strong></span> <span class='ocrx_word' id='word_1_639' title='bbox 1079 4408 1135 4452; x_wconf 87' lang='lat' dir='ltr'><strong>runt</strong></span> <span class='ocrx_word' id='word_1_640' title='bbox 1148 4405 1174 4454; x_wconf 89' lang='lat' dir='ltr'>ei</span> <span class='ocrx_word' id='word_1_641' title='bbox 1182 4402 1363 4466; x_wconf 85' lang='lat' dir='ltr'><strong>reliquaomnia</strong></span> <span class='ocrx_word' id='word_1_642' title='bbox 1376 4415 1430 4464; x_wconf 87' lang='lat' dir='ltr'><strong>quae</strong></span> <span class='ocrx_word' id='word_1_643' title='bbox 1442 4401 1595 4451; x_wconf 83' lang='lat' dir='ltr'><strong>contineatur</strong></span> <span class='ocrx_word' id='word_1_644' title='bbox 1603 4399 1666 4449; x_wconf 81' lang='lat' dir='ltr'><strong>coeio</strong></span> <span class='ocrx_word' id='word_1_645' title='bbox 1680 4412 1759 4448; x_wconf 86' lang='lat' dir='ltr'><strong>rerum</strong></span> <span class='ocrx_word' id='word_1_646' title='bbox 1772 4391 1835 4443; x_wconf 84' lang='lat' dir='ltr'><strong>noii-</strong></span> 
     </span>
     <span class='ocr_line' id='line_1_86' title="bbox 258 4479 1835 4554; baseline -0.002 -18"><span class='ocrx_word' id='word_1_647' title='bbox 258 4488 503 4550; x_wconf 60' lang='lat' dir='ltr'><strong>enarratoremque</strong></span> <span class='ocrx_word' id='word_1_648' title='bbox 518 4488 655 4538; x_wconf 79' lang='lat' dir='ltr'><strong>hominibus</strong></span> <span class='ocrx_word' id='word_1_649' title='bbox 663 4503 716 4540; x_wconf 79' lang='grc' dir='ltr'>σοον</span> <span class='ocrx_word' id='word_1_650' title='bbox 725 4490 796 4540; x_wconf 88' lang='lat' dir='ltr'><strong>urbes</strong></span> <span class='ocrx_word' id='word_1_651' title='bbox 806 4490 923 4541; x_wconf 82' lang='lat' dir='ltr'><strong>habitatas</strong></span> <span class='ocrx_word' id='word_1_652' title='bbox 931 4493 956 4540; x_wconf 85' lang='lat' dir='ltr'>et</span> <span class='ocrx_word' id='word_1_653' title='bbox 965 4505 1036 4554; x_wconf 86' lang='lat' dir='ltr'><strong>opera</strong></span> <span class='ocrx_word' id='word_1_654' title='bbox 1079 4491 1162 4541; x_wconf 85' lang='lat' dir='ltr'><strong>tudine</strong></span> <span class='ocrx_word' id='word_1_655' title='bbox 1173 4491 1290 4539; x_wconf 83' lang='lat' dir='ltr'><strong>instructo</strong></span> <span class='ocrx_word' id='word_1_656' title='bbox 1299 4491 1324 4538; x_wconf 85' lang='lat' dir='ltr'>et</span> <span class='ocrx_word' id='word_1_657' title='bbox 1340 4501 1395 4551; x_wconf 81' lang='lat' dir='ltr'><strong>quae</strong></span> <span class='ocrx_word' id='word_1_658' title='bbox 1408 4489 1523 4539; x_wconf 84' lang='lat' dir='ltr'><strong>insontia</strong></span> <span class='ocrx_word' id='word_1_659' title='bbox 1535 4487 1635 4538; x_wconf 82' lang='lat' dir='ltr'><strong>aceretie</strong></span> <span class='ocrx_word' id='word_1_660' title='bbox 1652 4487 1690 4536; x_wconf 85' lang='lat' dir='ltr'>rel</span> <span class='ocrx_word' id='word_1_661' title='bbox 1701 4487 1750 4548; x_wconf 82' lang='lat' dir='ltr'>jam</span> <span class='ocrx_word' id='word_1_662' title='bbox 1760 4479 1835 4533; x_wconf 69' lang='grc' dir='ltr'>ωστθί</span> 
     </span>
     <span class='ocr_line' id='line_1_87' title="bbox 260 4574 1297 4640; baseline 0 -16"><span class='ocrx_word' id='word_1_663' title='bbox 260 4577 322 4624; x_wconf 84' lang='lat' dir='ltr'><strong>iacta</strong></span> <span class='ocrx_word' id='word_1_664' title='bbox 332 4577 359 4624; x_wconf 85' lang='lat' dir='ltr'>ut</span> <span class='ocrx_word' id='word_1_665' title='bbox 368 4574 431 4636; x_wconf 81' lang='lat' dir='ltr'><strong>epod</strong></span> <span class='ocrx_word' id='word_1_666' title='bbox 442 4588 499 4636; x_wconf 83' lang='grc' dir='ltr'>σοι,</span> <span class='ocrx_word' id='word_1_667' title='bbox 513 4588 543 4624; x_wconf 88' lang='lat' dir='ltr'>ec</span> <span class='ocrx_word' id='word_1_668' title='bbox 553 4575 627 4624; x_wconf 83' lang='lat' dir='ltr'><strong>solem</strong></span> <span class='ocrx_word' id='word_1_669' title='bbox 637 4575 665 4626; x_wconf 89' lang='lat' dir='ltr'>iis</span> <span class='ocrx_word' id='word_1_670' title='bbox 674 4589 726 4626; x_wconf 84' lang='lat' dir='ltr'><strong>esse</strong></span> <span class='ocrx_word' id='word_1_671' title='bbox 737 4579 761 4627; x_wconf 86' lang='lat' dir='ltr'>ci</span> <span class='ocrx_word' id='word_1_672' title='bbox 771 4577 853 4626; x_wconf 86' lang='lat' dir='ltr'><strong>lunam</strong></span> <span class='ocrx_word' id='word_1_673' title='bbox 866 4580 891 4626; x_wconf 85' lang='lat' dir='ltr'>ei</span> <span class='ocrx_word' id='word_1_674' title='bbox 903 4584 998 4640; x_wconf 76' lang='lat' dir='ltr'><strong>cetere,</strong></span> <span class='ocrx_word' id='word_1_675' title='bbox 1010 4582 1037 4630; x_wconf 86' lang='lat' dir='ltr'>oi</span> <span class='ocrx_word' id='word_1_676' title='bbox 1079 4577 1162 4627; x_wconf 81' lang='lat' dir='ltr'><strong>sedulo</strong></span> <span class='ocrx_word' id='word_1_677' title='bbox 1170 4575 1297 4624; x_wconf 87' lang='lat' dir='ltr'><strong>ordinarit.</strong></span> 
     </span>
     <span class='ocr_line' id='line_1_88' title="bbox 259 4651 1857 4729; baseline -0.01 -15"><span class='ocrx_word' id='word_1_678' title='bbox 259 4664 321 4726; x_wconf 86' lang='lat' dir='ltr'><strong>apud</strong></span> <span class='ocrx_word' id='word_1_679' title='bbox 339 4678 398 4726; x_wconf 87' lang='lat' dir='ltr'><strong>nos,</strong></span> <span class='ocrx_word' id='word_1_680' title='bbox 412 4665 549 4727; x_wconf 81' lang='lat' dir='ltr'><strong>terramque</strong></span> <span class='ocrx_word' id='word_1_681' title='bbox 564 4665 594 4714; x_wconf 90' lang='lat' dir='ltr'>iis</span> <span class='ocrx_word' id='word_1_682' title='bbox 604 4665 700 4727; x_wconf 79' lang='lat' dir='ltr'><strong>gignere</strong></span> <span class='ocrx_word' id='word_1_683' title='bbox 711 4667 787 4715; x_wconf 85' lang='lat' dir='ltr'><strong>multa</strong></span> <span class='ocrx_word' id='word_1_684' title='bbox 799 4671 824 4715; x_wconf 86' lang='lat' dir='ltr'>et</span> <span class='ocrx_word' id='word_1_685' title='bbox 836 4668 915 4728; x_wconf 79' lang='lat' dir='ltr'><strong>varia,</strong></span> <span class='ocrx_word' id='word_1_686' title='bbox 928 4667 1038 4729; x_wconf 84' lang='lat' dir='ltr'><strong>equibus</strong></span> <span class='ocrx_word' id='word_1_687' title='bbox 1113 4665 1148 4712; x_wconf 77' lang='lat' dir='ltr'>tt.</span> <span class='ocrx_word' id='word_1_688' title='bbox 1164 4664 1217 4713; x_wconf 80' lang='lat' dir='ltr'><strong>lion</strong></span> <span class='ocrx_word' id='word_1_689' title='bbox 1226 4665 1334 4726; x_wconf 83' lang='lat' dir='ltr'><strong>separata</strong></span> <span class='ocrx_word' id='word_1_690' title='bbox 1347 4667 1405 4712; x_wconf 84' lang='lat' dir='ltr'><strong>sunt</strong></span> <span class='ocrx_word' id='word_1_691' title='bbox 1415 4675 1471 4724; x_wconf 87' lang='lat' dir='ltr'><strong>quae</strong></span> <span class='ocrx_word' id='word_1_692' title='bbox 1481 4675 1527 4712; x_wconf 88' lang='lat' dir='ltr'>uno</span> <span class='ocrx_word' id='word_1_693' title='bbox 1537 4661 1583 4710; x_wconf 87' lang='grc' dir='ltr'>Ιιοσ</span> <span class='ocrx_word' id='word_1_694' title='bbox 1593 4661 1745 4710; x_wconf 85' lang='lat' dir='ltr'><strong>eontinentur</strong></span> <span class='ocrx_word' id='word_1_695' title='bbox 1755 4651 1835 4706; x_wconf 81' lang='grc' dir='ltr'>αυιιῑο,</span> <span class='ocrx_word' id='word_1_696' title='bbox 1856 4655 1857 4672; x_wconf 67' lang='grc'>’</span> 
     </span>
     <span class='ocr_line' id='line_1_89' title="bbox 260 4741 1829 4816; baseline -0.004 -16"><span class='ocrx_word' id='word_1_697' title='bbox 260 4751 293 4800; x_wconf 87' lang='lat' dir='ltr'><strong>illi</strong></span> <span class='ocrx_word' id='word_1_698' title='bbox 305 4752 432 4801; x_wconf 77' lang='lat' dir='ltr'><strong>utilissima</strong></span> <span class='ocrx_word' id='word_1_699' title='bbox 442 4752 580 4816; x_wconf 70' lang='lat' dir='ltr'><strong>quequein</strong></span> <span class='ocrx_word' id='word_1_700' title='bbox 590 4753 674 4802; x_wconf 85' lang='lat' dir='ltr'><strong>domos</strong></span> <span class='ocrx_word' id='word_1_701' title='bbox 689 4753 839 4814; x_wconf 80' lang='lat' dir='ltr'><strong>comportate</strong></span> <span class='ocrx_word' id='word_1_702' title='bbox 857 4753 881 4802; x_wconf 88' lang='lat' dir='ltr'>in</span> <span class='ocrx_word' id='word_1_703' title='bbox 900 4765 950 4802; x_wconf 87' lang='lat' dir='ltr'>rem</span> <span class='ocrx_word' id='word_1_704' title='bbox 970 4765 1037 4804; x_wconf 86' lang='lat' dir='ltr'><strong>susm</strong></span> <span class='ocrx_word' id='word_1_705' title='bbox 1080 4762 1158 4812; x_wconf 87' lang='lat' dir='ltr'><strong>neque</strong></span> <span class='ocrx_word' id='word_1_706' title='bbox 1167 4751 1244 4800; x_wconf 82' lang='lat' dir='ltr'><strong>securi</strong></span> <span class='ocrx_word' id='word_1_707' title='bbox 1258 4751 1359 4811; x_wconf 85' lang='lat' dir='ltr'><strong>abrupte</strong></span> <span class='ocrx_word' id='word_1_708' title='bbox 1368 4750 1466 4798; x_wconf 81' lang='lat' dir='ltr'><strong>calidae</strong></span> <span class='ocrx_word' id='word_1_709' title='bbox 1482 4747 1714 4810; x_wconf 78' lang='lat' dir='ltr'><strong>frigidiorellrigida</strong></span> <span class='ocrx_word' id='word_1_710' title='bbox 1729 4761 1742 4796; x_wconf 87' lang='lat' dir='ltr'><strong>a</strong></span> <span class='ocrx_word' id='word_1_711' title='bbox 1756 4741 1829 4794; x_wconf 73' lang='lat' dir='ltr'><strong>otidis.</strong></span> 
     </span>
     <span class='ocr_line' id='line_1_90' title="bbox 259 4835 1834 4888; baseline -0.005 -2"><span class='ocrx_word' id='word_1_712' title='bbox 259 4840 409 4888; x_wconf 84' lang='lat' dir='ltr'><strong>converiunt.</strong></span> <span class='ocrx_word' id='word_1_713' title='bbox 1114 4840 1150 4888; x_wconf 82' lang='lat' dir='ltr'>ti.</span> <span class='ocrx_word' id='word_1_714' title='bbox 1167 4837 1211 4887; x_wconf 83' lang='lat' dir='ltr'><strong>iiis</strong></span> <span class='ocrx_word' id='word_1_715' title='bbox 1228 4839 1262 4888; x_wconf 85' lang='lat' dir='ltr'>iia</span> <span class='ocrx_word' id='word_1_716' title='bbox 1280 4837 1389 4888; x_wconf 78' lang='lat' dir='ltr'><strong>diseretis</strong></span> <span class='ocrx_word' id='word_1_717' title='bbox 1408 4837 1529 4886; x_wconf 81' lang='lat' dir='ltr'><strong>sciendum</strong></span> <span class='ocrx_word' id='word_1_718' title='bbox 1542 4839 1580 4886; x_wconf 85' lang='lat' dir='ltr'>eri</span> <span class='ocrx_word' id='word_1_719' title='bbox 1596 4837 1679 4884; x_wconf 87' lang='lat' dir='ltr'><strong>omnia</strong></span> <span class='ocrx_word' id='word_1_720' title='bbox 1692 4835 1763 4884; x_wconf 85' lang='lat' dir='ltr'><strong>nitrilo</strong></span> <span class='ocrx_word' id='word_1_721' title='bbox 1774 4837 1834 4886; x_wconf 75' lang='lat' dir='ltr'><strong>neque</strong></span> 
     </span>
     <span class='ocr_line' id='line_1_91' title="bbox 294 4913 1835 4986; baseline 0 -12"><span class='ocrx_word' id='word_1_722' title='bbox 294 4928 330 4974; x_wconf 89' lang='lat' dir='ltr'>it.</span> <span class='ocrx_word' id='word_1_723' title='bbox 347 4925 391 4974; x_wconf 91' lang='lat' dir='ltr'><strong>iiis</strong></span> <span class='ocrx_word' id='word_1_724' title='bbox 398 4925 421 4973; x_wconf 89' lang='lat' dir='ltr'>ri</span> <span class='ocrx_word' id='word_1_725' title='bbox 430 4938 459 4974; x_wconf 85' lang='lat' dir='ltr'>ac</span> <span class='ocrx_word' id='word_1_726' title='bbox 469 4925 632 4975; x_wconf 83' lang='lat' dir='ltr'><strong>eeleriieieita</strong></span> <span class='ocrx_word' id='word_1_727' title='bbox 641 4924 794 4974; x_wconf 80' lang='lat' dir='ltr'><strong>conversisei</strong></span> <span class='ocrx_word' id='word_1_728' title='bbox 803 4926 907 4975; x_wconf 85' lang='lat' dir='ltr'><strong>seeretis.</strong></span> <span class='ocrx_word' id='word_1_729' title='bbox 918 4927 974 4975; x_wconf 84' lang='lat' dir='ltr'>Vim</span> <span class='ocrx_word' id='word_1_730' title='bbox 982 4940 1039 4976; x_wconf 87' lang='lat' dir='ltr'>rem</span> <span class='ocrx_word' id='word_1_731' title='bbox 1082 4925 1195 4986; x_wconf 84' lang='lat' dir='ltr'><strong>pauciora</strong></span> <span class='ocrx_word' id='word_1_732' title='bbox 1212 4937 1263 4974; x_wconf 80' lang='lat' dir='ltr'><strong>esse</strong></span> <span class='ocrx_word' id='word_1_733' title='bbox 1281 4937 1359 4985; x_wconf 88' lang='lat' dir='ltr'><strong>neque</strong></span> <span class='ocrx_word' id='word_1_734' title='bbox 1380 4923 1455 4986; x_wconf 85' lang='lat' dir='ltr'><strong>plura.</strong></span> <span class='ocrx_word' id='word_1_735' title='bbox 1476 4925 1570 4972; x_wconf 82' lang='lat' dir='ltr'><strong>Etenim</strong></span> <span class='ocrx_word' id='word_1_736' title='bbox 1591 4923 1642 4972; x_wconf 88' lang='lat' dir='ltr'><strong>lieri</strong></span> <span class='ocrx_word' id='word_1_737' title='bbox 1660 4935 1710 4972; x_wconf 87' lang='lat' dir='ltr'>non</span> <span class='ocrx_word' id='word_1_738' title='bbox 1729 4913 1835 4982; x_wconf 64' lang='lat' dir='ltr'><strong>mtetrll</strong></span> 
     </span>
     <span class='ocr_line' id='line_1_92' title="bbox 262 4997 1835 5075; baseline 0.006 -19"><span class='ocrx_word' id='word_1_739' title='bbox 262 5009 369 5059; x_wconf 86' lang='lat' dir='ltr'><strong>celeritas</strong></span> <span class='ocrx_word' id='word_1_740' title='bbox 377 5012 464 5074; x_wconf 74' lang='lat' dir='ltr'><strong>elicit3</strong></span> <span class='ocrx_word' id='word_1_741' title='bbox 475 5012 583 5062; x_wconf 82' lang='lat' dir='ltr'><strong>celeritas</strong></span> <span class='ocrx_word' id='word_1_742' title='bbox 601 5015 682 5059; x_wconf 87' lang='lat' dir='ltr'><strong>autem</strong></span> <span class='ocrx_word' id='word_1_743' title='bbox 699 5010 794 5059; x_wconf 88' lang='lat' dir='ltr'><strong>illorum</strong></span> <span class='ocrx_word' id='word_1_744' title='bbox 809 5010 838 5060; x_wconf 82' lang='lat' dir='ltr'>ad</span> <span class='ocrx_word' id='word_1_745' title='bbox 853 5012 941 5061; x_wconf 83' lang='lat' dir='ltr'><strong>nuliius</strong></span> <span class='ocrx_word' id='word_1_746' title='bbox 956 5027 1037 5062; x_wconf 87' lang='lat' dir='ltr'><strong>earnm</strong></span> <span class='ocrx_word' id='word_1_747' title='bbox 1082 5013 1150 5075; x_wconf 82' lang='lat' dir='ltr'><strong>piore</strong></span> <span class='ocrx_word' id='word_1_748' title='bbox 1158 5013 1204 5062; x_wconf 85' lang='lat' dir='ltr'><strong>sint</strong></span> <span class='ocrx_word' id='word_1_749' title='bbox 1213 5013 1331 5063; x_wconf 74' lang='lat' dir='ltr'><strong>universis</strong></span> <span class='ocrx_word' id='word_1_750' title='bbox 1339 5025 1393 5074; x_wconf 83' lang='lat' dir='ltr'><strong>quae</strong></span> <span class='ocrx_word' id='word_1_751' title='bbox 1401 5011 1647 5073; x_wconf 66' lang='lat' dir='ltr'><strong>exstruendorum</strong></span> <span class='ocrx_word' id='word_1_752' title='bbox 1657 4997 1835 5074; x_wconf 62' lang='lat' dir='ltr'>sernpcraeimli</span> 
     </span>
     <span class='ocr_line' id='line_1_93' title="bbox 263 5097 1144 5160; baseline 0.007 -18"><span class='ocrx_word' id='word_1_753' title='bbox 263 5106 318 5154; x_wconf 79' lang='grc' dir='ltr'>συευ</span> <span class='ocrx_word' id='word_1_754' title='bbox 329 5109 392 5147; x_wconf 89' lang='lat' dir='ltr'><strong>nunc</strong></span> <span class='ocrx_word' id='word_1_755' title='bbox 406 5104 461 5148; x_wconf 84' lang='lat' dir='ltr'><strong>sunt</strong></span> <span class='ocrx_word' id='word_1_756' title='bbox 479 5099 539 5149; x_wconf 87' lang='lat' dir='ltr'><strong>inter</strong></span> <span class='ocrx_word' id='word_1_757' title='bbox 551 5097 660 5147; x_wconf 88' lang='lat' dir='ltr'><strong>homines</strong></span> <span class='ocrx_word' id='word_1_758' title='bbox 676 5111 755 5147; x_wconf 89' lang='lat' dir='ltr'><strong>rerum</strong></span> <span class='ocrx_word' id='word_1_759' title='bbox 768 5098 958 5160; x_wconf 76' lang='lat' dir='ltr'><strong>similitudinem,</strong></span> <span class='ocrx_word' id='word_1_760' title='bbox 973 5102 992 5151; x_wconf 89' lang='lat' dir='ltr'>si</span> <span class='ocrx_word' id='word_1_761' title='bbox 1010 5101 1039 5150; x_wconf 88' lang='lat' dir='ltr'>de</span> <span class='ocrx_word' id='word_1_762' title='bbox 1082 5107 1144 5150; x_wconf 84' lang='lat' dir='ltr'><strong>enni.</strong></span> 
     </span>
    </p>
   </div>
   <div class='ocr_carea' id='block_1_15' title="bbox 0 0 1887 5916">
    <p class='ocr_par' dir='ltr' id='par_1_26' title="bbox 0 0 1887 5916">
     <span class='ocr_line' id='line_1_94' title="bbox 0 0 1887 5916; baseline 0 0"><span class='ocrx_word' id='word_1_763' title='bbox 0 0 1887 5916; x_wconf 95' lang='lat' dir='ltr'> </span> 
     </span>
    </p>
   </div>
  </div>
 </body>
</html>
