<?xml version="1.0" encoding="UTF-8"?>
<!DOCTYPE html PUBLIC "-//W3C//DTD XHTML 1.0 Transitional//EN"
    "http://www.w3.org/TR/xhtml1/DTD/xhtml1-transitional.dtd">
<html xmlns="http://www.w3.org/1999/xhtml" xml:lang="en" lang="en">
 <head>
  <title>
</title>
<meta http-equiv="Content-Type" content="text/html;charset=utf-8" />
  <meta name='ocr-system' content='tesseract 3.04.00' />
  <meta name='ocr-capabilities' content='ocr_page ocr_carea ocr_par ocr_line ocrx_word'/>
</head>
<body>
  <div class='ocr_page' id='page_1' title='image "./fragmentaphilos03mullgoog/fragmentaphilos03mullgoog_0140.png"; bbox 0 0 3838 5926; ppageno 0'>
   <div class='ocr_carea' id='block_1_1' title="bbox 351 857 1349 976">
    <p class='ocr_par' dir='ltr' id='par_1_1' title="bbox 351 857 1349 1016">
     <span class='ocr_line' id='line_1_1' title="bbox 351 857 1349 976; baseline 0.003 -4"><span class='ocrx_word' id='word_1_1' title='bbox 351 857 718 974; x_wconf 79' lang='lat' dir='ltr'><strong>ruAErurro</strong></span> <span class='ocrx_word' id='word_1_2' title='bbox 754 861 844 974; x_wconf 86' lang='lat' dir='ltr'><strong>ua</strong></span> <span class='ocrx_word' id='word_1_3' title='bbox 885 859 1349 976; x_wconf 74' lang='lat' dir='ltr'><strong>renouetur.</strong></span> 
     </span>
    </p>
   </div>
   <div class='ocr_carea' id='block_1_2' title="bbox 714 1142 984 1181">
    <p class='ocr_par' dir='ltr' id='par_1_2' title="bbox 714 1142 984 1181">
     <span class='ocr_line' id='line_1_2' title="bbox 714 1142 984 1181; baseline 0.007 -15"><span class='ocrx_word' id='word_1_4' title='bbox 714 1142 984 1181; x_wconf 46' lang='grc' dir='ltr'><strong>ψ-</strong></span> 
     </span>
    </p>
   </div>
   <div class='ocr_carea' id='block_1_3' title="bbox 54 1383 1658 3297">
    <p class='ocr_par' dir='ltr' id='par_1_3' title="bbox 54 1383 1658 3297">
     <span class='ocr_line' id='line_1_3' title="bbox 87 1383 1658 1463; baseline 0.001 -21"><span class='ocrx_word' id='word_1_5' title='bbox 87 1383 283 1462; x_wconf 75' lang='lat' dir='ltr'>Xenophanes</span> <span class='ocrx_word' id='word_1_6' title='bbox 294 1384 334 1460; x_wconf 88' lang='grc' dir='ltr'><strong>(ι)</strong></span> <span class='ocrx_word' id='word_1_7' title='bbox 351 1385 551 1463; x_wconf 84' lang='lat' dir='ltr'><strong>Colophonius</strong></span> <span class='ocrx_word' id='word_1_8' title='bbox 567 1397 650 1463; x_wconf 89' lang='lat' dir='ltr'><strong>patre</strong></span> <span class='ocrx_word' id='word_1_9' title='bbox 662 1385 709 1443; x_wconf 89' lang='lat' dir='ltr'><strong>vei</strong></span> <span class='ocrx_word' id='word_1_10' title='bbox 726 1385 832 1444; x_wconf 86' lang='lat' dir='ltr'><strong>Ortho-</strong></span> <span class='ocrx_word' id='word_1_11' title='bbox 879 1388 972 1444; x_wconf 89' lang='lat' dir='ltr'><strong>ruisse</strong></span> <span class='ocrx_word' id='word_1_12' title='bbox 986 1399 1151 1446; x_wconf 90' lang='lat' dir='ltr'><strong>auctorest.</strong></span> <span class='ocrx_word' id='word_1_13' title='bbox 1168 1385 1280 1444; x_wconf 87' lang='lat' dir='ltr'><strong>Etenim</strong></span> <span class='ocrx_word' id='word_1_14' title='bbox 1298 1383 1453 1444; x_wconf 76' lang='lat' dir='ltr'><strong>admodum</strong></span> <span class='ocrx_word' id='word_1_15' title='bbox 1471 1403 1560 1444; x_wconf 82' lang='lat' dir='ltr'>senex</span> <span class='ocrx_word' id='word_1_16' title='bbox 1582 1385 1658 1446; x_wconf 90' lang='lat' dir='ltr'><strong>obiit</strong></span> 
     </span>
     <span class='ocr_line' id='line_1_4' title="bbox 60 1472 1655 1554; baseline 0.003 -26"><span class='ocrx_word' id='word_1_17' title='bbox 60 1491 151 1542; x_wconf 88' lang='lat' dir='ltr'><strong>mene,</strong></span> <span class='ocrx_word' id='word_1_18' title='bbox 177 1485 212 1528; x_wconf 90' lang='lat' dir='ltr'><strong>ut</strong></span> <span class='ocrx_word' id='word_1_19' title='bbox 236 1472 434 1550; x_wconf 78' lang='lat' dir='ltr'><strong>Apollodorus</strong></span> <span class='ocrx_word' id='word_1_20' title='bbox 458 1472 562 1544; x_wconf 85' lang='lat' dir='ltr'><strong>tradit,</strong></span> <span class='ocrx_word' id='word_1_21' title='bbox 590 1472 637 1530; x_wconf 84' lang='lat' dir='ltr'><strong>vel</strong></span> <span class='ocrx_word' id='word_1_22' title='bbox 661 1473 754 1530; x_wconf 85' lang='lat' dir='ltr'><strong>Dexio</strong></span> <span class='ocrx_word' id='word_1_23' title='bbox 771 1472 833 1531; x_wconf 89' lang='lat' dir='ltr'><strong>sive</strong></span> <span class='ocrx_word' id='word_1_24' title='bbox 878 1473 1080 1552; x_wconf 82' lang='lat' dir='ltr'><strong>Xenophanes,</strong></span> <span class='ocrx_word' id='word_1_25' title='bbox 1106 1492 1191 1550; x_wconf 89' lang='lat' dir='ltr'><strong>quem</strong></span> <span class='ocrx_word' id='word_1_26' title='bbox 1219 1472 1364 1532; x_wconf 77' lang='lat' dir='ltr'><strong>Lucienus</strong></span> <span class='ocrx_word' id='word_1_27' title='bbox 1389 1473 1421 1532; x_wconf 88' lang='lat' dir='ltr'><strong>in</strong></span> <span class='ocrx_word' id='word_1_28' title='bbox 1441 1473 1593 1549; x_wconf 82' lang='lat' dir='ltr'><strong>Longaevis</strong></span> <span class='ocrx_word' id='word_1_29' title='bbox 1615 1475 1655 1554; x_wconf 78' lang='grc' dir='ltr'><strong>(ρ)</strong></span> 
     </span>
     <span class='ocr_line' id='line_1_5' title="bbox 58 1558 1658 1637; baseline 0.003 -21"><span class='ocrx_word' id='word_1_30' title='bbox 58 1559 163 1616; x_wconf 75' lang='lat' dir='ltr'><strong>henim</strong></span> <span class='ocrx_word' id='word_1_31' title='bbox 187 1573 275 1616; x_wconf 87' lang='lat' dir='ltr'><strong>natus</strong></span> <span class='ocrx_word' id='word_1_32' title='bbox 291 1558 407 1634; x_wconf 79' lang='lat' dir='ltr'><strong>insigne</strong></span> <span class='ocrx_word' id='word_1_33' title='bbox 430 1559 531 1635; x_wconf 81' lang='lat' dir='ltr'><strong>patriae</strong></span> <span class='ocrx_word' id='word_1_34' title='bbox 550 1577 610 1617; x_wconf 77' lang='lat' dir='ltr'><strong>suae</strong></span> <span class='ocrx_word' id='word_1_35' title='bbox 634 1559 722 1618; x_wconf 87' lang='lat' dir='ltr'><strong>decus</strong></span> <span class='ocrx_word' id='word_1_36' title='bbox 747 1573 833 1637; x_wconf 89' lang='lat' dir='ltr'><strong>atque</strong></span> <span class='ocrx_word' id='word_1_37' title='bbox 878 1581 967 1619; x_wconf 90' lang='lat' dir='ltr'><strong>unum</strong></span> <span class='ocrx_word' id='word_1_38' title='bbox 995 1575 1024 1618; x_wconf 88' lang='lat' dir='ltr'><strong>et</strong></span> <span class='ocrx_word' id='word_1_39' title='bbox 1046 1561 1202 1636; x_wconf 82' lang='lat' dir='ltr'><strong>nonaginta</strong></span> <span class='ocrx_word' id='word_1_40' title='bbox 1223 1563 1313 1620; x_wconf 84' lang='lat' dir='ltr'><strong>annos</strong></span> <span class='ocrx_word' id='word_1_41' title='bbox 1332 1559 1457 1634; x_wconf 80' lang='lat' dir='ltr'><strong>vixisse,</strong></span> <span class='ocrx_word' id='word_1_42' title='bbox 1478 1561 1658 1621; x_wconf 73' lang='lat' dir='ltr'><strong>Censorinus</strong></span> 
     </span>
     <span class='ocr_line' id='line_1_6' title="bbox 56 1644 1656 1726; baseline 0.003 -24"><span class='ocrx_word' id='word_1_43' title='bbox 56 1658 252 1703; x_wconf 89' lang='lat' dir='ltr'><strong>ornamentum</strong></span> <span class='ocrx_word' id='word_1_44' title='bbox 278 1646 344 1704; x_wconf 84' lang='lat' dir='ltr'><strong>luit.</strong></span> <span class='ocrx_word' id='word_1_45' title='bbox 367 1644 438 1702; x_wconf 88' lang='lat' dir='ltr'><strong>Nam</strong></span> <span class='ocrx_word' id='word_1_46' title='bbox 458 1665 548 1722; x_wconf 92' lang='lat' dir='ltr'><strong>quum</strong></span> <span class='ocrx_word' id='word_1_47' title='bbox 569 1645 763 1724; x_wconf 85' lang='lat' dir='ltr'><strong>Colophonii,</strong></span> <span class='ocrx_word' id='word_1_48' title='bbox 786 1647 833 1705; x_wconf 92' lang='lat' dir='ltr'><strong>lo·</strong></span> <span class='ocrx_word' id='word_1_49' title='bbox 878 1653 942 1726; x_wconf 80' lang='lat' dir='ltr'><strong>cap.</strong></span> <span class='ocrx_word' id='word_1_50' title='bbox 961 1647 1009 1706; x_wconf 83' lang='lat' dir='ltr'><strong>XV</strong></span> <span class='ocrx_word' id='word_1_51' title='bbox 1034 1650 1073 1724; x_wconf 80' lang='lat' dir='ltr'><strong>(a)</strong></span> <span class='ocrx_word' id='word_1_52' title='bbox 1090 1661 1205 1706; x_wconf 86' lang='lat' dir='ltr'><strong>eentum</strong></span> <span class='ocrx_word' id='word_1_53' title='bbox 1232 1648 1316 1707; x_wconf 90' lang='lat' dir='ltr'><strong>annis</strong></span> <span class='ocrx_word' id='word_1_54' title='bbox 1335 1649 1475 1725; x_wconf 88' lang='lat' dir='ltr'><strong>majorem</strong></span> <span class='ocrx_word' id='word_1_55' title='bbox 1491 1649 1656 1726; x_wconf 79' lang='lat' dir='ltr'><strong>exspirasse</strong></span> 
     </span>
     <span class='ocr_line' id='line_1_7' title="bbox 57 1731 1656 1812; baseline 0.003 -23"><span class='ocrx_word' id='word_1_56' title='bbox 57 1731 119 1790; x_wconf 88' lang='lat' dir='ltr'><strong>num</strong></span> <span class='ocrx_word' id='word_1_57' title='bbox 146 1733 179 1790; x_wconf 92' lang='lat' dir='ltr'><strong>in</strong></span> <span class='ocrx_word' id='word_1_58' title='bbox 207 1735 277 1790; x_wconf 75' lang='lat' dir='ltr'><strong>Asia</strong></span> <span class='ocrx_word' id='word_1_59' title='bbox 305 1751 395 1811; x_wconf 85' lang='lat' dir='ltr'><strong>prope</strong></span> <span class='ocrx_word' id='word_1_60' title='bbox 419 1733 635 1810; x_wconf 84' lang='lat' dir='ltr'><strong>potentissimi,</strong></span> <span class='ocrx_word' id='word_1_61' title='bbox 656 1755 715 1792; x_wconf 93' lang='lat' dir='ltr'><strong>non</strong></span> <span class='ocrx_word' id='word_1_62' title='bbox 737 1734 831 1793; x_wconf 87' lang='lat' dir='ltr'><strong>solum</strong></span> <span class='ocrx_word' id='word_1_63' title='bbox 878 1749 1009 1795; x_wconf 86' lang='lat' dir='ltr'><strong>testatur.</strong></span> <span class='ocrx_word' id='word_1_64' title='bbox 1025 1735 1111 1794; x_wconf 89' lang='lat' dir='ltr'><strong>Certe</strong></span> <span class='ocrx_word' id='word_1_65' title='bbox 1124 1736 1269 1810; x_wconf 79' lang='lat' dir='ltr'><strong>Diogenes</strong></span> <span class='ocrx_word' id='word_1_66' title='bbox 1290 1734 1422 1794; x_wconf 78' lang='lat' dir='ltr'><strong>Laertius</strong></span> <span class='ocrx_word' id='word_1_67' title='bbox 1439 1735 1491 1794; x_wconf 90' lang='lat' dir='ltr'><strong>lib.</strong></span> <span class='ocrx_word' id='word_1_68' title='bbox 1508 1734 1564 1808; x_wconf 84' lang='lat' dir='ltr'><strong>lx,</strong></span> <span class='ocrx_word' id='word_1_69' title='bbox 1584 1755 1656 1812; x_wconf 80' lang='lat' dir='ltr'><strong>rqe</strong></span> 
     </span>
     <span class='ocr_line' id='line_1_8' title="bbox 54 1819 1656 1902; baseline 0 -22"><span class='ocrx_word' id='word_1_70' title='bbox 54 1823 161 1881; x_wconf 78' lang='lat' dir='ltr'><strong>diuitiis</strong></span> <span class='ocrx_word' id='word_1_71' title='bbox 175 1821 328 1880; x_wconf 81' lang='lat' dir='ltr'><strong>affluerent</strong></span> <span class='ocrx_word' id='word_1_72' title='bbox 340 1819 516 1897; x_wconf 75' lang='lat' dir='ltr'><strong>viribusque</strong></span> <span class='ocrx_word' id='word_1_73' title='bbox 530 1833 559 1878; x_wconf 90' lang='lat' dir='ltr'><strong>et</strong></span> <span class='ocrx_word' id='word_1_74' title='bbox 575 1821 665 1879; x_wconf 88' lang='lat' dir='ltr'><strong>armis</strong></span> <span class='ocrx_word' id='word_1_75' title='bbox 685 1821 831 1894; x_wconf 81' lang='lat' dir='ltr'><strong>ualerent,</strong></span> <span class='ocrx_word' id='word_1_76' title='bbox 878 1823 1052 1902; x_wconf 89' lang='lat' dir='ltr'><strong>Colophonii</strong></span> <span class='ocrx_word' id='word_1_77' title='bbox 1068 1835 1159 1900; x_wconf 80' lang='lat' dir='ltr'><strong>poetar</strong></span> <span class='ocrx_word' id='word_1_78' title='bbox 1173 1823 1352 1882; x_wconf 84' lang='lat' dir='ltr'><strong>carminibus</strong></span> <span class='ocrx_word' id='word_1_79' title='bbox 1363 1824 1474 1900; x_wconf 87' lang='lat' dir='ltr'><strong>aliquot</strong></span> <span class='ocrx_word' id='word_1_80' title='bbox 1492 1843 1594 1882; x_wconf 87' lang='lat' dir='ltr'><strong>versus</strong></span> <span class='ocrx_word' id='word_1_81' title='bbox 1613 1823 1656 1882; x_wconf 84' lang='lat' dir='ltr'><strong>ai·</strong></span> 
     </span>
     <span class='ocr_line' id='line_1_9' title="bbox 55 1908 1656 1986; baseline 0 -18"><span class='ocrx_word' id='word_1_82' title='bbox 55 1912 97 1968; x_wconf 83' lang='lat' dir='ltr'><strong>sed</strong></span> <span class='ocrx_word' id='word_1_83' title='bbox 126 1911 215 1968; x_wconf 88' lang='lat' dir='ltr'><strong>etiam</strong></span> <span class='ocrx_word' id='word_1_84' title='bbox 240 1928 353 1968; x_wconf 91' lang='lat' dir='ltr'><strong>summa</strong></span> <span class='ocrx_word' id='word_1_85' title='bbox 376 1909 559 1983; x_wconf 84' lang='lat' dir='ltr'><strong>ingeniorum</strong></span> <span class='ocrx_word' id='word_1_86' title='bbox 578 1929 612 1968; x_wconf 88' lang='lat' dir='ltr'><strong>ac</strong></span> <span class='ocrx_word' id='word_1_87' title='bbox 635 1908 831 1968; x_wconf 87' lang='lat' dir='ltr'><strong>doctrinarum</strong></span> <span class='ocrx_word' id='word_1_88' title='bbox 879 1911 932 1968; x_wconf 89' lang='lat' dir='ltr'><strong>t&#39;ert</strong></span> <span class='ocrx_word' id='word_1_89' title='bbox 944 1930 1020 1968; x_wconf 90' lang='lat' dir='ltr'><strong>anno</strong></span> <span class='ocrx_word' id='word_1_90' title='bbox 1035 1911 1126 1968; x_wconf 89' lang='lat' dir='ltr'><strong>aetatis</strong></span> <span class='ocrx_word' id='word_1_91' title='bbox 1143 1911 1330 1986; x_wconf 80' lang='lat' dir='ltr'><strong>nonagesimo</strong></span> <span class='ocrx_word' id='word_1_92' title='bbox 1341 1909 1515 1970; x_wconf 86' lang='lat' dir='ltr'><strong>secundoab</strong></span> <span class='ocrx_word' id='word_1_93' title='bbox 1527 1929 1562 1967; x_wconf 89' lang='lat' dir='ltr'><strong>eo</strong></span> <span class='ocrx_word' id='word_1_94' title='bbox 1577 1931 1656 1968; x_wconf 86' lang='lat' dir='ltr'><strong>conr·</strong></span> 
     </span>
     <span class='ocr_line' id='line_1_10' title="bbox 56 1996 1656 2076; baseline 0.003 -23"><span class='ocrx_word' id='word_1_95' title='bbox 56 1997 136 2055; x_wconf 85' lang='lat' dir='ltr'><strong>leude</strong></span> <span class='ocrx_word' id='word_1_96' title='bbox 151 1998 221 2055; x_wconf 86' lang='lat' dir='ltr'><strong>aliis</strong></span> <span class='ocrx_word' id='word_1_97' title='bbox 243 2009 437 2076; x_wconf 72' lang='lat' dir='ltr'><strong>praestarent:</strong></span> <span class='ocrx_word' id='word_1_98' title='bbox 463 1996 571 2054; x_wconf 91' lang='lat' dir='ltr'><strong>multos</strong></span> <span class='ocrx_word' id='word_1_99' title='bbox 595 2016 629 2054; x_wconf 89' lang='lat' dir='ltr'><strong>ea</strong></span> <span class='ocrx_word' id='word_1_100' title='bbox 647 1997 750 2055; x_wconf 82' lang='lat' dir='ltr'><strong>ciuitas</strong></span> <span class='ocrx_word' id='word_1_101' title='bbox 766 1996 833 2056; x_wconf 94' lang='lat' dir='ltr'><strong>tulit</strong></span> <span class='ocrx_word' id='word_1_102' title='bbox 878 1998 988 2075; x_wconf 91' lang='lat' dir='ltr'><strong>positos</strong></span> <span class='ocrx_word' id='word_1_103' title='bbox 1008 2000 1055 2073; x_wconf 87' lang='grc'><strong>(9).</strong></span> <span class='ocrx_word' id='word_1_104' title='bbox 1071 1997 1181 2055; x_wconf 86' lang='lat' dir='ltr'><strong>llelicta</strong></span> <span class='ocrx_word' id='word_1_105' title='bbox 1200 2000 1293 2074; x_wconf 89' lang='lat' dir='ltr'><strong>patria</strong></span> <span class='ocrx_word' id='word_1_106' title='bbox 1305 1998 1337 2056; x_wconf 94' lang='lat' dir='ltr'><strong>in</strong></span> <span class='ocrx_word' id='word_1_107' title='bbox 1359 1998 1488 2056; x_wconf 87' lang='lat' dir='ltr'><strong>Siciliam</strong></span> <span class='ocrx_word' id='word_1_108' title='bbox 1511 1997 1656 2074; x_wconf 73' lang='lat' dir='ltr'><strong>proiectus</strong></span> 
     </span>
     <span class='ocr_line' id='line_1_11' title="bbox 57 2080 1656 2163; baseline 0.001 -23"><span class='ocrx_word' id='word_1_109' title='bbox 57 2099 150 2160; x_wconf 79' lang='lat' dir='ltr'><strong>poema</strong></span> <span class='ocrx_word' id='word_1_110' title='bbox 164 2105 292 2162; x_wconf 90' lang='lat' dir='ltr'><strong>quorum</strong></span> <span class='ocrx_word' id='word_1_111' title='bbox 311 2084 478 2141; x_wconf 90' lang='lat' dir='ltr'><strong>memoriam</strong></span> <span class='ocrx_word' id='word_1_112' title='bbox 497 2080 640 2142; x_wconf 88' lang='lat' dir='ltr'><strong>Nicander</strong></span> <span class='ocrx_word' id='word_1_113' title='bbox 651 2083 709 2163; x_wconf 79' lang='lat' dir='ltr'><strong>(a),</strong></span> <span class='ocrx_word' id='word_1_114' title='bbox 727 2096 756 2142; x_wconf 91' lang='lat' dir='ltr'><strong>et</strong></span> <span class='ocrx_word' id='word_1_115' title='bbox 769 2086 832 2163; x_wconf 91' lang='lat' dir='ltr'><strong>ipse</strong></span> <span class='ocrx_word' id='word_1_116' title='bbox 878 2086 974 2162; x_wconf 89' lang='lat' dir='ltr'><strong>primo</strong></span> <span class='ocrx_word' id='word_1_117' title='bbox 987 2085 1123 2160; x_wconf 84' lang='lat' dir='ltr'><strong>Zanclen,</strong></span> <span class='ocrx_word' id='word_1_118' title='bbox 1145 2085 1251 2146; x_wconf 87' lang='lat' dir='ltr'><strong>deinde</strong></span> <span class='ocrx_word' id='word_1_119' title='bbox 1265 2085 1400 2143; x_wconf 89' lang='lat' dir='ltr'><strong>Catanam</strong></span> <span class='ocrx_word' id='word_1_120' title='bbox 1414 2084 1572 2142; x_wconf 91' lang='lat' dir='ltr'><strong>habitatum</strong></span> <span class='ocrx_word' id='word_1_121' title='bbox 1588 2103 1656 2142; x_wconf 92' lang='lat' dir='ltr'><strong>con·</strong></span> 
     </span>
     <span class='ocr_line' id='line_1_12' title="bbox 56 2170 1656 2250; baseline 0.001 -22"><span class='ocrx_word' id='word_1_122' title='bbox 56 2171 232 2249; x_wconf 87' lang='lat' dir='ltr'><strong>Colophonis</strong></span> <span class='ocrx_word' id='word_1_123' title='bbox 243 2171 328 2230; x_wconf 89' lang='lat' dir='ltr'><strong>urbis</strong></span> <span class='ocrx_word' id='word_1_124' title='bbox 340 2172 491 2242; x_wconf 86' lang='lat' dir='ltr'><strong>alumnus,</strong></span> <span class='ocrx_word' id='word_1_125' title='bbox 507 2171 618 2248; x_wconf 90' lang='lat' dir='ltr'><strong>scripto</strong></span> <span class='ocrx_word' id='word_1_126' title='bbox 632 2170 757 2248; x_wconf 91' lang='lat' dir='ltr'><strong>quodam</strong></span> <span class='ocrx_word' id='word_1_127' title='bbox 773 2172 832 2230; x_wconf 86' lang='lat' dir='ltr'><strong>ier·</strong></span> <span class='ocrx_word' id='word_1_128' title='bbox 877 2173 962 2231; x_wconf 89' lang='lat' dir='ltr'><strong>cessit</strong></span> <span class='ocrx_word' id='word_1_129' title='bbox 978 2174 1048 2248; x_wconf 80' lang='grc' dir='ltr'><strong>(ιο).</strong></span> <span class='ocrx_word' id='word_1_130' title='bbox 1069 2172 1156 2230; x_wconf 67' lang='lat' dir='ltr'><strong>vetio</strong></span> <span class='ocrx_word' id='word_1_131' title='bbox 1175 2193 1293 2250; x_wconf 91' lang='lat' dir='ltr'><strong>quoque</strong></span> <span class='ocrx_word' id='word_1_132' title='bbox 1312 2192 1378 2231; x_wconf 90' lang='lat' dir='ltr'><strong>eum</strong></span> <span class='ocrx_word' id='word_1_133' title='bbox 1401 2171 1513 2247; x_wconf 84' lang='lat' dir='ltr'><strong>degisse</strong></span> <span class='ocrx_word' id='word_1_134' title='bbox 1527 2173 1581 2229; x_wconf 87' lang='lat' dir='ltr'><strong>etsi</strong></span> <span class='ocrx_word' id='word_1_135' title='bbox 1597 2191 1656 2230; x_wconf 92' lang='lat' dir='ltr'><strong>uon</strong></span> 
     </span>
     <span class='ocr_line' id='line_1_13' title="bbox 55 2258 1657 2337; baseline 0.002 -25"><span class='ocrx_word' id='word_1_136' title='bbox 55 2271 96 2314; x_wconf 89' lang='lat' dir='ltr'><strong>tur</strong></span> <span class='ocrx_word' id='word_1_137' title='bbox 110 2258 284 2318; x_wconf 79' lang='lat' dir='ltr'><strong>celebrasse.</strong></span> <span class='ocrx_word' id='word_1_138' title='bbox 307 2258 350 2316; x_wconf 86' lang='lat' dir='ltr'><strong>Ex</strong></span> <span class='ocrx_word' id='word_1_139' title='bbox 362 2259 408 2316; x_wconf 91' lang='lat' dir='ltr'><strong>his</strong></span> <span class='ocrx_word' id='word_1_140' title='bbox 420 2278 480 2335; x_wconf 86' lang='lat' dir='ltr'><strong>prae</strong></span> <span class='ocrx_word' id='word_1_141' title='bbox 495 2259 605 2316; x_wconf 87' lang='lat' dir='ltr'><strong>caeteris</strong></span> <span class='ocrx_word' id='word_1_142' title='bbox 619 2260 732 2335; x_wconf 87' lang='lat' dir='ltr'><strong>poetica</strong></span> <span class='ocrx_word' id='word_1_143' title='bbox 744 2259 832 2318; x_wconf 86' lang='lat' dir='ltr'><strong>sacul-</strong></span> <span class='ocrx_word' id='word_1_144' title='bbox 877 2258 983 2318; x_wconf 90' lang='lat' dir='ltr'><strong>diserte</strong></span> <span class='ocrx_word' id='word_1_145' title='bbox 994 2259 1166 2336; x_wconf 90' lang='lat' dir='ltr'><strong>abantiquis</strong></span> <span class='ocrx_word' id='word_1_146' title='bbox 1181 2261 1327 2337; x_wconf 89' lang='lat' dir='ltr'><strong>proditum</strong></span> <span class='ocrx_word' id='word_1_147' title='bbox 1342 2259 1390 2330; x_wconf 87' lang='lat' dir='ltr'><strong>sit,</strong></span> <span class='ocrx_word' id='word_1_148' title='bbox 1404 2260 1473 2317; x_wconf 88' lang='lat' dir='ltr'><strong>setis</strong></span> <span class='ocrx_word' id='word_1_149' title='bbox 1486 2271 1580 2316; x_wconf 88' lang='lat' dir='ltr'><strong>tamen</strong></span> <span class='ocrx_word' id='word_1_150' title='bbox 1590 2278 1657 2335; x_wconf 90' lang='lat' dir='ltr'><strong>pro·</strong></span> 
     </span>
     <span class='ocr_line' id='line_1_14' title="bbox 56 2344 1657 2426; baseline 0.001 -24"><span class='ocrx_word' id='word_1_151' title='bbox 56 2361 107 2405; x_wconf 87' lang='lat' dir='ltr'><strong>tate</strong></span> <span class='ocrx_word' id='word_1_152' title='bbox 123 2349 276 2426; x_wconf 88' lang='lat' dir='ltr'><strong>conspicui</strong></span> <span class='ocrx_word' id='word_1_153' title='bbox 291 2348 406 2405; x_wconf 84' lang='lat' dir='ltr'><strong>inerunt</strong></span> <span class='ocrx_word' id='word_1_154' title='bbox 417 2348 600 2424; x_wconf 79' lang='lat' dir='ltr'><strong>gloriamque</strong></span> <span class='ocrx_word' id='word_1_155' title='bbox 610 2348 755 2406; x_wconf 87' lang='lat' dir='ltr'><strong>consecuti</strong></span> <span class='ocrx_word' id='word_1_156' title='bbox 766 2362 833 2406; x_wconf 91' lang='lat' dir='ltr'><strong>sunt</strong></span> <span class='ocrx_word' id='word_1_157' title='bbox 877 2348 962 2404; x_wconf 89' lang='lat' dir='ltr'><strong>batur</strong></span> <span class='ocrx_word' id='word_1_158' title='bbox 983 2365 1018 2404; x_wconf 94' lang='lat' dir='ltr'><strong>eo</strong></span> <span class='ocrx_word' id='word_1_159' title='bbox 1044 2347 1123 2423; x_wconf 94' lang='lat' dir='ltr'><strong>quod</strong></span> <span class='ocrx_word' id='word_1_160' title='bbox 1140 2346 1177 2405; x_wconf 90' lang='lat' dir='ltr'><strong>ab</strong></span> <span class='ocrx_word' id='word_1_161' title='bbox 1200 2346 1337 2405; x_wconf 91' lang='lat' dir='ltr'><strong>omuibus</strong></span> <span class='ocrx_word' id='word_1_162' title='bbox 1362 2345 1494 2403; x_wconf 76' lang='lat' dir='ltr'><strong>Eleaticre</strong></span> <span class='ocrx_word' id='word_1_163' title='bbox 1516 2344 1657 2404; x_wconf 75' lang='lat' dir='ltr'><strong>doctrine</strong></span> 
     </span>
     <span class='ocr_line' id='line_1_15' title="bbox 55 2433 1657 2512; baseline 0.002 -24"><span class='ocrx_word' id='word_1_164' title='bbox 55 2435 258 2504; x_wconf 79' lang='lat' dir='ltr'><strong>Mimnermus,</strong></span> <span class='ocrx_word' id='word_1_165' title='bbox 275 2435 468 2509; x_wconf 85' lang='lat' dir='ltr'><strong>elegiacorum</strong></span> <span class='ocrx_word' id='word_1_166' title='bbox 481 2435 641 2492; x_wconf 82' lang='lat' dir='ltr'><strong>carminum</strong></span> <span class='ocrx_word' id='word_1_167' title='bbox 654 2435 791 2512; x_wconf 83' lang='lat' dir='ltr'><strong>scriptor,</strong></span> <span class='ocrx_word' id='word_1_168' title='bbox 804 2449 832 2494; x_wconf 90' lang='lat' dir='ltr'><strong>et</strong></span> <span class='ocrx_word' id='word_1_169' title='bbox 876 2447 977 2492; x_wconf 87' lang='lat' dir='ltr'><strong>auctor</strong></span> <span class='ocrx_word' id='word_1_170' title='bbox 992 2435 1168 2506; x_wconf 88' lang='lat' dir='ltr'><strong>nominatur,</strong></span> <span class='ocrx_word' id='word_1_171' title='bbox 1181 2448 1209 2492; x_wconf 90' lang='lat' dir='ltr'><strong>et</strong></span> <span class='ocrx_word' id='word_1_172' title='bbox 1224 2434 1302 2511; x_wconf 92' lang='lat' dir='ltr'><strong>quod</strong></span> <span class='ocrx_word' id='word_1_173' title='bbox 1317 2434 1444 2492; x_wconf 87' lang='lat' dir='ltr'><strong>carmine</strong></span> <span class='ocrx_word' id='word_1_174' title='bbox 1458 2433 1582 2510; x_wconf 91' lang='lat' dir='ltr'><strong>quodam</strong></span> <span class='ocrx_word' id='word_1_175' title='bbox 1596 2435 1657 2512; x_wconf 92' lang='lat' dir='ltr'><strong>pri·</strong></span> 
     </span>
     <span class='ocr_line' id='line_1_16' title="bbox 56 2519 1655 2600; baseline 0.003 -24"><span class='ocrx_word' id='word_1_176' title='bbox 56 2519 244 2598; x_wconf 84' lang='lat' dir='ltr'><strong>Xenophanes</strong></span> <span class='ocrx_word' id='word_1_177' title='bbox 260 2522 296 2578; x_wconf 90' lang='lat' dir='ltr'><strong>de</strong></span> <span class='ocrx_word' id='word_1_178' title='bbox 309 2541 367 2597; x_wconf 91' lang='lat' dir='ltr'><strong>quo</strong></span> <span class='ocrx_word' id='word_1_179' title='bbox 381 2522 430 2579; x_wconf 90' lang='lat' dir='ltr'><strong>hic</strong></span> <span class='ocrx_word' id='word_1_180' title='bbox 445 2522 541 2597; x_wconf 81' lang='lat' dir='ltr'><strong>agitur</strong></span> <span class='ocrx_word' id='word_1_181' title='bbox 556 2522 609 2598; x_wconf 85' lang='grc'><strong>(3).</strong></span> <span class='ocrx_word' id='word_1_182' title='bbox 625 2520 721 2598; x_wconf 83' lang='lat' dir='ltr'><strong>Hujus</strong></span> <span class='ocrx_word' id='word_1_183' title='bbox 736 2535 830 2580; x_wconf 88' lang='lat' dir='ltr'><strong>eutem</strong></span> <span class='ocrx_word' id='word_1_184' title='bbox 877 2522 990 2580; x_wconf 89' lang='lat' dir='ltr'><strong>mordia</strong></span> <span class='ocrx_word' id='word_1_185' title='bbox 998 2521 1086 2598; x_wconf 88' lang='lat' dir='ltr'><strong>hujus</strong></span> <span class='ocrx_word' id='word_1_186' title='bbox 1099 2521 1182 2580; x_wconf 91' lang='lat' dir='ltr'><strong>urbis</strong></span> <span class='ocrx_word' id='word_1_187' title='bbox 1194 2521 1352 2579; x_wconf 88' lang='lat' dir='ltr'><strong>celebravit</strong></span> <span class='ocrx_word' id='word_1_188' title='bbox 1366 2521 1374 2600; x_wconf 89' lang='grc'><strong>(</strong></span> <span class='ocrx_word' id='word_1_189' title='bbox 1380 2525 1441 2597; x_wconf 89' lang='grc' dir='ltr'><strong>ιι).</strong></span> <span class='ocrx_word' id='word_1_190' title='bbox 1457 2521 1554 2580; x_wconf 84' lang='lat' dir='ltr'><strong>Exstat</strong></span> <span class='ocrx_word' id='word_1_191' title='bbox 1569 2524 1655 2580; x_wconf 88' lang='lat' dir='ltr'><strong>etiam</strong></span> 
     </span>
     <span class='ocr_line' id='line_1_17' title="bbox 55 2607 1655 2686; baseline 0.003 -21"><span class='ocrx_word' id='word_1_192' title='bbox 55 2622 159 2666; x_wconf 78' lang='lat' dir='ltr'><strong>etatem</strong></span> <span class='ocrx_word' id='word_1_193' title='bbox 172 2609 203 2666; x_wconf 93' lang='lat' dir='ltr'><strong>in</strong></span> <span class='ocrx_word' id='word_1_194' title='bbox 214 2627 318 2682; x_wconf 80' lang='lat' dir='ltr'><strong>magna</strong></span> <span class='ocrx_word' id='word_1_195' title='bbox 327 2607 511 2685; x_wconf 88' lang='lat' dir='ltr'><strong>antiquorum</strong></span> <span class='ocrx_word' id='word_1_196' title='bbox 524 2609 639 2666; x_wconf 90' lang='lat' dir='ltr'><strong>testium</strong></span> <span class='ocrx_word' id='word_1_197' title='bbox 651 2610 831 2667; x_wconf 87' lang='lat' dir='ltr'><strong>dissensione</strong></span> <span class='ocrx_word' id='word_1_198' title='bbox 878 2609 987 2667; x_wconf 92' lang='lat' dir='ltr'><strong>dictum</strong></span> <span class='ocrx_word' id='word_1_199' title='bbox 1008 2609 1072 2686; x_wconf 88' lang='lat' dir='ltr'><strong>ejus</strong></span> <span class='ocrx_word' id='word_1_200' title='bbox 1092 2609 1127 2667; x_wconf 85' lang='lat' dir='ltr'><strong>ad</strong></span> <span class='ocrx_word' id='word_1_201' title='bbox 1143 2609 1254 2667; x_wconf 83' lang='lat' dir='ltr'><strong>Eleates</strong></span> <span class='ocrx_word' id='word_1_202' title='bbox 1272 2609 1349 2686; x_wconf 92' lang='lat' dir='ltr'><strong>apud</strong></span> <span class='ocrx_word' id='word_1_203' title='bbox 1367 2610 1550 2667; x_wconf 78' lang='lat' dir='ltr'><strong>Aristotelem</strong></span> <span class='ocrx_word' id='word_1_204' title='bbox 1572 2608 1655 2670; x_wconf 80' lang='lat' dir='ltr'><strong>lihct.</strong></span> 
     </span>
     <span class='ocr_line' id='line_1_18' title="bbox 56 2693 1655 2775; baseline 0.002 -23"><span class='ocrx_word' id='word_1_205' title='bbox 56 2695 173 2752; x_wconf 86' lang='lat' dir='ltr'><strong>delinire</strong></span> <span class='ocrx_word' id='word_1_206' title='bbox 190 2695 396 2753; x_wconf 88' lang='lat' dir='ltr'><strong>difficillimum</strong></span> <span class='ocrx_word' id='word_1_207' title='bbox 413 2709 465 2754; x_wconf 91' lang='lat' dir='ltr'><strong>est.</strong></span> <span class='ocrx_word' id='word_1_208' title='bbox 480 2695 539 2753; x_wconf 87' lang='lat' dir='ltr'><strong>Nos</strong></span> <span class='ocrx_word' id='word_1_209' title='bbox 555 2695 763 2772; x_wconf 73' lang='lat' dir='ltr'><strong>Apollodorum</strong></span> <span class='ocrx_word' id='word_1_210' title='bbox 789 2697 828 2773; x_wconf 78' lang='grc'><strong>(4)</strong></span> <span class='ocrx_word' id='word_1_211' title='bbox 877 2693 916 2765; x_wconf 89' lang='lat' dir='ltr'><strong>ll,</strong></span> <span class='ocrx_word' id='word_1_212' title='bbox 934 2698 982 2768; x_wconf 77' lang='lat'><strong>23,</strong></span> <span class='ocrx_word' id='word_1_213' title='bbox 999 2717 1027 2773; x_wconf 87' lang='lat' dir='ltr'><strong>p.</strong></span> <span class='ocrx_word' id='word_1_214' title='bbox 1044 2695 1232 2775; x_wconf 74' lang='lat' dir='ltr'><strong>447‚C(12).</strong></span> <span class='ocrx_word' id='word_1_215' title='bbox 1249 2695 1375 2754; x_wconf 88' lang='lat' dir='ltr'><strong>Dubium</strong></span> <span class='ocrx_word' id='word_1_216' title='bbox 1390 2710 1433 2754; x_wconf 87' lang='lat' dir='ltr'><strong>est</strong></span> <span class='ocrx_word' id='word_1_217' title='bbox 1449 2695 1555 2772; x_wconf 88' lang='lat' dir='ltr'><strong>quibus</strong></span> <span class='ocrx_word' id='word_1_218' title='bbox 1566 2697 1655 2772; x_wconf 80' lang='lat' dir='ltr'><strong>magi·</strong></span> 
     </span>
     <span class='ocr_line' id='line_1_19' title="bbox 56 2783 1652 2860; baseline 0.001 -20"><span class='ocrx_word' id='word_1_219' title='bbox 56 2783 201 2858; x_wconf 84' lang='lat' dir='ltr'><strong>sequimur</strong></span> <span class='ocrx_word' id='word_1_220' title='bbox 211 2785 263 2858; x_wconf 93' lang='lat' dir='ltr'><strong>qui</strong></span> <span class='ocrx_word' id='word_1_221' title='bbox 278 2801 344 2840; x_wconf 88' lang='lat' dir='ltr'><strong>euru</strong></span> <span class='ocrx_word' id='word_1_222' title='bbox 356 2783 530 2860; x_wconf 80' lang='lat' dir='ltr'><strong>Olympiade</strong></span> <span class='ocrx_word' id='word_1_223' title='bbox 543 2783 762 2860; x_wconf 83' lang='lat' dir='ltr'><strong>quadragesima</strong></span> <span class='ocrx_word' id='word_1_224' title='bbox 780 2803 830 2840; x_wconf 92' lang='lat' dir='ltr'><strong>na·</strong></span> <span class='ocrx_word' id='word_1_225' title='bbox 878 2783 946 2840; x_wconf 88' lang='lat' dir='ltr'><strong>stris</strong></span> <span class='ocrx_word' id='word_1_226' title='bbox 972 2803 1040 2841; x_wconf 88' lang='lat' dir='ltr'><strong>usus</strong></span> <span class='ocrx_word' id='word_1_227' title='bbox 1065 2784 1119 2855; x_wconf 92' lang='lat' dir='ltr'><strong>sit,</strong></span> <span class='ocrx_word' id='word_1_228' title='bbox 1145 2783 1288 2860; x_wconf 89' lang='lat' dir='ltr'><strong>siquidem</strong></span> <span class='ocrx_word' id='word_1_229' title='bbox 1317 2783 1369 2840; x_wconf 88' lang='lat' dir='ltr'><strong>alii</strong></span> <span class='ocrx_word' id='word_1_230' title='bbox 1393 2784 1466 2841; x_wconf 87' lang='lat' dir='ltr'><strong>alios</strong></span> <span class='ocrx_word' id='word_1_231' title='bbox 1483 2797 1652 2842; x_wconf 86' lang='lat' dir='ltr'><strong>memorant.</strong></span> 
     </span>
     <span class='ocr_line' id='line_1_20' title="bbox 58 2867 1656 2947; baseline 0.002 -21"><span class='ocrx_word' id='word_1_232' title='bbox 58 2883 112 2927; x_wconf 91' lang='lat' dir='ltr'><strong>tum</strong></span> <span class='ocrx_word' id='word_1_233' title='bbox 130 2889 192 2928; x_wconf 88' lang='lat' dir='ltr'><strong>esse</strong></span> <span class='ocrx_word' id='word_1_234' title='bbox 206 2870 343 2946; x_wconf 84' lang='lat' dir='ltr'><strong>scripsit,</strong></span> <span class='ocrx_word' id='word_1_235' title='bbox 356 2869 435 2946; x_wconf 93' lang='lat' dir='ltr'><strong>quod</strong></span> <span class='ocrx_word' id='word_1_236' title='bbox 448 2871 601 2928; x_wconf 86' lang='lat' dir='ltr'><strong>confirmat</strong></span> <span class='ocrx_word' id='word_1_237' title='bbox 615 2870 718 2928; x_wconf 84' lang='lat' dir='ltr'><strong>Sextus</strong></span> <span class='ocrx_word' id='word_1_238' title='bbox 732 2869 830 2947; x_wconf 82' lang='lat' dir='ltr'><strong>Empi·</strong></span> <span class='ocrx_word' id='word_1_239' title='bbox 878 2869 987 2928; x_wconf 81' lang='lat' dir='ltr'><strong>Etenim</strong></span> <span class='ocrx_word' id='word_1_240' title='bbox 1003 2871 1097 2928; x_wconf 77' lang='lat' dir='ltr'><strong>terrent</strong></span> <span class='ocrx_word' id='word_1_241' title='bbox 1113 2871 1251 2928; x_wconf 81' lang='lat' dir='ltr'><strong>botonem</strong></span> <span class='ocrx_word' id='word_1_242' title='bbox 1261 2867 1320 2944; x_wconf 80' lang='lat'>(13)</span> <span class='ocrx_word' id='word_1_243' title='bbox 1330 2868 1486 2947; x_wconf 90' lang='lat' dir='ltr'><strong>quemdam</strong></span> <span class='ocrx_word' id='word_1_244' title='bbox 1498 2870 1656 2928; x_wconf 78' lang='lat' dir='ltr'><strong>Athenien·</strong></span> 
     </span>
     <span class='ocr_line' id='line_1_21' title="bbox 58 2955 1656 3034; baseline 0.003 -22"><span class='ocrx_word' id='word_1_245' title='bbox 58 2958 132 3014; x_wconf 79' lang='lat' dir='ltr'><strong>neus</strong></span> <span class='ocrx_word' id='word_1_246' title='bbox 158 2955 224 3014; x_wconf 83' lang='lat' dir='ltr'><strong>adr.</strong></span> <span class='ocrx_word' id='word_1_247' title='bbox 248 2955 337 3014; x_wconf 87' lang='lat' dir='ltr'><strong>lllath.</strong></span> <span class='ocrx_word' id='word_1_248' title='bbox 358 2956 372 3014; x_wconf 97' lang='lat' dir='ltr'><strong>l</strong></span> <span class='ocrx_word' id='word_1_249' title='bbox 397 2975 460 3034; x_wconf 89' lang='lat' dir='ltr'><strong>cap.</strong></span> <span class='ocrx_word' id='word_1_250' title='bbox 489 2977 536 3028; x_wconf 81' lang='lat' dir='ltr'><strong>aa,</strong></span> <span class='ocrx_word' id='word_1_251' title='bbox 564 2956 633 3028; x_wconf 78' lang='lat'><strong>257.</strong></span> <span class='ocrx_word' id='word_1_252' title='bbox 654 2956 754 3034; x_wconf 84' lang='lat' dir='ltr'><strong>Neque</strong></span> <span class='ocrx_word' id='word_1_253' title='bbox 774 2957 831 3014; x_wconf 86' lang='lat' dir='ltr'><strong>elie</strong></span> <span class='ocrx_word' id='word_1_254' title='bbox 876 2957 1656 3034; x_wconf 80' lang='lat' dir='ltr'><strong>sentabeoauditumesse,cujusetaetusetdoctrina</strong></span> 
     </span>
     <span class='ocr_line' id='line_1_22' title="bbox 58 3042 1655 3123; baseline 0.004 -26"><span class='ocrx_word' id='word_1_255' title='bbox 58 3045 169 3101; x_wconf 85' lang='lat' dir='ltr'><strong>ridetur</strong></span> <span class='ocrx_word' id='word_1_256' title='bbox 196 3043 316 3102; x_wconf 83' lang='lat' dir='ltr'><strong>Eusebii</strong></span> <span class='ocrx_word' id='word_1_257' title='bbox 336 3057 366 3102; x_wconf 90' lang='lat' dir='ltr'><strong>et</strong></span> <span class='ocrx_word' id='word_1_258' title='bbox 392 3044 532 3118; x_wconf 80' lang='lat' dir='ltr'><strong>Diogenis</strong></span> <span class='ocrx_word' id='word_1_259' title='bbox 555 3042 662 3102; x_wconf 85' lang='lat' dir='ltr'><strong>Laertii</strong></span> <span class='ocrx_word' id='word_1_260' title='bbox 690 3043 831 3101; x_wconf 90' lang='lat' dir='ltr'><strong>sententia</strong></span> <span class='ocrx_word' id='word_1_261' title='bbox 876 3043 1054 3120; x_wconf 89' lang='lat' dir='ltr'><strong>incomperta</strong></span> <span class='ocrx_word' id='word_1_262' title='bbox 1063 3058 1115 3103; x_wconf 87' lang='lat' dir='ltr'><strong>est.</strong></span> <span class='ocrx_word' id='word_1_263' title='bbox 1131 3044 1186 3102; x_wconf 90' lang='lat' dir='ltr'><strong>Sed</strong></span> <span class='ocrx_word' id='word_1_264' title='bbox 1201 3045 1251 3120; x_wconf 94' lang='lat' dir='ltr'><strong>qui</strong></span> <span class='ocrx_word' id='word_1_265' title='bbox 1265 3044 1435 3102; x_wconf 74' lang='lat' dir='ltr'><strong>Archelaum</strong></span> <span class='ocrx_word' id='word_1_266' title='bbox 1450 3058 1655 3123; x_wconf 69' lang='lat' dir='ltr'><strong>praeceptorem</strong></span> 
     </span>
     <span class='ocr_line' id='line_1_23' title="bbox 60 3130 1657 3209; baseline 0.003 -23"><span class='ocrx_word' id='word_1_267' title='bbox 60 3131 155 3202; x_wconf 68' lang='lat' dir='ltr'><strong>iniisse,</strong></span> <span class='ocrx_word' id='word_1_268' title='bbox 166 3151 290 3207; x_wconf 89' lang='lat' dir='ltr'><strong>quorum</strong></span> <span class='ocrx_word' id='word_1_269' title='bbox 311 3131 383 3189; x_wconf 89' lang='lat' dir='ltr'><strong>alter</strong></span> <span class='ocrx_word' id='word_1_270' title='bbox 396 3130 434 3208; x_wconf 86' lang='grc'><strong>(5)</strong></span> <span class='ocrx_word' id='word_1_271' title='bbox 448 3132 479 3188; x_wconf 95' lang='lat' dir='ltr'><strong>in</strong></span> <span class='ocrx_word' id='word_1_272' title='bbox 495 3130 612 3188; x_wconf 85' lang='lat' dir='ltr'><strong>Canone</strong></span> <span class='ocrx_word' id='word_1_273' title='bbox 626 3130 763 3188; x_wconf 91' lang='lat' dir='ltr'><strong>chronico</strong></span> <span class='ocrx_word' id='word_1_274' title='bbox 774 3130 830 3188; x_wconf 89' lang='lat' dir='ltr'><strong>Xe·</strong></span> <span class='ocrx_word' id='word_1_275' title='bbox 876 3131 986 3189; x_wconf 90' lang='lat' dir='ltr'><strong>addunt</strong></span> <span class='ocrx_word' id='word_1_276' title='bbox 1000 3151 1113 3189; x_wconf 90' lang='lat' dir='ltr'><strong>summo</strong></span> <span class='ocrx_word' id='word_1_277' title='bbox 1127 3130 1158 3187; x_wconf 94' lang='lat' dir='ltr'><strong>in</strong></span> <span class='ocrx_word' id='word_1_278' title='bbox 1173 3148 1271 3187; x_wconf 91' lang='lat' dir='ltr'><strong>errore</strong></span> <span class='ocrx_word' id='word_1_279' title='bbox 1285 3143 1448 3204; x_wconf 81' lang='lat' dir='ltr'><strong>versantur,</strong></span> <span class='ocrx_word' id='word_1_280' title='bbox 1466 3131 1535 3207; x_wconf 87' lang='lat' dir='ltr'><strong>quia</strong></span> <span class='ocrx_word' id='word_1_281' title='bbox 1549 3144 1657 3209; x_wconf 88' lang='lat' dir='ltr'><strong>tempo·</strong></span> 
     </span>
     <span class='ocr_line' id='line_1_24' title="bbox 61 3215 1656 3297; baseline 0.001 -23"><span class='ocrx_word' id='word_1_282' title='bbox 61 3219 214 3295; x_wconf 84' lang='lat' dir='ltr'><strong>nophaneur</strong></span> <span class='ocrx_word' id='word_1_283' title='bbox 244 3231 349 3295; x_wconf 90' lang='lat' dir='ltr'><strong>quarto</strong></span> <span class='ocrx_word' id='word_1_284' title='bbox 375 3218 559 3297; x_wconf 85' lang='lat' dir='ltr'><strong>Olympiadis</strong></span> <span class='ocrx_word' id='word_1_285' title='bbox 582 3217 830 3295; x_wconf 75' lang='lat' dir='ltr'><strong>quinquagesimae</strong></span> <span class='ocrx_word' id='word_1_286' title='bbox 877 3238 941 3276; x_wconf 92' lang='lat' dir='ltr'><strong>rum</strong></span> <span class='ocrx_word' id='word_1_287' title='bbox 958 3219 1031 3276; x_wconf 86' lang='lat' dir='ltr'><strong>ratio</strong></span> <span class='ocrx_word' id='word_1_288' title='bbox 1045 3217 1161 3274; x_wconf 83' lang='lat' dir='ltr'><strong>videtur</strong></span> <span class='ocrx_word' id='word_1_289' title='bbox 1177 3215 1304 3275; x_wconf 87' lang='lat' dir='ltr'><strong>obstare.</strong></span> <span class='ocrx_word' id='word_1_290' title='bbox 1325 3215 1519 3285; x_wconf 81' lang='lat' dir='ltr'><strong>Quamobrem</strong></span> <span class='ocrx_word' id='word_1_291' title='bbox 1540 3217 1656 3276; x_wconf 83' lang='lat' dir='ltr'><strong>luerunt</strong></span> 
     </span>
    </p>
   </div>
   <div class='ocr_carea' id='block_1_4' title="bbox 60 3303 1652 3385">
    <p class='ocr_par' dir='ltr' id='par_1_4' title="bbox 60 3303 1652 3385">
     <span class='ocr_line' id='line_1_25' title="bbox 60 3303 1652 3385; baseline 0.001 -23"><span class='ocrx_word' id='word_1_292' title='bbox 60 3321 140 3363; x_wconf 83' lang='lat' dir='ltr'><strong>sextae</strong></span> <span class='ocrx_word' id='word_1_293' title='bbox 152 3325 244 3375; x_wconf 89' lang='lat' dir='ltr'><strong>anno,</strong></span> <span class='ocrx_word' id='word_1_294' title='bbox 261 3307 333 3366; x_wconf 86' lang='lat' dir='ltr'><strong>alter</strong></span> <span class='ocrx_word' id='word_1_295' title='bbox 346 3307 385 3385; x_wconf 84' lang='grc'><strong>(6)</strong></span> <span class='ocrx_word' id='word_1_296' title='bbox 404 3305 581 3382; x_wconf 79' lang='lat' dir='ltr'><strong>sexagesima</strong></span> <span class='ocrx_word' id='word_1_297' title='bbox 592 3304 765 3383; x_wconf 88' lang='lat' dir='ltr'><strong>Olympiade</strong></span> <span class='ocrx_word' id='word_1_298' title='bbox 778 3306 829 3365; x_wconf 84' lang='lat' dir='ltr'><strong>llo·</strong></span> <span class='ocrx_word' id='word_1_299' title='bbox 877 3304 928 3381; x_wconf 92' lang='lat' dir='ltr'><strong>qui</strong></span> <span class='ocrx_word' id='word_1_300' title='bbox 945 3306 1056 3363; x_wconf 87' lang='lat' dir='ltr'><strong>nullius</strong></span> <span class='ocrx_word' id='word_1_301' title='bbox 1074 3324 1139 3362; x_wconf 91' lang='lat' dir='ltr'><strong>eum</strong></span> <span class='ocrx_word' id='word_1_302' title='bbox 1162 3303 1323 3362; x_wconf 87' lang='lat' dir='ltr'><strong>auditorem</strong></span> <span class='ocrx_word' id='word_1_303' title='bbox 1342 3303 1430 3362; x_wconf 87' lang='lat' dir='ltr'><strong>inisse</strong></span> <span class='ocrx_word' id='word_1_304' title='bbox 1450 3305 1652 3382; x_wconf 87' lang='lat' dir='ltr'><strong>opinarentur.</strong></span> 
     </span>
    </p>
   </div>
   <div class='ocr_carea' id='block_1_5' title="bbox 60 3545 1655 3820">
    <p class='ocr_par' dir='ltr' id='par_1_5' title="bbox 60 3545 1655 3820">
     <span class='ocr_line' id='line_1_26' title="bbox 87 3545 1652 3612; baseline -0.004 -14"><span class='ocrx_word' id='word_1_305' title='bbox 87 3551 118 3610; x_wconf 86' lang='grc'><strong>(1)</strong></span> <span class='ocrx_word' id='word_1_306' title='bbox 137 3551 251 3610; x_wconf 67' lang='lat' dir='ltr'><strong>Diogenes</strong></span> <span class='ocrx_word' id='word_1_307' title='bbox 260 3549 369 3600; x_wconf 81' lang='lat' dir='ltr'><strong>Laertius</strong></span> <span class='ocrx_word' id='word_1_308' title='bbox 381 3549 422 3599; x_wconf 81' lang='lat' dir='ltr'><strong>tte.</strong></span> <span class='ocrx_word' id='word_1_309' title='bbox 438 3551 483 3608; x_wconf 85' lang='lat' dir='ltr'><strong>lii,</strong></span> <span class='ocrx_word' id='word_1_310' title='bbox 498 3555 526 3599; x_wconf 86' lang='lat' dir='ltr'><strong>itt</strong></span> <span class='ocrx_word' id='word_1_311' title='bbox 539 3562 546 3593; x_wconf 76' lang='grc' dir='ltr'><strong>ι</strong></span> <span class='ocrx_word' id='word_1_312' title='bbox 557 3549 689 3612; x_wconf 71' lang='grc' dir='ltr'>Ξενοφάνης</span> <span class='ocrx_word' id='word_1_313' title='bbox 704 3549 827 3609; x_wconf 61' lang='lat' dir='ltr'><strong>heitom</strong></span> <span class='ocrx_word' id='word_1_314' title='bbox 906 3547 940 3610; x_wconf 78' lang='lat' dir='ltr'><strong>(s)</strong></span> <span class='ocrx_word' id='word_1_315' title='bbox 951 3548 1066 3607; x_wconf 70' lang='lat' dir='ltr'><strong>Diogenes</strong></span> <span class='ocrx_word' id='word_1_316' title='bbox 1079 3546 1186 3596; x_wconf 79' lang='lat' dir='ltr'><strong>Laertius</strong></span> <span class='ocrx_word' id='word_1_317' title='bbox 1200 3545 1241 3594; x_wconf 92' lang='lat' dir='ltr'><strong>iih.</strong></span> <span class='ocrx_word' id='word_1_318' title='bbox 1253 3548 1294 3607; x_wconf 84' lang='lat' dir='ltr'><strong>tx,</strong></span> <span class='ocrx_word' id='word_1_319' title='bbox 1304 3551 1333 3594; x_wconf 86' lang='lat' dir='ltr'><strong>to</strong></span> <span class='ocrx_word' id='word_1_320' title='bbox 1344 3559 1350 3593; x_wconf 92' lang='lat'><strong>:</strong></span> <span class='ocrx_word' id='word_1_321' title='bbox 1361 3545 1468 3608; x_wconf 75' lang='grc' dir='ltr'><strong>Ἤκμαζε</strong></span> <span class='ocrx_word' id='word_1_322' title='bbox 1479 3547 1540 3593; x_wconf 77' lang='grc' dir='ltr'>κατὰ</span> <span class='ocrx_word' id='word_1_323' title='bbox 1552 3547 1594 3603; x_wconf 76' lang='grc' dir='ltr'><strong>τὴν</strong></span> <span class='ocrx_word' id='word_1_324' title='bbox 1604 3546 1652 3601; x_wconf 73' lang='grc' dir='ltr'><strong>ἐξη-</strong></span> 
     </span>
     <span class='ocr_line' id='line_1_27' title="bbox 60 3617 1130 3682; baseline -0.004 -14"><span class='ocrx_word' id='word_1_325' title='bbox 60 3619 102 3677; x_wconf 68' lang='lat' dir='ltr'><strong>(hc</strong></span> <span class='ocrx_word' id='word_1_326' title='bbox 112 3618 294 3680; x_wconf 70' lang='grc' dir='ltr'><strong>Ἀπολλόδωρος)</strong></span> <span class='ocrx_word' id='word_1_327' title='bbox 303 3619 468 3681; x_wconf 73' lang='grc' dir='ltr'><strong>Ὀρθομένους,</strong></span> <span class='ocrx_word' id='word_1_328' title='bbox 486 3620 640 3682; x_wconf 79' lang='grc' dir='ltr'><strong>Κολοφώνιος.</strong></span> <span class='ocrx_word' id='word_1_329' title='bbox 658 3621 694 3667; x_wconf 87' lang='lat' dir='ltr'><strong>De</strong></span> <span class='ocrx_word' id='word_1_330' title='bbox 706 3618 780 3679; x_wconf 75' lang='lat' dir='ltr'><strong>parre</strong></span> <span class='ocrx_word' id='word_1_331' title='bbox 787 3631 832 3666; x_wconf 84' lang='lat' dir='ltr'><strong>itu·</strong></span> <span class='ocrx_word' id='word_1_332' title='bbox 875 3619 962 3675; x_wconf 80' lang='grc' dir='ltr'><strong>ιιοοτὴν</strong></span> <span class='ocrx_word' id='word_1_333' title='bbox 975 3617 1130 3676; x_wconf 76' lang='grc' dir='ltr'>Ὀλυμπιάδα.</span> 
     </span>
     <span class='ocr_line' id='line_1_28' title="bbox 60 3683 1655 3750; baseline -0.002 -14"><span class='ocrx_word' id='word_1_334' title='bbox 60 3691 119 3737; x_wconf 86' lang='lat' dir='ltr'><strong>minc</strong></span> <span class='ocrx_word' id='word_1_335' title='bbox 130 3702 183 3737; x_wconf 88' lang='lat' dir='ltr'><strong>cum</strong></span> <span class='ocrx_word' id='word_1_336' title='bbox 196 3688 698 3750; x_wconf 70' lang='lat' dir='ltr'><strong>apollodoroconseritiuotPseudoriuenes</strong></span> <span class='ocrx_word' id='word_1_337' title='bbox 710 3687 734 3736; x_wconf 90' lang='lat' dir='ltr'><strong>in</strong></span> <span class='ocrx_word' id='word_1_338' title='bbox 748 3687 832 3736; x_wconf 83' lang='lat' dir='ltr'><strong>Pluto·</strong></span> <span class='ocrx_word' id='word_1_339' title='bbox 908 3689 941 3746; x_wconf 83' lang='grc'><strong>(7)</strong></span> <span class='ocrx_word' id='word_1_340' title='bbox 955 3686 1072 3736; x_wconf 78' lang='lat' dir='ltr'><strong>Lucienus</strong></span> <span class='ocrx_word' id='word_1_341' title='bbox 1092 3687 1205 3742; x_wconf 70' lang='lat' dir='ltr'><strong>Lunam.</strong></span> <span class='ocrx_word' id='word_1_342' title='bbox 1220 3691 1261 3746; x_wconf 87' lang='lat' dir='ltr'><strong>to,</strong></span> <span class='ocrx_word' id='word_1_343' title='bbox 1274 3685 1335 3732; x_wconf 89' lang='lat' dir='ltr'><strong>tom.</strong></span> <span class='ocrx_word' id='word_1_344' title='bbox 1351 3684 1383 3734; x_wconf 89' lang='lat' dir='ltr'><strong>iti</strong></span> <span class='ocrx_word' id='word_1_345' title='bbox 1397 3695 1450 3744; x_wconf 74' lang='grc' dir='ltr'><strong>ριρ.</strong></span> <span class='ocrx_word' id='word_1_346' title='bbox 1463 3687 1507 3731; x_wconf 76' lang='lat' dir='ltr'><strong>tit</strong></span> <span class='ocrx_word' id='word_1_347' title='bbox 1523 3683 1562 3731; x_wconf 79' lang='lat' dir='ltr'><strong>erl.</strong></span> <span class='ocrx_word' id='word_1_348' title='bbox 1580 3683 1655 3732; x_wconf 85' lang='lat' dir='ltr'><strong>lieet·</strong></span> 
     </span>
     <span class='ocr_line' id='line_1_29' title="bbox 60 3753 1654 3820; baseline 0.001 -17"><span class='ocrx_word' id='word_1_349' title='bbox 60 3759 158 3818; x_wconf 80' lang='lat' dir='ltr'><strong>sopiiicis</strong></span> <span class='ocrx_word' id='word_1_350' title='bbox 169 3763 194 3807; x_wconf 92' lang='lat' dir='ltr'><strong>et</strong></span> <span class='ocrx_word' id='word_1_351' title='bbox 208 3759 376 3807; x_wconf 84' lang='lat' dir='ltr'><strong>Theodoretus</strong></span> <span class='ocrx_word' id='word_1_352' title='bbox 390 3759 534 3818; x_wconf 82' lang='lat' dir='ltr'><strong>Tirerapcut.</strong></span> <span class='ocrx_word' id='word_1_353' title='bbox 547 3761 671 3820; x_wconf 72' lang='lat' dir='ltr'><strong>serutiv,</strong></span> <span class='ocrx_word' id='word_1_354' title='bbox 682 3757 831 3820; x_wconf 69' lang='grc' dir='ltr'><strong>Ὀρθομένους</strong></span> <span class='ocrx_word' id='word_1_355' title='bbox 875 3755 949 3805; x_wconf 76' lang='lat' dir='ltr'><strong>stetin</strong></span> <span class='ocrx_word' id='word_1_356' title='bbox 962 3755 1144 3814; x_wconf 62' lang='lat' dir='ltr'><strong>:Sareptensis</strong></span> <span class='ocrx_word' id='word_1_357' title='bbox 1157 3755 1170 3802; x_wconf 81' lang='grc' dir='ltr'>ὁ</span> <span class='ocrx_word' id='word_1_358' title='bbox 1184 3754 1277 3810; x_wconf 74' lang='grc' dir='ltr'><strong>Δεξίνου</strong></span> <span class='ocrx_word' id='word_1_359' title='bbox 1297 3755 1338 3816; x_wconf 77' lang='grc' dir='ltr'><strong>μὶν</strong></span> <span class='ocrx_word' id='word_1_360' title='bbox 1352 3755 1414 3812; x_wconf 69' lang='lat' dir='ltr'><strong>utic,</strong></span> <span class='ocrx_word' id='word_1_361' title='bbox 1428 3753 1550 3816; x_wconf 76' lang='grc' dir='ltr'><strong>Ἀρχελάου</strong></span> <span class='ocrx_word' id='word_1_362' title='bbox 1571 3755 1596 3804; x_wconf 86' lang='lat' dir='ltr'><strong>et</strong></span> <span class='ocrx_word' id='word_1_363' title='bbox 1612 3759 1654 3804; x_wconf 76' lang='lat' dir='ltr'><strong>reti</strong></span> 
     </span>
    </p>
   </div>
   <div class='ocr_carea' id='block_1_6' title="bbox 59 3823 1672 5277">
    <p class='ocr_par' dir='ltr' id='par_1_6' title="bbox 59 3823 1672 5277">
     <span class='ocr_line' id='line_1_30' title="bbox 59 3823 1598 3888; baseline -0.006 -13"><span class='ocrx_word' id='word_1_364' title='bbox 59 3829 265 3888; x_wconf 71' lang='lat' dir='ltr'><strong>omeppetuotea.</strong></span> <span class='ocrx_word' id='word_1_365' title='bbox 278 3828 325 3878; x_wconf 82' lang='lat' dir='ltr'><strong>Sed</strong></span> <span class='ocrx_word' id='word_1_366' title='bbox 350 3828 444 3884; x_wconf 78' lang='grc' dir='ltr'><strong>Δεξίνου</strong></span> <span class='ocrx_word' id='word_1_367' title='bbox 459 3830 511 3877; x_wconf 70' lang='grc' dir='ltr'><strong>υἱὸν</strong></span> <span class='ocrx_word' id='word_1_368' title='bbox 529 3841 582 3876; x_wconf 79' lang='lat' dir='ltr'><strong>esee</strong></span> <span class='ocrx_word' id='word_1_369' title='bbox 597 3829 650 3876; x_wconf 81' lang='lat' dir='ltr'><strong>vult</strong></span> <span class='ocrx_word' id='word_1_370' title='bbox 663 3828 787 3880; x_wconf 74' lang='lat' dir='ltr'><strong>Lucienus</strong></span> <span class='ocrx_word' id='word_1_371' title='bbox 806 3828 830 3876; x_wconf 88' lang='lat' dir='ltr'><strong>in</strong></span> <span class='ocrx_word' id='word_1_372' title='bbox 875 3825 1102 3887; x_wconf 77' lang='grc' dir='ltr'><strong>ρυσιιιοῦμοιυηεής,</strong></span> <span class='ocrx_word' id='word_1_373' title='bbox 1116 3824 1213 3873; x_wconf 68' lang='lat' dir='ltr'><strong>deiurare</strong></span> <span class='ocrx_word' id='word_1_374' title='bbox 1228 3823 1268 3879; x_wconf 73' lang='grc' dir='ltr'><strong>ἔτη</strong></span> <span class='ocrx_word' id='word_1_375' title='bbox 1281 3823 1356 3872; x_wconf 80' lang='grc' dir='ltr'><strong>ἓνκαὶ</strong></span> <span class='ocrx_word' id='word_1_376' title='bbox 1370 3824 1514 3880; x_wconf 77' lang='grc' dir='ltr'><strong>ἐνενήκοντα.</strong></span> <span class='ocrx_word' id='word_1_377' title='bbox 1596 3857 1598 3866; x_wconf 94' lang='grc'>.</span> 
     </span>
     <span class='ocr_line' id='line_1_31' title="bbox 62 3893 1654 3959; baseline -0.001 -15"><span class='ocrx_word' id='word_1_378' title='bbox 62 3897 173 3949; x_wconf 66' lang='lat' dir='ltr'><strong>utereris</strong></span> <span class='ocrx_word' id='word_1_379' title='bbox 187 3903 227 3956; x_wconf 77' lang='lat'><strong>²0,</strong></span> <span class='ocrx_word' id='word_1_380' title='bbox 242 3903 302 3946; x_wconf 90' lang='lat' dir='ltr'><strong>torn.</strong></span> <span class='ocrx_word' id='word_1_381' title='bbox 314 3899 350 3946; x_wconf 87' lang='lat' dir='ltr'><strong>til</strong></span> <span class='ocrx_word' id='word_1_382' title='bbox 362 3911 386 3959; x_wconf 88' lang='lat' dir='ltr'><strong>p.</strong></span> <span class='ocrx_word' id='word_1_383' title='bbox 403 3903 449 3946; x_wconf 76' lang='lat'><strong>222</strong></span> <span class='ocrx_word' id='word_1_384' title='bbox 458 3897 496 3946; x_wconf 83' lang='lat' dir='ltr'><strong>ed·</strong></span> <span class='ocrx_word' id='word_1_385' title='bbox 510 3898 674 3946; x_wconf 86' lang='lat' dir='ltr'><strong>itemsterhus.</strong></span> <span class='ocrx_word' id='word_1_386' title='bbox 905 3895 938 3954; x_wconf 79' lang='grc'><strong>(8)</strong></span> <span class='ocrx_word' id='word_1_387' title='bbox 949 3893 1092 3942; x_wconf 79' lang='lat' dir='ltr'><strong>cueoueoe</strong></span> <span class='ocrx_word' id='word_1_388' title='bbox 1107 3893 1137 3942; x_wconf 91' lang='lat' dir='ltr'><strong>de</strong></span> <span class='ocrx_word' id='word_1_389' title='bbox 1151 3894 1195 3943; x_wconf 84' lang='lat' dir='ltr'><strong>Die</strong></span> <span class='ocrx_word' id='word_1_390' title='bbox 1207 3893 1280 3942; x_wconf 85' lang='lat' dir='ltr'><strong>natali</strong></span> <span class='ocrx_word' id='word_1_391' title='bbox 1291 3905 1344 3953; x_wconf 84' lang='lat' dir='ltr'><strong>rap.</strong></span> <span class='ocrx_word' id='word_1_392' title='bbox 1358 3897 1384 3942; x_wconf 78' lang='grc'><strong>15</strong></span> <span class='ocrx_word' id='word_1_393' title='bbox 1398 3907 1405 3940; x_wconf 91' lang='lat'>:</span> <span class='ocrx_word' id='word_1_394' title='bbox 1424 3911 1435 3935; x_wconf 77' lang='grc' dir='ltr'><strong>ι</strong></span> <span class='ocrx_word' id='word_1_395' title='bbox 1451 3897 1482 3941; x_wconf 80' lang='grc' dir='ltr'><strong>λι</strong></span> <span class='ocrx_word' id='word_1_396' title='bbox 1496 3893 1654 3954; x_wconf 82' lang='lat' dir='ltr'><strong>Xenoplreuea</strong></span> 
     </span>
     <span class='ocr_line' id='line_1_32' title="bbox 89 3961 1553 4028; baseline -0.006 -15"><span class='ocrx_word' id='word_1_397' title='bbox 89 3969 118 4024; x_wconf 76' lang='grc' dir='ltr'><strong>(ι)</strong></span> <span class='ocrx_word' id='word_1_398' title='bbox 132 3967 240 4016; x_wconf 76' lang='lat' dir='ltr'><strong>Nicandri</strong></span> <span class='ocrx_word' id='word_1_399' title='bbox 254 3967 314 4015; x_wconf 89' lang='lat' dir='ltr'><strong>iiber</strong></span> <span class='ocrx_word' id='word_1_400' title='bbox 325 3968 375 4028; x_wconf 80' lang='grc' dir='ltr'><strong>περὶ</strong></span> <span class='ocrx_word' id='word_1_401' title='bbox 386 3972 432 4015; x_wconf 79' lang='grc' dir='ltr'><strong>τῶν</strong></span> <span class='ocrx_word' id='word_1_402' title='bbox 448 3967 476 4015; x_wconf 75' lang='lat' dir='ltr'><strong>te</strong></span> <span class='ocrx_word' id='word_1_403' title='bbox 484 3968 620 4027; x_wconf 72' lang='lat' dir='ltr'><strong>Keirpara:</strong></span> <span class='ocrx_word' id='word_1_404' title='bbox 629 3970 733 4022; x_wconf 79' lang='grc' dir='ltr'><strong>ποιητῶν</strong></span> <span class='ocrx_word' id='word_1_405' title='bbox 745 3964 830 4014; x_wconf 82' lang='lat' dir='ltr'><strong>lauda·</strong></span> <span class='ocrx_word' id='word_1_406' title='bbox 874 3962 1038 4022; x_wconf 80' lang='lat' dir='ltr'><strong>Colophonius</strong></span> <span class='ocrx_word' id='word_1_407' title='bbox 1055 3961 1130 4022; x_wconf 85' lang='lat' dir='ltr'><strong>major</strong></span> <span class='ocrx_word' id='word_1_408' title='bbox 1141 3975 1259 4012; x_wconf 86' lang='lat' dir='ltr'><strong>annorum</strong></span> <span class='ocrx_word' id='word_1_409' title='bbox 1272 3969 1369 4011; x_wconf 88' lang='lat' dir='ltr'><strong>centurn</strong></span> <span class='ocrx_word' id='word_1_410' title='bbox 1383 3961 1435 4010; x_wconf 89' lang='lat' dir='ltr'><strong>tuit.</strong></span> <span class='ocrx_word' id='word_1_411' title='bbox 1454 3979 1467 4005; x_wconf 70' lang='grc' dir='ltr'><strong>ν</strong></span> <span class='ocrx_word' id='word_1_412' title='bbox 1520 3977 1523 3984; x_wconf 59' lang='grc'><strong>’</strong></span> <span class='ocrx_word' id='word_1_413' title='bbox 1549 3961 1553 3968; x_wconf 90' lang='grc'><strong>’</strong></span> 
     </span>
     <span class='ocr_line' id='line_1_33' title="bbox 62 4031 1165 4098; baseline 0 -18"><span class='ocrx_word' id='word_1_414' title='bbox 62 4035 130 4082; x_wconf 85' lang='lat' dir='ltr'><strong>torah</strong></span> <span class='ocrx_word' id='word_1_415' title='bbox 138 4035 188 4094; x_wconf 81' lang='lat' dir='ltr'><strong>eins</strong></span> <span class='ocrx_word' id='word_1_416' title='bbox 201 4037 330 4096; x_wconf 83' lang='lat' dir='ltr'><strong>interprete</strong></span> <span class='ocrx_word' id='word_1_417' title='bbox 339 4037 368 4084; x_wconf 89' lang='lat' dir='ltr'><strong>ed</strong></span> <span class='ocrx_word' id='word_1_418' title='bbox 380 4036 489 4086; x_wconf 82' lang='lat' dir='ltr'><strong>Theriee.</strong></span> <span class='ocrx_word' id='word_1_419' title='bbox 501 4049 537 4084; x_wconf 82' lang='grc' dir='ltr'><strong>νο.</strong></span> <span class='ocrx_word' id='word_1_420' title='bbox 548 4041 563 4086; x_wconf 79' lang='grc'><strong>3</strong></span> <span class='ocrx_word' id='word_1_421' title='bbox 576 4049 627 4098; x_wconf 78' lang='lat' dir='ltr'><strong>pag.</strong></span> <span class='ocrx_word' id='word_1_422' title='bbox 642 4041 684 4085; x_wconf 83' lang='lat' dir='ltr'><strong>tte</strong></span> <span class='ocrx_word' id='word_1_423' title='bbox 696 4035 735 4084; x_wconf 88' lang='lat' dir='ltr'><strong>ed.</strong></span> <span class='ocrx_word' id='word_1_424' title='bbox 747 4034 829 4084; x_wconf 87' lang='lat' dir='ltr'><strong>Didot.</strong></span> <span class='ocrx_word' id='word_1_425' title='bbox 906 4031 939 4092; x_wconf 81' lang='lat' dir='ltr'><strong>(a)</strong></span> <span class='ocrx_word' id='word_1_426' title='bbox 949 4031 1010 4081; x_wconf 84' lang='lat' dir='ltr'><strong>Vide</strong></span> <span class='ocrx_word' id='word_1_427' title='bbox 1025 4033 1108 4092; x_wconf 77' lang='lat' dir='ltr'><strong>fragm.</strong></span> <span class='ocrx_word' id='word_1_428' title='bbox 1127 4036 1165 4080; x_wconf 74' lang='lat'><strong>24.</strong></span> 
     </span>
     <span class='ocr_line' id='line_1_34' title="bbox 62 4097 1655 4167; baseline -0.001 -18"><span class='ocrx_word' id='word_1_429' title='bbox 62 4103 89 4149; x_wconf 86' lang='lat' dir='ltr'><strong>ct.</strong></span> <span class='ocrx_word' id='word_1_430' title='bbox 101 4105 272 4167; x_wconf 75' lang='lat' dir='ltr'><strong>setrelieuberg.</strong></span> <span class='ocrx_word' id='word_1_431' title='bbox 287 4103 317 4152; x_wconf 88' lang='lat' dir='ltr'><strong>de</strong></span> <span class='ocrx_word' id='word_1_432' title='bbox 337 4104 473 4154; x_wconf 76' lang='lat' dir='ltr'><strong>Antimeehi</strong></span> <span class='ocrx_word' id='word_1_433' title='bbox 487 4105 629 4165; x_wconf 87' lang='lat' dir='ltr'><strong>colophonii</strong></span> <span class='ocrx_word' id='word_1_434' title='bbox 643 4103 751 4165; x_wconf 88' lang='lat' dir='ltr'><strong>reliquiis</strong></span> <span class='ocrx_word' id='word_1_435' title='bbox 764 4117 785 4164; x_wconf 83' lang='lat' dir='ltr'><strong>p</strong></span> <span class='ocrx_word' id='word_1_436' title='bbox 805 4108 828 4153; x_wconf 84' lang='lat'><strong>7.</strong></span> <span class='ocrx_word' id='word_1_437' title='bbox 905 4101 954 4163; x_wconf 85' lang='grc' dir='ltr'><strong>(ιο)</strong></span> <span class='ocrx_word' id='word_1_438' title='bbox 964 4103 1078 4162; x_wconf 77' lang='lat' dir='ltr'><strong>Diogenes</strong></span> <span class='ocrx_word' id='word_1_439' title='bbox 1087 4101 1195 4152; x_wconf 84' lang='lat' dir='ltr'><strong>Laertius</strong></span> <span class='ocrx_word' id='word_1_440' title='bbox 1206 4101 1251 4159; x_wconf 82' lang='lat' dir='ltr'><strong>1x‚</strong></span> <span class='ocrx_word' id='word_1_441' title='bbox 1263 4104 1306 4150; x_wconf 83' lang='lat' dir='ltr'><strong>te:</strong></span> <span class='ocrx_word' id='word_1_442' title='bbox 1320 4099 1395 4157; x_wconf 74' lang='grc' dir='ltr'><strong>Οὗτος</strong></span> <span class='ocrx_word' id='word_1_443' title='bbox 1407 4100 1513 4148; x_wconf 76' lang='lat' dir='ltr'><strong>terrain</strong></span> <span class='ocrx_word' id='word_1_444' title='bbox 1536 4097 1655 4162; x_wconf 78' lang='grc' dir='ltr'><strong>ῆςιιοτρί·</strong></span> 
     </span>
     <span class='ocr_line' id='line_1_35' title="bbox 89 4167 1547 4236; baseline -0.004 -14"><span class='ocrx_word' id='word_1_445' title='bbox 89 4174 118 4228; x_wconf 77' lang='grc'><strong>(3)</strong></span> <span class='ocrx_word' id='word_1_446' title='bbox 130 4173 213 4222; x_wconf 76' lang='lat' dir='ltr'><strong>§habe</strong></span> <span class='ocrx_word' id='word_1_447' title='bbox 223 4173 268 4222; x_wconf 89' lang='lat' dir='ltr'><strong>llb.</strong></span> <span class='ocrx_word' id='word_1_448' title='bbox 281 4176 347 4234; x_wconf 74' lang='lat' dir='ltr'><strong>xlv,</strong></span> <span class='ocrx_word' id='word_1_449' title='bbox 358 4181 449 4236; x_wconf 71' lang='lat' dir='ltr'><strong>tapeti.</strong></span> <span class='ocrx_word' id='word_1_450' title='bbox 463 4177 509 4223; x_wconf 76' lang='lat' dir='ltr'><strong>ets</strong></span> <span class='ocrx_word' id='word_1_451' title='bbox 521 4176 559 4222; x_wconf 84' lang='lat' dir='ltr'><strong>ed.</strong></span> <span class='ocrx_word' id='word_1_452' title='bbox 575 4174 678 4223; x_wconf 83' lang='lat' dir='ltr'><strong>casaub.</strong></span> <span class='ocrx_word' id='word_1_453' title='bbox 693 4188 699 4216; x_wconf 86' lang='lat'>=</span> <span class='ocrx_word' id='word_1_454' title='bbox 713 4173 802 4235; x_wconf 75' lang='grc' dir='ltr'><strong>Ἄνδρες</strong></span> <span class='ocrx_word' id='word_1_455' title='bbox 809 4173 829 4221; x_wconf 83' lang='grc' dir='ltr'><strong>δ’</strong></span> <span class='ocrx_word' id='word_1_456' title='bbox 874 4169 913 4226; x_wconf 77' lang='grc' dir='ltr'><strong>δος</strong></span> <span class='ocrx_word' id='word_1_457' title='bbox 925 4169 949 4218; x_wconf 78' lang='lat' dir='ltr'><strong>lv</strong></span> <span class='ocrx_word' id='word_1_458' title='bbox 960 4167 1054 4230; x_wconf 77' lang='grc' dir='ltr'>Ζάγκλῃ</span> <span class='ocrx_word' id='word_1_459' title='bbox 1068 4175 1110 4228; x_wconf 83' lang='grc' dir='ltr'><strong>τῆς</strong></span> <span class='ocrx_word' id='word_1_460' title='bbox 1126 4169 1231 4226; x_wconf 70' lang='grc' dir='ltr'><strong>Σικελίας</strong></span> <span class='ocrx_word' id='word_1_461' title='bbox 1241 4170 1338 4232; x_wconf 68' lang='lat' dir='ltr'><strong>uesper</strong></span> <span class='ocrx_word' id='word_1_462' title='bbox 1352 4171 1391 4218; x_wconf 79' lang='grc' dir='ltr'><strong>κοιλ</strong></span> <span class='ocrx_word' id='word_1_463' title='bbox 1406 4169 1430 4218; x_wconf 80' lang='lat' dir='ltr'><strong>le</strong></span> <span class='ocrx_word' id='word_1_464' title='bbox 1442 4168 1547 4227; x_wconf 73' lang='grc' dir='ltr'><strong>Κατάνῃ.</strong></span> 
     </span>
     <span class='ocr_line' id='line_1_36' title="bbox 63 4237 1652 4307; baseline -0.001 -20"><span class='ocrx_word' id='word_1_465' title='bbox 63 4238 158 4298; x_wconf 76' lang='grc' dir='ltr'><strong>ἐγένοντο</strong></span> <span class='ocrx_word' id='word_1_466' title='bbox 175 4244 320 4304; x_wconf 78' lang='grc' dir='ltr'><strong>Κολοφώνιοι</strong></span> <span class='ocrx_word' id='word_1_467' title='bbox 333 4249 385 4292; x_wconf 77' lang='grc' dir='ltr'><strong>τῶν</strong></span> <span class='ocrx_word' id='word_1_468' title='bbox 397 4245 603 4307; x_wconf 73' lang='grc' dir='ltr'><strong>μνημονευομένων</strong></span> <span class='ocrx_word' id='word_1_469' title='bbox 620 4245 766 4307; x_wconf 70' lang='grc' dir='ltr'><strong>Μίμνερμος,</strong></span> <span class='ocrx_word' id='word_1_470' title='bbox 786 4245 829 4296; x_wconf 79' lang='grc' dir='ltr'><strong>οὐ·</strong></span> <span class='ocrx_word' id='word_1_471' title='bbox 905 4241 955 4301; x_wconf 91' lang='lat' dir='ltr'><strong>(tt)</strong></span> <span class='ocrx_word' id='word_1_472' title='bbox 968 4241 1035 4289; x_wconf 87' lang='lat' dir='ltr'><strong>Plato</strong></span> <span class='ocrx_word' id='word_1_473' title='bbox 1044 4239 1147 4300; x_wconf 77' lang='lat' dir='ltr'><strong>sophie.</strong></span> <span class='ocrx_word' id='word_1_474' title='bbox 1161 4253 1185 4301; x_wconf 86' lang='grc' dir='ltr'><strong>ρ.</strong></span> <span class='ocrx_word' id='word_1_475' title='bbox 1197 4244 1251 4297; x_wconf 76' lang='lat'><strong>242,</strong></span> <span class='ocrx_word' id='word_1_476' title='bbox 1262 4243 1283 4290; x_wconf 82' lang='lat' dir='ltr'>n</span> <span class='ocrx_word' id='word_1_477' title='bbox 1294 4257 1301 4288; x_wconf 82' lang='grc' dir='ltr'><strong>ι</strong></span> <span class='ocrx_word' id='word_1_478' title='bbox 1313 4241 1346 4289; x_wconf 78' lang='lat' dir='ltr'><strong>rt</strong></span> <span class='ocrx_word' id='word_1_479' title='bbox 1357 4240 1381 4288; x_wconf 79' lang='lat' dir='ltr'><strong>di</strong></span> <span class='ocrx_word' id='word_1_480' title='bbox 1389 4237 1444 4300; x_wconf 81' lang='grc' dir='ltr'><strong>παρ’</strong></span> <span class='ocrx_word' id='word_1_481' title='bbox 1454 4241 1509 4298; x_wconf 83' lang='grc' dir='ltr'><strong>ἡμῖν</strong></span> <span class='ocrx_word' id='word_1_482' title='bbox 1521 4238 1652 4286; x_wconf 69' lang='grc' dir='ltr'><strong>Ἐλεατικὸν</strong></span> 
     </span>
     <span class='ocr_line' id='line_1_37' title="bbox 62 4305 1653 4378; baseline -0.007 -15"><span class='ocrx_word' id='word_1_483' title='bbox 62 4308 122 4366; x_wconf 61' lang='lat' dir='ltr'><strong>luia</strong></span> <span class='ocrx_word' id='word_1_484' title='bbox 137 4311 187 4373; x_wconf 75' lang='grc' dir='ltr'><strong>ἅμα</strong></span> <span class='ocrx_word' id='word_1_485' title='bbox 213 4305 257 4361; x_wconf 62' lang='lat' dir='ltr'><strong>itai</strong></span> <span class='ocrx_word' id='word_1_486' title='bbox 278 4315 376 4372; x_wconf 70' lang='grc' dir='ltr'><strong>ποιητὴς</strong></span> <span class='ocrx_word' id='word_1_487' title='bbox 401 4315 519 4377; x_wconf 70' lang='grc' dir='ltr'><strong>(λιγείας,</strong></span> <span class='ocrx_word' id='word_1_488' title='bbox 541 4317 581 4364; x_wconf 74' lang='lat' dir='ltr'><strong>aei</strong></span> <span class='ocrx_word' id='word_1_489' title='bbox 609 4315 771 4378; x_wconf 80' lang='grc' dir='ltr'><strong>Ξενοράνηςὸ</strong></span> <span class='ocrx_word' id='word_1_490' title='bbox 792 4333 831 4377; x_wconf 80' lang='grc' dir='ltr'><strong>φυ-</strong></span> <span class='ocrx_word' id='word_1_491' title='bbox 874 4309 951 4369; x_wconf 71' lang='lat' dir='ltr'><strong>liuor,</strong></span> <span class='ocrx_word' id='word_1_492' title='bbox 964 4309 1011 4360; x_wconf 73' lang='lat' dir='ltr'><strong>dud</strong></span> <span class='ocrx_word' id='word_1_493' title='bbox 1020 4309 1197 4371; x_wconf 78' lang='grc' dir='ltr'><strong>Ξενοράνουςτι</strong></span> <span class='ocrx_word' id='word_1_494' title='bbox 1211 4311 1251 4358; x_wconf 72' lang='grc' dir='ltr'><strong>καὶ</strong></span> <span class='ocrx_word' id='word_1_495' title='bbox 1261 4310 1294 4358; x_wconf 81' lang='lat' dir='ltr'><strong>iu</strong></span> <span class='ocrx_word' id='word_1_496' title='bbox 1304 4309 1402 4372; x_wconf 84' lang='grc' dir='ltr'><strong>πρόσθεν</strong></span> <span class='ocrx_word' id='word_1_497' title='bbox 1413 4308 1536 4370; x_wconf 73' lang='grc' dir='ltr'><strong>ἀρξάμενον</strong></span> <span class='ocrx_word' id='word_1_498' title='bbox 1543 4307 1653 4366; x_wconf 60' lang='lat' dir='ltr'><strong>,beluae</strong></span> 
     </span>
     <span class='ocr_line' id='line_1_38' title="bbox 62 4376 1652 4441; baseline -0.001 -15"><span class='ocrx_word' id='word_1_499' title='bbox 62 4381 126 4436; x_wconf 76' lang='grc' dir='ltr'><strong>οιιός.</strong></span> <span class='ocrx_word' id='word_1_500' title='bbox 875 4379 941 4435; x_wconf 81' lang='grc' dir='ltr'><strong>ὄντος</strong></span> <span class='ocrx_word' id='word_1_501' title='bbox 951 4385 998 4428; x_wconf 83' lang='grc' dir='ltr'><strong>τῶν</strong></span> <span class='ocrx_word' id='word_1_502' title='bbox 1006 4379 1101 4428; x_wconf 80' lang='grc' dir='ltr'><strong>πάντων</strong></span> <span class='ocrx_word' id='word_1_503' title='bbox 1110 4381 1259 4441; x_wconf 70' lang='grc' dir='ltr'><strong>καλουμένων</strong></span> <span class='ocrx_word' id='word_1_504' title='bbox 1274 4380 1336 4428; x_wconf 80' lang='grc' dir='ltr'><strong>οὕτω</strong></span> <span class='ocrx_word' id='word_1_505' title='bbox 1348 4379 1487 4440; x_wconf 75' lang='grc' dir='ltr'><strong>διεξέρχεται</strong></span> <span class='ocrx_word' id='word_1_506' title='bbox 1502 4383 1549 4431; x_wconf 80' lang='grc' dir='ltr'><strong>τοῖς</strong></span> <span class='ocrx_word' id='word_1_507' title='bbox 1564 4376 1652 4438; x_wconf 76' lang='grc' dir='ltr'><strong>μύθοις.</strong></span> 
     </span>
     <span class='ocr_line' id='line_1_39' title="bbox 90 4446 1656 4516; baseline -0.004 -16"><span class='ocrx_word' id='word_1_508' title='bbox 90 4451 118 4508; x_wconf 72' lang='grc' dir='ltr'><strong>(λ)</strong></span> <span class='ocrx_word' id='word_1_509' title='bbox 131 4451 239 4500; x_wconf 79' lang='lat' dir='ltr'><strong>Clemens</strong></span> <span class='ocrx_word' id='word_1_510' title='bbox 254 4452 431 4502; x_wconf 76' lang='lat' dir='ltr'><strong>Alexandrinus</strong></span> <span class='ocrx_word' id='word_1_511' title='bbox 449 4457 539 4504; x_wconf 84' lang='lat' dir='ltr'><strong>suom.</strong></span> <span class='ocrx_word' id='word_1_512' title='bbox 556 4455 569 4502; x_wconf 84' lang='lat' dir='ltr'><strong>t</strong></span> <span class='ocrx_word' id='word_1_513' title='bbox 591 4468 615 4516; x_wconf 88' lang='lat' dir='ltr'><strong>p.</strong></span> <span class='ocrx_word' id='word_1_514' title='bbox 627 4459 683 4510; x_wconf 77' lang='grc' dir='ltr'><strong>3ο),</strong></span> <span class='ocrx_word' id='word_1_515' title='bbox 698 4455 718 4503; x_wconf 89' lang='lat' dir='ltr'><strong>c</strong></span> <span class='ocrx_word' id='word_1_516' title='bbox 732 4455 796 4512; x_wconf 67' lang='grc' dir='ltr'><strong>ςτῆς</strong></span> <span class='ocrx_word' id='word_1_517' title='bbox 806 4455 830 4504; x_wconf 69' lang='grc' dir='ltr'><strong>δὲ</strong></span> <span class='ocrx_word' id='word_1_518' title='bbox 874 4451 1015 4499; x_wconf 81' lang='lat' dir='ltr'><strong>Aristoteles</strong></span> <span class='ocrx_word' id='word_1_519' title='bbox 1024 4451 1128 4512; x_wconf 83' lang='lat' dir='ltr'><strong>Metaph.</strong></span> <span class='ocrx_word' id='word_1_520' title='bbox 1140 4453 1150 4498; x_wconf 92' lang='lat' dir='ltr'><strong>i</strong></span> <span class='ocrx_word' id='word_1_521' title='bbox 1163 4462 1214 4510; x_wconf 83' lang='lat' dir='ltr'><strong>sap.</strong></span> <span class='ocrx_word' id='word_1_522' title='bbox 1229 4457 1258 4498; x_wconf 82' lang='lat'><strong>5:</strong></span> <span class='ocrx_word' id='word_1_523' title='bbox 1269 4449 1401 4510; x_wconf 79' lang='grc' dir='ltr'><strong>Ξενοφάνης</strong></span> <span class='ocrx_word' id='word_1_524' title='bbox 1411 4447 1599 4510; x_wconf 79' lang='grc' dir='ltr'><strong>πρῶτοιτούτων</strong></span> <span class='ocrx_word' id='word_1_525' title='bbox 1610 4446 1656 4495; x_wconf 79' lang='lat' dir='ltr'><strong>tri·</strong></span> 
     </span>
     <span class='ocr_line' id='line_1_40' title="bbox 64 4516 1654 4587; baseline -0.009 -9"><span class='ocrx_word' id='word_1_526' title='bbox 64 4521 184 4580; x_wconf 62' lang='grc' dir='ltr'><strong>’ὓὶῑῐῑῑῆς</strong></span> <span class='ocrx_word' id='word_1_527' title='bbox 199 4523 295 4586; x_wconf 74' lang='grc' dir='ltr'><strong>ἇγωγῆς</strong></span> <span class='ocrx_word' id='word_1_528' title='bbox 313 4524 473 4583; x_wconf 69' lang='grc' dir='ltr'><strong>Ξενοφάνοςό</strong></span> <span class='ocrx_word' id='word_1_529' title='bbox 493 4524 640 4582; x_wconf 74' lang='grc' dir='ltr'><strong>Κολοφώνιος</strong></span> <span class='ocrx_word' id='word_1_530' title='bbox 662 4523 787 4587; x_wconf 78' lang='grc' dir='ltr'><strong>κατάρχει,</strong></span> <span class='ocrx_word' id='word_1_531' title='bbox 804 4525 830 4572; x_wconf 85' lang='grc' dir='ltr'><strong>ὄν</strong></span> <span class='ocrx_word' id='word_1_532' title='bbox 876 4534 921 4573; x_wconf 72' lang='grc' dir='ltr'><strong>σας</strong></span> <span class='ocrx_word' id='word_1_533' title='bbox 938 4519 1028 4582; x_wconf 83' lang='grc' dir='ltr'><strong>(ὁγὰρ</strong></span> <span class='ocrx_word' id='word_1_534' title='bbox 1040 4520 1186 4582; x_wconf 77' lang='grc' dir='ltr'><strong>Παρμενίδης</strong></span> <span class='ocrx_word' id='word_1_535' title='bbox 1193 4519 1277 4568; x_wconf 85' lang='grc' dir='ltr'><strong>τούτου</strong></span> <span class='ocrx_word' id='word_1_536' title='bbox 1293 4519 1384 4575; x_wconf 80' lang='grc' dir='ltr'><strong>λέγεται</strong></span> <span class='ocrx_word' id='word_1_537' title='bbox 1401 4517 1517 4580; x_wconf 65' lang='lat' dir='ltr'><strong>paliuris)</strong></span> <span class='ocrx_word' id='word_1_538' title='bbox 1531 4516 1597 4565; x_wconf 73' lang='grc' dir='ltr'><strong>οὐδὲν</strong></span> <span class='ocrx_word' id='word_1_539' title='bbox 1609 4517 1654 4565; x_wconf 83' lang='grc' dir='ltr'><strong>διε·</strong></span> 
     </span>
     <span class='ocr_line' id='line_1_41' title="bbox 64 4587 1653 4655; baseline -0.006 -9"><span class='ocrx_word' id='word_1_540' title='bbox 64 4607 111 4646; x_wconf 57' lang='grc' dir='ltr'><strong>τοῦ*</strong></span> <span class='ocrx_word' id='word_1_541' title='bbox 130 4592 225 4654; x_wconf 69' lang='grc' dir='ltr'><strong>Τίραιος</strong></span> <span class='ocrx_word' id='word_1_542' title='bbox 247 4593 429 4655; x_wconf 69' lang='grc' dir='ltr'><strong>ιιατὰΊᾶριονα,</strong></span> <span class='ocrx_word' id='word_1_543' title='bbox 447 4595 487 4643; x_wconf 81' lang='grc' dir='ltr'><strong>τὸν</strong></span> <span class='ocrx_word' id='word_1_544' title='bbox 513 4593 617 4649; x_wconf 72' lang='grc' dir='ltr'><strong>Σικελίας</strong></span> <span class='ocrx_word' id='word_1_545' title='bbox 637 4593 771 4654; x_wconf 78' lang='grc' dir='ltr'><strong>δυνάστην,</strong></span> <span class='ocrx_word' id='word_1_546' title='bbox 790 4595 829 4642; x_wconf 81' lang='lat' dir='ltr'><strong>trel</strong></span> <span class='ocrx_word' id='word_1_547' title='bbox 873 4588 1015 4650; x_wconf 76' lang='grc' dir='ltr'><strong>σορήνισιν,</strong></span> <span class='ocrx_word' id='word_1_548' title='bbox 1034 4589 1087 4638; x_wconf 76' lang='grc' dir='ltr'><strong>οὐδὲ</strong></span> <span class='ocrx_word' id='word_1_549' title='bbox 1104 4595 1144 4647; x_wconf 78' lang='grc' dir='ltr'><strong>τῆς</strong></span> <span class='ocrx_word' id='word_1_550' title='bbox 1163 4589 1352 4650; x_wconf 80' lang='grc' dir='ltr'><strong>ρύοεωςτοὺτων</strong></span> <span class='ocrx_word' id='word_1_551' title='bbox 1377 4590 1432 4649; x_wconf 84' lang='grc' dir='ltr'><strong>(τοῦ</strong></span> <span class='ocrx_word' id='word_1_552' title='bbox 1444 4588 1505 4636; x_wconf 77' lang='grc' dir='ltr'><strong>κατὰ</strong></span> <span class='ocrx_word' id='word_1_553' title='bbox 1522 4587 1592 4647; x_wconf 76' lang='grc' dir='ltr'><strong>λόγον</strong></span> <span class='ocrx_word' id='word_1_554' title='bbox 1603 4587 1653 4642; x_wconf 71' lang='lat' dir='ltr'><strong>tete</strong></span> 
     </span>
     <span class='ocr_line' id='line_1_42' title="bbox 65 4655 1672 4724; baseline -0.002 -17"><span class='ocrx_word' id='word_1_555' title='bbox 65 4659 197 4724; x_wconf 73' lang='grc' dir='ltr'><strong>Ἐπίχαρμον</strong></span> <span class='ocrx_word' id='word_1_556' title='bbox 211 4663 253 4711; x_wconf 79' lang='grc' dir='ltr'><strong>τὸν</strong></span> <span class='ocrx_word' id='word_1_557' title='bbox 265 4665 367 4720; x_wconf 79' lang='grc' dir='ltr'><strong>ποιητὴν</strong></span> <span class='ocrx_word' id='word_1_558' title='bbox 383 4663 517 4724; x_wconf 72' lang='grc' dir='ltr'><strong>γεγονέναι·</strong></span> <span class='ocrx_word' id='word_1_559' title='bbox 536 4662 706 4724; x_wconf 80' lang='grc' dir='ltr'><strong>Ἀπολλόδωρος</strong></span> <span class='ocrx_word' id='word_1_560' title='bbox 728 4663 753 4712; x_wconf 83' lang='lat' dir='ltr'><strong>tt</strong></span> <span class='ocrx_word' id='word_1_561' title='bbox 769 4663 830 4711; x_wconf 70' lang='grc' dir='ltr'>κατὰ</span> <span class='ocrx_word' id='word_1_562' title='bbox 874 4657 968 4705; x_wconf 76' lang='grc' dir='ltr'><strong>καὶτοῦ</strong></span> <span class='ocrx_word' id='word_1_563' title='bbox 982 4656 1097 4715; x_wconf 64' lang='lat' dir='ltr'><strong>sardeis</strong></span> <span class='ocrx_word' id='word_1_564' title='bbox 1111 4657 1185 4719; x_wconf 85' lang='grc' dir='ltr'><strong>ὕλην)</strong></span> <span class='ocrx_word' id='word_1_565' title='bbox 1198 4659 1316 4720; x_wconf 74' lang='grc' dir='ltr'><strong>οὐδετέρας</strong></span> <span class='ocrx_word' id='word_1_566' title='bbox 1328 4657 1390 4706; x_wconf 72' lang='grc' dir='ltr'><strong>ἔοικε</strong></span> <span class='ocrx_word' id='word_1_567' title='bbox 1404 4659 1490 4718; x_wconf 78' lang='grc' dir='ltr'><strong>θιγεῖν·</strong></span> <span class='ocrx_word' id='word_1_568' title='bbox 1503 4655 1552 4705; x_wconf 77' lang='grc' dir='ltr'><strong>ἀλλ’</strong></span> <span class='ocrx_word' id='word_1_569' title='bbox 1563 4656 1596 4712; x_wconf 77' lang='grc' dir='ltr'><strong>εἰς</strong></span> <span class='ocrx_word' id='word_1_570' title='bbox 1613 4656 1654 4705; x_wconf 80' lang='grc' dir='ltr'><strong>τὸν</strong></span> <span class='ocrx_word' id='word_1_571' title='bbox 1670 4701 1672 4704; x_wconf 90' lang='grc'>.</span> 
     </span>
     <span class='ocr_line' id='line_1_43' title="bbox 64 4725 1654 4795; baseline -0.004 -15"><span class='ocrx_word' id='word_1_572' title='bbox 64 4729 99 4786; x_wconf 70' lang='lat' dir='ltr'><strong>tiro</strong></span> <span class='ocrx_word' id='word_1_573' title='bbox 115 4733 305 4795; x_wconf 82' lang='grc' dir='ltr'><strong>ιεοοιιριιιιοοιήν</strong></span> <span class='ocrx_word' id='word_1_574' title='bbox 329 4733 478 4794; x_wconf 79' lang='grc' dir='ltr'><strong>Ὀλυμπιάδα</strong></span> <span class='ocrx_word' id='word_1_575' title='bbox 496 4731 620 4794; x_wconf 81' lang='grc' dir='ltr'><strong>γινόμενον</strong></span> <span class='ocrx_word' id='word_1_576' title='bbox 646 4734 829 4795; x_wconf 55' lang='lat' dir='ltr'><strong>repercussum</strong></span> <span class='ocrx_word' id='word_1_577' title='bbox 874 4727 929 4776; x_wconf 78' lang='lat' dir='ltr'><strong>tter</strong></span> <span class='ocrx_word' id='word_1_578' title='bbox 947 4725 1045 4790; x_wconf 79' lang='grc' dir='ltr'><strong>οὐρανὸν</strong></span> <span class='ocrx_word' id='word_1_579' title='bbox 1060 4727 1194 4786; x_wconf 72' lang='grc' dir='ltr'><strong>ἀποᾶλέψας</strong></span> <span class='ocrx_word' id='word_1_580' title='bbox 1203 4728 1230 4776; x_wconf 81' lang='grc' dir='ltr'><strong>τὸ</strong></span> <span class='ocrx_word' id='word_1_581' title='bbox 1240 4727 1264 4776; x_wconf 80' lang='grc' dir='ltr'><strong>ἓν</strong></span> <span class='ocrx_word' id='word_1_582' title='bbox 1273 4727 1332 4776; x_wconf 76' lang='grc' dir='ltr'><strong>εἷναί</strong></span> <span class='ocrx_word' id='word_1_583' title='bbox 1343 4733 1399 4788; x_wconf 68' lang='grc' dir='ltr'><strong>φησι</strong></span> <span class='ocrx_word' id='word_1_584' title='bbox 1412 4728 1453 4775; x_wconf 81' lang='grc' dir='ltr'><strong>τὸν</strong></span> <span class='ocrx_word' id='word_1_585' title='bbox 1462 4725 1522 4775; x_wconf 79' lang='lat' dir='ltr'><strong>liade.</strong></span> <span class='ocrx_word' id='word_1_586' title='bbox 1540 4725 1654 4774; x_wconf 80' lang='lat' dir='ltr'><strong>Similiter</strong></span> 
     </span>
     <span class='ocr_line' id='line_1_44' title="bbox 66 4795 1651 4866; baseline -0.008 -12"><span class='ocrx_word' id='word_1_587' title='bbox 66 4799 113 4854; x_wconf 73' lang='lat' dir='ltr'><strong>late</strong></span> <span class='ocrx_word' id='word_1_588' title='bbox 126 4799 192 4864; x_wconf 70' lang='grc' dir='ltr'><strong>βίον)</strong></span> <span class='ocrx_word' id='word_1_589' title='bbox 208 4803 263 4864; x_wconf 74' lang='grc' dir='ltr'><strong>ἄχρι</strong></span> <span class='ocrx_word' id='word_1_590' title='bbox 278 4807 326 4850; x_wconf 82' lang='grc' dir='ltr'><strong>τῶν</strong></span> <span class='ocrx_word' id='word_1_591' title='bbox 337 4802 435 4866; x_wconf 79' lang='grc' dir='ltr'><strong>Δαρείου</strong></span> <span class='ocrx_word' id='word_1_592' title='bbox 449 4817 474 4850; x_wconf 73' lang='grc' dir='ltr'><strong>τε</strong></span> <span class='ocrx_word' id='word_1_593' title='bbox 485 4803 526 4850; x_wconf 77' lang='grc' dir='ltr'><strong>καὶ</strong></span> <span class='ocrx_word' id='word_1_594' title='bbox 538 4802 615 4865; x_wconf 79' lang='grc' dir='ltr'><strong>Κύρου</strong></span> <span class='ocrx_word' id='word_1_595' title='bbox 628 4801 727 4864; x_wconf 80' lang='grc' dir='ltr'><strong>χρόνων,</strong></span> <span class='ocrx_word' id='word_1_596' title='bbox 742 4803 830 4852; x_wconf 75' lang='lat' dir='ltr'><strong>sextris</strong></span> <span class='ocrx_word' id='word_1_597' title='bbox 874 4798 1032 4856; x_wconf 82' lang='lat' dir='ltr'><strong>Plutarctms,</strong></span> <span class='ocrx_word' id='word_1_598' title='bbox 1042 4799 1130 4847; x_wconf 82' lang='lat' dir='ltr'><strong>sextus</strong></span> <span class='ocrx_word' id='word_1_599' title='bbox 1144 4796 1293 4859; x_wconf 80' lang='lat' dir='ltr'><strong>Empiricos,</strong></span> <span class='ocrx_word' id='word_1_600' title='bbox 1302 4797 1414 4847; x_wconf 88' lang='lat' dir='ltr'><strong>clemens</strong></span> <span class='ocrx_word' id='word_1_601' title='bbox 1423 4795 1651 4848; x_wconf 71' lang='lat' dir='ltr'><strong>struendashom.</strong></span> 
     </span>
     <span class='ocr_line' id='line_1_45' title="bbox 65 4869 1022 4934; baseline 0.002 -20"><span class='ocrx_word' id='word_1_602' title='bbox 65 4869 185 4930; x_wconf 78' lang='lat' dir='ltr'><strong>Empiricos</strong></span> <span class='ocrx_word' id='word_1_603' title='bbox 194 4871 249 4920; x_wconf 84' lang='lat' dir='ltr'><strong>adr.</strong></span> <span class='ocrx_word' id='word_1_604' title='bbox 262 4871 369 4932; x_wconf 72' lang='lat' dir='ltr'><strong>Matini,</strong></span> <span class='ocrx_word' id='word_1_605' title='bbox 385 4877 421 4931; x_wconf 78' lang='lat' dir='ltr'><strong>tt,</strong></span> <span class='ocrx_word' id='word_1_606' title='bbox 433 4873 477 4921; x_wconf 77' lang='lat'><strong>257</strong></span> <span class='ocrx_word' id='word_1_607' title='bbox 489 4883 542 4934; x_wconf 77' lang='lat' dir='ltr'><strong>pag.</strong></span> <span class='ocrx_word' id='word_1_608' title='bbox 555 4875 601 4921; x_wconf 77' lang='lat'><strong>270</strong></span> <span class='ocrx_word' id='word_1_609' title='bbox 610 4873 647 4920; x_wconf 87' lang='lat' dir='ltr'><strong>ed.</strong></span> <span class='ocrx_word' id='word_1_610' title='bbox 657 4871 748 4920; x_wconf 81' lang='lat' dir='ltr'><strong>Febris.</strong></span> <span class='ocrx_word' id='word_1_611' title='bbox 761 4871 829 4920; x_wconf 77' lang='lat' dir='ltr'><strong>:⁹0rr</strong></span> <span class='ocrx_word' id='word_1_612' title='bbox 873 4872 948 4932; x_wconf 77' lang='lat' dir='ltr'><strong>lpeg.</strong></span> <span class='ocrx_word' id='word_1_613' title='bbox 968 4873 1022 4917; x_wconf 79' lang='lat' dir='ltr'><strong>tto.</strong></span> 
     </span>
     <span class='ocr_line' id='line_1_46' title="bbox 65 4937 1261 5004; baseline -0.003 -14"><span class='ocrx_word' id='word_1_614' title='bbox 65 4937 182 5000; x_wconf 64' lang='grc' dir='ltr'><strong>Ξενοφάνης</strong></span> <span class='ocrx_word' id='word_1_615' title='bbox 195 4941 210 4989; x_wconf 82' lang='lat' dir='ltr'><strong>d</strong></span> <span class='ocrx_word' id='word_1_616' title='bbox 225 4941 374 5001; x_wconf 78' lang='grc' dir='ltr'><strong>Κολοφώνιος</strong></span> <span class='ocrx_word' id='word_1_617' title='bbox 395 4941 485 5003; x_wconf 72' lang='grc' dir='ltr'><strong>ἐγένετο</strong></span> <span class='ocrx_word' id='word_1_618' title='bbox 505 4941 556 5004; x_wconf 77' lang='grc' dir='ltr'><strong>περὶ</strong></span> <span class='ocrx_word' id='word_1_619' title='bbox 576 4942 618 4999; x_wconf 78' lang='grc' dir='ltr'><strong>τὴν</strong></span> <span class='ocrx_word' id='word_1_620' title='bbox 637 4943 829 5004; x_wconf 73' lang='grc' dir='ltr'><strong>τεσσαρακοστὴν</strong></span> <span class='ocrx_word' id='word_1_621' title='bbox 906 4939 954 5000; x_wconf 75' lang='lat' dir='ltr'><strong>(til</strong></span> <span class='ocrx_word' id='word_1_622' title='bbox 968 4937 1025 4987; x_wconf 91' lang='lat' dir='ltr'><strong>Vid.</strong></span> <span class='ocrx_word' id='word_1_623' title='bbox 1041 4937 1124 4996; x_wconf 76' lang='lat' dir='ltr'><strong>traam.</strong></span> <span class='ocrx_word' id='word_1_624' title='bbox 1140 4937 1226 4985; x_wconf 77' lang='lat' dir='ltr'><strong>iuterL</strong></span> <span class='ocrx_word' id='word_1_625' title='bbox 1238 4939 1261 4986; x_wconf 80' lang='lat'><strong>8.</strong></span> 
     </span>
     <span class='ocr_line' id='line_1_47' title="bbox 63 4998 1650 5070; baseline -0.003 -12"><span class='ocrx_word' id='word_1_626' title='bbox 63 5003 205 5069; x_wconf 67' lang='grc' dir='ltr'><strong>Ὀλυμπιάδα.</strong></span> <span class='ocrx_word' id='word_1_627' title='bbox 906 5009 954 5070; x_wconf 77' lang='lat' dir='ltr'><strong>(tt)</strong></span> <span class='ocrx_word' id='word_1_628' title='bbox 969 5008 1083 5068; x_wconf 78' lang='lat' dir='ltr'><strong>Diogenes</strong></span> <span class='ocrx_word' id='word_1_629' title='bbox 1097 5007 1206 5057; x_wconf 80' lang='lat' dir='ltr'><strong>Laertius</strong></span> <span class='ocrx_word' id='word_1_630' title='bbox 1217 5009 1265 5066; x_wconf 83' lang='lat' dir='ltr'><strong>rx,</strong></span> <span class='ocrx_word' id='word_1_631' title='bbox 1280 5010 1308 5056; x_wconf 85' lang='lat' dir='ltr'><strong>te</strong></span> <span class='ocrx_word' id='word_1_632' title='bbox 1322 5018 1329 5049; x_wconf 73' lang='grc' dir='ltr'><em>τ</em></span> <span class='ocrx_word' id='word_1_633' title='bbox 1342 5005 1458 5062; x_wconf 77' lang='grc' dir='ltr'><strong>Διήκουσε</strong></span> <span class='ocrx_word' id='word_1_634' title='bbox 1469 5002 1495 5051; x_wconf 72' lang='grc' dir='ltr'><strong>δὲ</strong></span> <span class='ocrx_word' id='word_1_635' title='bbox 1510 4998 1562 5050; x_wconf 71' lang='grc' dir='ltr'><strong>κατ’</strong></span> <span class='ocrx_word' id='word_1_636' title='bbox 1577 4998 1650 5054; x_wconf 68' lang='grc' dir='ltr'><strong>ἐνίους</strong></span> 
     </span>
     <span class='ocr_line' id='line_1_48' title="bbox 90 5069 1647 5145; baseline -0.001 -15"><span class='ocrx_word' id='word_1_637' title='bbox 90 5079 121 5136; x_wconf 76' lang='grc'><strong>(5)</strong></span> <span class='ocrx_word' id='word_1_638' title='bbox 135 5081 246 5131; x_wconf 76' lang='lat' dir='ltr'><strong>Lmehius</strong></span> <span class='ocrx_word' id='word_1_639' title='bbox 258 5083 353 5132; x_wconf 86' lang='lat' dir='ltr'><strong>canon.</strong></span> <span class='ocrx_word' id='word_1_640' title='bbox 366 5079 470 5131; x_wconf 88' lang='lat' dir='ltr'><strong>chronic.</strong></span> <span class='ocrx_word' id='word_1_641' title='bbox 482 5080 513 5132; x_wconf 87' lang='lat' dir='ltr'><strong>ed</strong></span> <span class='ocrx_word' id='word_1_642' title='bbox 523 5080 619 5145; x_wconf 75' lang='lat' dir='ltr'><strong>olymp.</strong></span> <span class='ocrx_word' id='word_1_643' title='bbox 631 5087 661 5133; x_wconf 78' lang='lat' dir='ltr'><strong>au</strong></span> <span class='ocrx_word' id='word_1_644' title='bbox 669 5093 725 5133; x_wconf 88' lang='lat' dir='ltr'><strong>ann.</strong></span> <span class='ocrx_word' id='word_1_645' title='bbox 737 5084 751 5131; x_wconf 84' lang='lat' dir='ltr'><strong>t</strong></span> <span class='ocrx_word' id='word_1_646' title='bbox 765 5101 772 5132; x_wconf 73' lang='grc' dir='ltr'><strong>ε</strong></span> <span class='ocrx_word' id='word_1_647' title='bbox 785 5083 828 5130; x_wconf 84' lang='grc' dir='ltr'><strong>Ξι-</strong></span> <span class='ocrx_word' id='word_1_648' title='bbox 876 5079 917 5142; x_wconf 83' lang='grc' dir='ltr'><strong>μὲν</strong></span> <span class='ocrx_word' id='word_1_649' title='bbox 929 5077 1033 5138; x_wconf 74' lang='grc' dir='ltr'><strong>οὐδενός,</strong></span> <span class='ocrx_word' id='word_1_650' title='bbox 1045 5077 1097 5127; x_wconf 76' lang='grc' dir='ltr'>κατ’</span> <span class='ocrx_word' id='word_1_651' title='bbox 1109 5077 1182 5132; x_wconf 76' lang='grc' dir='ltr'><strong>ἐνίους</strong></span> <span class='ocrx_word' id='word_1_652' title='bbox 1192 5077 1216 5126; x_wconf 76' lang='grc' dir='ltr'><strong>δὲ</strong></span> <span class='ocrx_word' id='word_1_653' title='bbox 1234 5076 1339 5133; x_wconf 78' lang='grc' dir='ltr'><strong>Βότωνος</strong></span> <span class='ocrx_word' id='word_1_654' title='bbox 1350 5073 1483 5132; x_wconf 66' lang='grc' dir='ltr'><strong>Ἀθηναῖον,</strong></span> <span class='ocrx_word' id='word_1_655' title='bbox 1494 5073 1510 5131; x_wconf 76' lang='grc' dir='ltr'><strong>ἡ</strong></span> <span class='ocrx_word' id='word_1_656' title='bbox 1521 5072 1568 5132; x_wconf 72' lang='grc' dir='ltr'><strong>(ὧι</strong></span> <span class='ocrx_word' id='word_1_657' title='bbox 1579 5069 1647 5128; x_wconf 63' lang='lat' dir='ltr'><strong>riva)</strong></span> 
     </span>
     <span class='ocr_line' id='line_1_49' title="bbox 64 5146 1537 5213; baseline -0.004 -13"><span class='ocrx_word' id='word_1_658' title='bbox 64 5146 149 5206; x_wconf 60' lang='lat' dir='ltr'><strong>”rivet</strong></span> <span class='ocrx_word' id='word_1_659' title='bbox 163 5150 177 5200; x_wconf 80' lang='lat' dir='ltr'><strong>d</strong></span> <span class='ocrx_word' id='word_1_660' title='bbox 189 5151 339 5213; x_wconf 74' lang='grc' dir='ltr'><strong>Κολορύινιος</strong></span> <span class='ocrx_word' id='word_1_661' title='bbox 350 5149 491 5212; x_wconf 74' lang='grc' dir='ltr'><strong>ἐγνωρίζιτο.</strong></span> <span class='ocrx_word' id='word_1_662' title='bbox 874 5147 1004 5212; x_wconf 73' lang='grc' dir='ltr'><strong>Ἀρχελάου,</strong></span> <span class='ocrx_word' id='word_1_663' title='bbox 1534 5148 1537 5155; x_wconf 92' lang='grc'><strong>’</strong></span> 
     </span>
     <span class='ocr_line' id='line_1_50' title="bbox 831 5230 1570 5277; baseline -0.003 0"><span class='ocrx_word' id='word_1_664' title='bbox 831 5237 862 5277; x_wconf 79' lang='lat' dir='ltr'><strong>uu</strong></span> <span class='ocrx_word' id='word_1_665' title='bbox 1549 5230 1570 5275; x_wconf 85' lang='grc'><strong>7.</strong></span> 
     </span>
    </p>
   </div>
   <div class='ocr_carea' id='block_1_7' title="bbox 0 0 1924 5925">
    <p class='ocr_par' dir='ltr' id='par_1_7' title="bbox 0 0 1924 5925">
     <span class='ocr_line' id='line_1_51' title="bbox 0 0 1924 5925; baseline 0 0"><span class='ocrx_word' id='word_1_666' title='bbox 0 0 1924 5925; x_wconf 95' lang='lat' dir='ltr'><strong> </strong></span> 
     </span>
    </p>
   </div>
  </div>
 </body>
</html>
