3696 5922
551 351 756 414 Hlillchttl
776 349 1029 416 FRAGMENTA.
1542 365 1598 417 atr

85 491 185 547 Monac.
199 479 283 562 (Stob.
292 479 367 542 lior.
379 479 416 542 T.
425 479 500 559 le.
514 483 570 540 stt
581 483 629 542 ed.
641 483 780 564 hiemet.)
884 503 973 562 quum
986 484 1103 560 vulgata
1118 485 1262 563 scriptura
1272 487 1339 544 titt
1353 484 1456 560 ὀξύτητι
1470 486 1516 547 καλ
1526 487 1592 567 τοῖχε

86 571 287 635 eitribuuntur:
300 565 470 646 Ἡράκλειτος
480 565 543 647 ἔφη,
554 568 637 639 οἴησις
647 575 782 648 προκοπῆς

85 658 173 740 ipen-l
195 657 336 736 προκοπῆς.
351 651 384 714 ‘0
400 654 475 720 αθτθς
491 653 539 725 τὴν
557 656 676 716 παιδείαν
694 657 781 738 ἕτερον

83 749 148 818 ἥλιον
160 733 222 802 ε’ίναι
233 745 283 808 τοῖς
296 727 508 818 πεπαιδευμένοις
519 740 613 822 ἔλεγε.)

39 857 66 896 ιο.
81 836 147 896 Καλὸ
160 831 310 909 δυσάρεστος
321 827 490 904 Ἡράκλειτος
504 829 619 905 μάλιστα
630 829 706 890 αθτὸν
718 830 782 910 ἐπῄ-

83 943 132 978 νισι
140 914 533 999 γροίψας·ιἘνΠριήνῃέγε’νετο
541 917 783 994 ΒίσςὸΤευτόμιω,

84 1001 110 1066 ol
120 1005 207 1064 πλείων
219 1003 293 1081 λόγος
305 1003 322 1074 ἢ
336 1007 387 1061 τῶν
400 1003 495 1062 ἄλλων.
507 1030 519 1054 υ

119 1093 263 1170 (Diogenes
275 1089 407 1148 Laertius
418 1087 468 1147 lib.
482 1088 508 1161 l,
526 1089 586 1164 88.)

39 1201 66 1240 ιι.
78 1175 162 1254 'lips
175 1176 225 1254 χρὴ
240 1172 369 1233 σόιννόειν
382 1176 482 1251 μᾶλλον
495 1173 513 1244 ἢ
525 1176 665 1255 πυρκαῖήν.

118 1263 264 1338 (Diogenes
271 1260 402 1320 Laertius
414 1261 467 1322 lib.
482 1261 534 1338 lx,
548 1265 589 1340 a.)

39 1373 65 1411 n.
78 1348 182 1408 Ὁκόσων
210 1347 301 1426 λόγους
335 1347 449 1422 ἤκουσα,
472 1349 553 1415 οὗδελς
586 1349 733 1428 ἀρικνίεται
761 1351 786 1416 ἐς

83 1441 162 1511 τοῦτο,
175 1429 241 1491 ὥστε
255 1433 401 1513 γινώσκειν,
414 1433 453 1493 ότι
467 1433 544 1515 σορόν
559 1437 615 1494 ἐστι
627 1435 731 1494 πάντων
743 1457 785 1494 κε·

82 1517 240 1600 χωρισμίνον.

117 1605 251 1686 (Stohaeus
265 1605 343 1668 Flor.
360 1607 410 1678 lll,
430 1607 490 1688 81.)

38 1717 65 1755 ιι.
78 1693 123 1751 Ξὺν
132 1693 179 1772 νόῳ
191 1692 316 1770 λε’γοντοις
330 1693 504 1774 ἰσχυρίζεσθαι
519 1695 570 1775 χρὴ
585 1697 623 1774 τῷ
640 1693 705 1776 ξυνῷ
721 1695 788 1756 πόν-

85 1803 139 1850 των,
153 1778 272 1858 ὅκωσπερ
293 1780 365 1862 νόμιρ
385 1781 459 1850 πόλις
472 1782 517 1840 καλ
528 1781 594 1842 πολὺ
609 1782 788 1860 ἷσγυροτίρως.

83 1867 217 1948 Τρέρονται
228 1868 279 1946 γὰρ
289 1867 383 1934 πάντες
394 1871 417 1926 ol
428 1868 664 1947 ἂνθριίιπινοινόμοι
675 1869 724 1927 tel
735 1869 788 1934 ἑνός

83 1959 121 2011 τοῦ
134 1954 205 2011 θείου·
218 1953 324 2032 κρατέει
341 1953 391 2035 γλρ
408 1963 527 2015 τοσοῦτον
540 1955 629 2017 ὁκόσον
640 1955 735 2029 ἐθέλει,
744 1956 788 2014 καλ

22 2046 27 2066 “
85 2041 187 2119 ἐξαρκίει
197 2051 262 2100 πᾶσι
278 2043 322 2100 κοιλ
336 2043 505 2120 περιγίνεται.

119 2127 251 2202 (Stobaeus
268 2127 347 2186 flor.
360 2128 415 2204 llt,
428 2132 475 2198 84.
488 2129 592 2208 Recepi
603 2129 790 2188 Schleierma·

84 2213 152 2270 cheri
168 2213 396 2272 emendationem
413 2215 485 2282 πολις
502 2214 625 2274 animoli
643 2235 697 2294 pro
711 2214 790 2274 codi-

84 2320 140 2356 cum
151 2299 273 2357 lectione
287 2301 360 2367 πολις
373 2301 418 2359 καλ
431 2301 527 2374 πόλις.)

38 2407 66 2446 to.
80 2385 208 2465 Μόγεσθαι
226 2387 281 2466 χρὴ
300 2385 344 2444 τὸν
366 2388 446 2464 δῆμον
463 2387 529 2468 ὑπὲρ
549 2387 629 2466 νόμου
649 2389 715 2457 όκιος
728 2389 791 2468 ὑπὲρ

85 2495 183 2549 ruptor.

122 2559 270 2634 (Diogenes
285 2559 417 2618 Laertius
430 2560 483 2622 lib.
497 2559 548 2633 lx,
562 2561 604 2638 α.)

38 2667 68 2703 ιι.
84 2647 189 2724 Ιλοταμῷ
209 2645 260 2724 γὰρ
281 2649 328 2704 οὐκ
350 2646 405 2705 ἔστι
425 2647 462 2712 δὶς
474 2648 586 2724 ίμόῆναι
596 2649 634 2726 τῷ
646 2647 716 2726 αὐτῷ
735 2649 792 2705 καθ’

80 2727 250 2808 Ἡράκλειτον,
264 2734 323 2792 οὐδὲ
335 2737 428 2806 θνητῆς
438 2735 526 2800 οὐσίας
537 2733 575 2800 δὶς
594 2733 710 2810 ἅψασθαι
725 2732 793 2790 κατὰ

887 572 957 630 lerri
971 586 1103 648 nequeat.
1119 571 1197 630 ldem
1212 573 1248 630 de
1265 592 1328 631 sera
1341 593 1420 631 num.
1436 577 1518 637 vind.
1537 595 1601 652 cap.

890 658 936 729 15,
950 660 1009 718 vol.
1023 658 1048 716 X
1061 680 1090 736 p.
1105 661 1161 718 252
1179 681 1186 717 :
1201 658 1218 730 ἦ
1232 660 1346 736 λήσομεν
1360 664 1396 728 εἰς
1408 662 1452 720 τὸν
1467 662 1604 743 Ἡρακλεῖ·

888 765 955 803 attor
972 744 1076 803 ἅπαντα
1090 746 1234 822 πράγματα
1245 746 1364 822 ποταμὸν
1379 747 1552 824 θμόαλόντις,
1569 750 1605 814 είς

888 831 917 891 ὁν
928 831 957 891 οὗ
969 855 1033 912 φησι
1047 834 1085 900 θὶς
1098 833 1228 910 θμόῆναι,
1241 837 1278 913 τῷ
1293 834 1380 892 πάντα
1394 844 1472 894 κινεῖν
1485 836 1529 894 καλ
1547 838 1606 893 ἑτα-

890 923 971 999 ροιοῦν
985 919 1032 988 τὴν
1047 920 1122 996 ρόσιν
1137 918 1374 998 μιταόόλλουσαν,)

860 1049 866 1062 .
891 1007 1040 1081 Ποταμοῖσι
1049 1005 1221 1065 τοῖσιαθτοῑσι
1230 1006 1382 1082 όμόαίνουσι
1390 1006 1465 1087 ἕτερα
1475 1009 1519 1066 κοιλ
1529 1009 1605 1087 ἕτερα

888 1090 971 1149 [idere
983 1091 1106 1172 ἐπιρρέει.

927 1177 1089 1254 (Cleanthes
1109 1177 1221 1236 Stoicus
1238 1181 1314 1255 apud
1334 1179 1489 1239 Eusebium
1513 1182 1605 1260 Praep.

889 1263 998 1340 Evang.
1011 1263 1068 1334 XV,
1082 1285 1120 1321 ao
1132 1263 1315 1341 εἩροίκλειτος
1325 1266 1406 1342 λέγων
1417 1266 1506 1332 οὸτως·
1519 1270 1607 1326 Ποτα-

890 1357 961 1408 ιιοῐσι
968 1351 1026 1406 κτλ.
1039 1349 1179 1407 Similiter
1188 1349 1358 1407 Plutarchus
1368 1350 1473 1419 Quaest.
1488 1352 1550 1409 Nat.
1566 1373 1583 1408 α
1597 1373 1604 1408 :

892 1441 1018 1512 ποταμοῖς
1037 1436 1088 1513 γὸιρ
1108 1437 1145 1501 δἰς
1159 1444 1211 1502 τοῖς
1224 1438 1308 1501 αὐτοῖς
1323 1439 1368 1494 οὐκ
1382 1436 1414 1494 ἂν
1435 1438 1561 1513 ἐμόαίης,
1574 1437 1609 1504 ὥς
1688 1497 1690 1506 ,

892 1543 968 1600 φησιν
979 1521 1299 1601 Ἡρόκλειτος·ὁτεραγθιρ
1307 1525 1406 1603 ἐπιρρεῖ
1418 1523 1511 1584 itare.
1522 1526 1606 1582 Conf.

890 1608 993 1666 Sextus
1004 1608 1165 1684 Empiricus
1175 1609 1279 1684 Pyrrh.
1294 1609 1369 1686 llyp.
1383 1609 1432 1678 tlt,
1451 1611 1516 1670 115.
1530 1610 1609 1668 tide

891 1693 1037 1756 Plutarch.
1053 1693 1089 1751 de
1103 1694 1181 1753 Plac.
1204 1695 1275 1771 phil.
1298 1695 1322 1766 l,
1343 1698 1379 1752 23
1397 1708 1428 1752 et
1448 1695 1528 1754 Stob.
1548 1696 1606 1753 lici.

891 1781 980 1857 Phys.
995 1781 1056 1858 l.p.
1073 1781 1140 1856 396,
1156 1781 1247 1840 tom.l
1262 1801 1290 1858 p.
1308 1783 1361 1838 153
1376 1782 1421 1839 ed.
1431 1781 1523 1841 Gaisl.
1537 1803 1544 1838 :
1559 1781 1609 1842 ‘ll-

895 1867 1027 1946 ρόκλειτος
1050 1867 1161 1945 ἠρεμίαν
1185 1866 1231 1943 μὲν
1254 1867 1299 1926 καλ
1320 1869 1410 1926 οτόσιν
1429 1870 1460 1926 ht
1472 1873 1524 1926 τῶν
1544 1867 1610 1926 ὅλων

893 1953 1003 2032 ἀνῄρει.)

863 2083 870 2100 .
890 2037 967 2100 'Alli
982 2040 1029 2112 τὴν
1045 2040 1091 2119 μὲν
1107 2039 1225 2112 αἴσθησιν
1238 2043 1338 2120 ἐλέγχει
1351 2043 1434 2118 λόγων
1448 2041 1517 2100 κατιλ
1532 2003 1608 2109 λίξιν·

895 2127 997 2186 ικακολ
1012 2128 1140 2207 μάρτυρες
1160 2129 1317 2208 ἀνθρώποισι
1341 2130 1468 2208 όρθαλμολ
1490 2129 1534 2187 καλ
1555 2117 1611 2186 ὦτα
1649 2137 1652 2144 “

895 2213 1040 2294 βαρόόρους
1062 2213 1147 2293 ψυχὰς
1173 2215 1293 2291 ἐχόντων.
1314 2243 1326 2267 ι
1345 2216 1408 2292 ὅπερ
1426 2215 1481 2274 ἴσον
1499 2208 1540 2286 ἦν,
1559 2221 1611 2273 τῶν

895 2300 1033 2380 βαρόοίρων
1059 2300 1114 2360 ἐστὶ
1146 2303 1236 2381 ψυχῶν
1267 2303 1322 2368 ταῖς
1346 2301 1447 2380 ἀλόγοις
1478 2300 1613 2370 αἰσθήσεσι

894 2410 1036 2447 πιστευιιν.

939 2475 1051 2549 (Sextus
1074 2474 1236 2551 Empiricus
1260 2475 1324 2532 adv.
1345 2475 1432 2534 hlatlt.
1451 2473 1516 2544 vlt,
1545 2475 1611 2533 126.

896 2561 1001 2619 lisdem
1023 2579 1115 2638 prope
1136 2562 1234 2618 verbis
1255 2559 1384 2618 Stobeeus
1395 2562 1474 2618 Flor.
1488 2559 1534 2629 lli,
1550 2560 1586 2616 56
1604 2581 1611 2616 ι

895 2647 972 2706 κακοὶ
984 2646 1100 2724 γίνονται·
1108 2644 1236 2722 όρθαλμολ
1247 2645 1293 2703 καλ
1306 2635 1361 2704 disc
1377 2646 1492 2725 ἀφρόνων
1510 2642 1615 2722 ἀνθρόι-

895 2757 951 2792 πων
963 2733 1047 2811 ψυχὰς
1057 2730 1202 2811 βαρὸοίρους
1214 2731 1335 2811 ἐχόντων.
1346 2734 1487 2808 Diogenes
1499 2731 1550 2792 lib.
1565 2731 1614 2805 lx,
1711 2765 1713 2770 ,

86 2815 138 2884 ἕξιν·
154 2818 220 2875 ἀλλὰ
238 2817 332 2889 θὶότης
350 2819 394 2877 καὶ
408 2819 488 2900 τάχος
506 2823 552 2890 τῆς
569 2817 715 2894 μεταόολῆς
734 2817 794 2876 σκί-
897 2843 912 2891 7
928 2821 964 2878 de
979 2819 1122 2878 Heraclito
1138 2840 1145 2876 ε
1162 2819 1208 2878 κοιλ
1221 2818 1269 2888 τὴν
1284 2819 1376 2900 ὅρασιν
1386 2816 1545 2898 ψεύδεσθαι.)

86 2903 153 2972 θνησι
161 2903 416 2981 καλποίλινσυνόγει,
428 2907 526 2981 μᾶλλον
537 2907 563 2964 δὲ
576 2903 635 2964 oili
645 2905 724 2964 πόλιν
734 2903 794 2964 οὐδὲ
837 2926 872 2966 τι.
892 2910 970 2964 duola
984 2905 1035 2986 γλρ
1046 2905 1127 2966 ὄντων
1138 2905 1206 2964 κατὰ
1218 2904 1293 2984 φύσιν
1307 2908 1402 2964 drussi
1413 2929 1490 2964 τινων
1499 2903 1615 2982 θργόνων

84 2987 178 3067 ὕστερον
200 2992 259 3050 ἀλλ’
285 2992 341 3070 ἅμα
365 2993 518 3051 συνίσταται
535 2991 580 3051 καλ
596 2991 731 3051 ἀπολείπει
749 2992 794 3050 καλ
896 2995 970 3067 ἡμῖν,
989 2981 1027 3058 οἷς
1046 2991 1133 3050 πάντα
1154 2993 1335 3068 πυνθανόμεθα
1357 2991 1402 3050 καλ
1425 2994 1615 3069 πολυπραγμο-

85 3074 194 3153 πρόσεισι
204 3077 249 3135 καὶ
259 3077 367 3135 ἄπεισι·
384 3077 440 3137 ὅθεν
454 3078 506 3138 οὐδ’
516 3079 552 3146 είς
561 3075 591 3136 τὸ
605 3067 671 3137 εἶναι
680 3077 795 3157 περαίνει
896 3085 998 3156 νοῦμτν,
1011 3081 1090 3150 ἀκοῆς
1106 3079 1150 3136 καὶ
1161 3079 1292 3156 ὁράσεως,
1305 3077 1495 3157 ἀληθινωτίρας
1505 3078 1526 3136 δ’
1538 3077 1616 3146 οὔσης

84 3161 110 3218 τό
119 3163 265 3240 γιγνόμενον
277 3166 358 3236 αὐτῆς
367 3168 404 3246 τῷ
417 3165 546 3242 μηὸίποττ
555 3163 643 3244 λήγειν
653 3166 715 3242 μηδ’
725 3165 795 3222 ἵστα·
899 3169 926 3222 οὐ
950 3167 1036 3245 μικρῷ
1062 3170 1108 3236 τῆς
1132 3166 1246 3242 ὁράσεως
1269 3165 1338 3225 κατόι
1368 3165 1412 3222 τθν
1438 3163 1616 3242 Ἡράκλειτον·

87 3253 140 3304 σθαι
150 3247 194 3319 τὴν
206 3250 321 3328 γένεσιν.
898 3251 1067 3330 ιὈρθαλμολ
1083 3252 1133 3332 γὰρ
1146 3257 1197 3311 τῶν
1209 3251 1282 3311 ὤτων
1297 3252 1476 3333 α’κριθόστεροι
1486 3250 1616 3330 μόρτυρες

124 3333 304 3410 (Plutarchus
319 3337 354 3395 de
375 3339 409 3398 Ει
426 3337 503 3416 apud
518 3337 644 3416 Delphos
662 3357 727 3415 cap.
746 3339 793 3410 ιθ,
897 3341 956 3397 κτλ.
973 3363 986 3390 ι

87 3421 139 3481 rol.
154 3422 196 3480 lx
207 3445 238 3503 p.
253 3427 324 3501 239.
337 3425 425 3483 Posui
438 3425 506 3484 titt
519 3416 609 3497 όζπίτηξ
628 3424 673 3483 καλ
695 3426 793 3504 τάχος,
938 3424 1087 3503 (Polybius
1102 3423 1168 3494 llll,
1183 3428 1241 3500 ορ.)

67 3644 97 3689 lt.
112 3645 143 3689 lc
153 3641 256 3692 difficilis
268 3643 309 3692 ille
320 3642 452 3693 uuaclttns
468 3643 573 3692 maxime
584 3655 639 3692 eum
655 3641 799 3692 collaudavit
842 3644 953 3693 velocitas
961 3657 1013 3693 eam
1024 3644 1123 3705 dissipat
1134 3655 1188 3692 mox
1202 3642 1330 3704 statimque
1342 3641 1430 3703 colligit
1442 3653 1535 3702 rursus,
1545 3641 1620 3690 immo

42 3723 70 3774 lis
81 3727 150 3776 teritis
161 3747 168 3778 ε
181 3748 192 3772 ι
203 3731 274 3793 Apud
292 3730 433 3780 Prienenses
457 3734 527 3779 natus
547 3734 585 3779 est
605 3729 676 3790 Blae,
690 3729 799 3778 'lettlami
842 3744 920 3792 neque
931 3731 1017 3779 ltemm
1036 3743 1114 3792 neque
1128 3731 1254 3792 postmodo
1272 3728 1374 3788 colligit,
1386 3741 1470 3777 verum
1487 3729 1528 3777 illa
1545 3727 1618 3776 simul

41 3810 104 3872 lilius,
114 3815 179 3876 cujus
191 3816 307 3866 illustrior
318 3817 382 3866 uma
392 3817 429 3866 est
439 3829 512 3879 qnam
520 3820 670 3866 ceterorum.
681 3834 693 3858 ν
843 3823 867 3867 et
880 3817 973 3867 exsistit
990 3819 1015 3867 et
1034 3817 1127 3875 interit.
1139 3816 1208 3864 simul
1226 3814 1320 3864 accedit
1340 3817 1411 3874 atque
1425 3814 1521 3863 recedit.
1540 3817 1620 3870 Quare

68 3903 285 3953 recemundum
309 3903 380 3954 citius
408 3916 481 3968 quam
515 3902 653 3954 incendium
683 3900 800 3964 exstingui
844 3905 868 3954 id
890 3904 955 3969 quod
971 3904 1026 3953 inde
1043 3904 1070 3951 nt
1090 3915 1120 3951 ne
1135 3903 1168 3951 lte
1187 3901 1282 3964 quidem
1301 3901 1429 3962 perficitur,
1451 3905 1478 3949 ul
1500 3899 1620 3950 veredici

41 3993 126 4046 illibi·
844 3991 918 4054 possit
930 4004 998 4052 esse,
1013 3991 1068 4053 quia
1081 3995 1149 4040 ortus
1168 4001 1290 4050 uunquam
1304 4001 1381 4050 neque
1392 3987 1478 4038 desinit
1491 4001 1567 4049 neque
1581 3987 1619 4036 ln-

68 4076 98 4122 tt.
114 4077 317 4139 Quommcunque
327 4090 449 4128 sermones
460 4077 554 4139 audivi,
564 4090 635 4128 nemo
645 4077 739 4127 lantum
749 4088 801 4139 pro·
843 4076 915 4126 sistit.

42 4157 99 4218 ierit,
110 4168 136 4211 nt
148 4162 305 4227 intelilgeret,
315 4164 452 4227 sapientiam
463 4177 517 4216 esse
529 4178 543 4216 a
556 4165 626 4215 relius
641 4163 754 4214 omnihus
762 4175 801 4212 se·
876 4169 914 4213 tt.
933 4165 959 4212 ln
970 4161 1065 4212 eosdem
1075 4160 1159 4210 liutius
1170 4159 1365 4211 descendentibus
1376 4161 1422 4211 alia
1432 4162 1506 4223 atque
1521 4161 1568 4211 alia
1583 4160 1621 4211 al·

43 4255 139 4308 imfim-
845 4253 977 4313 lluitaqua.

68 4337 100 4384 ts.
115 4338 246 4390 Prudenter
258 4339 383 4402 loquentes
403 4355 429 4392 re
446 4342 550 4404 qttadam
572 4342 664 4391 cunctis
681 4340 801 4390 communi
876 4343 914 4389 23.
932 4340 979 4388 sed
1002 4349 1100 4387 sensrtm
1123 4336 1220 4398 nitidem
1242 4337 1328 4387 refellit
1349 4338 1430 4387 diceus
1448 4337 1478 4386 ad
1499 4337 1621 4388 vorbuma
1714 4383 1720 4396 ,

42 4417 76 4466 niti
89 4425 189 4485 oportet,
204 4428 233 4474 ul
250 4425 301 4485 tege
315 4426 424 4476 civitates
435 4431 460 4476 et
477 4427 650 4488 multomagis.
666 4427 727 4476 llam
740 4425 803 4486 legra
847 4443 859 4467 ι
875 4425 931 4474 tlall
941 4427 997 4475 sunt
1011 4427 1084 4474 testes
1097 4423 1234 4472 hominihus
1247 4425 1309 4473 oculi
1321 4429 1346 4474 et
1365 4435 1434 4473 aures
1450 4423 1564 4473 barbaras
1578 4425 1621 4472 lta·

42 4501 137 4557 humanae
156 4523 240 4560 omnes
259 4525 308 4560 una
327 4513 378 4574 lege
397 4513 480 4564 dlrina
500 4514 688 4576 inventumque
705 4510 802 4574 quidem
846 4511 953 4561 bendum
974 4511 1074 4562 animas.
1091 4533 1105 4556 ω
1121 4511 1189 4569 Quod
1210 4513 1307 4572 perinde
1329 4515 1366 4562 est
1388 4525 1416 4561 ac
1436 4513 1455 4561 si
1475 4511 1540 4560 dieas
1561 4526 1567 4560 ι
1586 4516 1627 4560 est

42 4591 121 4640 lantum
134 4601 224 4658 potest,
236 4603 354 4660 quantum
368 4599 425 4648 libet
435 4601 507 4662 atque
518 4599 635 4648 universis
645 4600 670 4649 et
681 4597 769 4648 ιυθῖοῖῖ
779 4603 803 4648 et
847 4598 999 4648 barbararum
1009 4600 1142 4650 animarum
1157 4600 1255 4650 credere
1270 4601 1379 4650 sensibus
1390 4601 1432 4661 qui
1445 4600 1502 4648 sunt
1522 4597 1622 4647 rationis

43 4679 189 4738 tupuiorest.
846 4687 963 4747 expertes.

67 4769 99 4812 to.
116 4769 233 4830 Populum
249 4771 355 4834 prolege
371 4784 497 4823 nonseeus
513 4784 596 4832 acpro
614 4784 684 4822 muro
699 4781 803 4833 pugnare
878 4773 917 4830 al.
935 4773 1016 4828 Quum
1039 4770 1103 4824 enim
1122 4770 1170 4820 due
1191 4771 1260 4821 noble
1280 4769 1410 4820 secundum
1428 4771 1537 4819 naturam
1555 4770 1623 4830 quasi

44 4855 129 4909 ⁰ll0¹ltl
846 4861 1002 4910 instrumenta
1023 4860 1134 4922 quedam
1156 4861 1217 4923 sint,
1238 4860 1325 4922 quihus
1341 4861 1421 4908 omnia
1440 4857 1583 4920 percipimus
1598 4862 1623 4909 et

68 4941 101 4987 tl.
116 4942 207 4992 Etenim
222 4943 247 4993 in
259 4945 360 4996 eundem
375 4946 474 4996 lluriutn
487 4947 523 4996 bis
535 4945 679 4996 descendere
690 4943 802 4996 nonlicet
847 4949 990 5010 tcmlamur,
1001 4946 1097 4996 auditus
1111 4949 1135 4996 et
1154 4947 1231 5006 risus,
1251 4947 1328 4996 multo
1346 4948 1427 4993 autem
1447 4946 1535 4992 cultor
1558 4943 1623 4993 risus

43 5025 158 5078 mnndum
167 5031 321 5093 Heraclitum,
332 5046 409 5096 neque
418 5033 542 5083 mortalem
555 5034 664 5082 naturam
674 5031 803 5082 hiseodem
847 5031 878 5082 sit
893 5031 973 5093 iudice
987 5033 1106 5082 Heraclito
1120 5051 1126 5082 ι
1143 5052 1155 5076 s
1167 5031 1236 5083 ocull
1250 5032 1314 5082 euim
1327 5029 1426 5082 turibus
1439 5029 1551 5080 certiores
1566 5034 1624 5080 sunt

44 5111 105 5162 asto
122 5115 230 5168 arreum
254 5119 367 5184 attingere
397 5121 437 5172 sed
467 5121 625 5170 mutationum
649 5121 756 5172 celeritas
776 5133 804 5169 uc
848 5121 920 5170 testes
935 5139 947 5163 ν
960 5124 1006 5170 etc.
