3726 5910
566 371 603 430 ιιι
631 369 793 430 ευιιευω
817 369 988 430 canusa.
1029 335 1031 340 ’
1505 377 1563 430 εει

16 501 176 584 απόδραστον.
218 497 293 562 Ἐπεί
315 497 407 560 πολλοί
429 498 584 576 μονωθέντας
610 495 743 580 piloni
787 521 838 556 των
852 481 940 556 κακῶν
954 491 1276 576 ἀποτροπήν·ρρονῆσεως
1293 493 1358 570 μέν,
1373 495 1564 573 πιρίτδλογιι

16 595 91 660 τετῶν,
102 589 211 668 ἔδρασαν
219 593 321 662 ταῦτα,
334 586 352 644 θ
366 585 489 664 πρότερον
500 585 533 644 δι’
546 583 655 650 ἐκείνους
669 588 744 654 noti]-
788 583 907 661 ζόμενον·
922 582 1040 663 ἀνδρείας
1055 583 1099 656 di,
1118 581 1178 662 περί
1195 582 1225 640 τδ
1239 583 1410 658 θυμούμενον·
1430 582 1565 662 σωρροσύ-

19 701 25 733 ι
46 676 191 754 ἠσγύνοντο.
232 664 288 752 Ἆρ’
309 665 353 731 οὐν
375 672 466 730 οὐδύνα
492 663 560 750 εἶχον
575 671 696 742 συνόντας
711 673 744 728 ἐῶ
788 671 887 745 νηςδί,
913 671 973 751 περί
994 669 1023 728 ab
1042 669 1240 746 ἐπιθυμητικόν·
1266 667 1429 741 δικαιοσύνης
1444 671 1490 740 δέ,
1505 665 1565 748 περί

16 743 57 820 ιόνί
72 743 242 842 (πορρωτέρω
253 759 303 840 γθιρ
314 751 386 826 αὐτος
399 764 445 832 τ’ἦς
459 761 510 816 τῶν
524 761 611 816 κακῶν
628 757 746 828 auvert-l·
788 761 875 824 πάσας
896 762 960 833 δμοδ
984 757 1029 824 τθς
1047 758 1183 832 δυνάμεις,
1204 755 1367 827 τελειοτάτης
1381 753 1459 826 οὐσης
1474 759 1566 813 πασῶν

16 849 68 925 στ’)
81 851 146 908 ἀλλά
170 848 277 914 ἑαυτούς
291 850 337 906 οὐκ
353 837 423 926 εἶχον
444 845 488 906 καί
502 845 531 904 τδ
545 853 589 905 τοῦ
604 847 745 912 συνειδότος
789 849 888 926 ἀρετῶν
898 845 943 904 καί
952 849 1118 926 περιεκτικῆς
1129 847 1179 902 τῶν
1194 841 1296 914 ἀλλων,
1307 847 1341 909 ὡς
1355 843 1455 902 circius
1468 847 1563 922 μερῶν.

17 936 117 1014 ιτήριονς
140 927 219 1014 Εἶχον
237 933 283 1010 μὲν
307 925 366 993 οὐν·
385 935 443 992 ἀλλ’
466 931 574 1011 ἠγνόουν
599 929 639 989 ότι
661 921 745 1010 εἶχον,
789 933 837 992 Διδ
861 933 906 990 καὶ
927 929 1022 1003 ταύτης
1037 931 1141 1010 πρώτης
1156 929 1343 1008 ἐμνημόνευσεν
1367 935 1380 988 θ
1403 929 1491 1004 λόγος·
1510 919 1566 988 εἶτα

16 1029 30 1090 Ξς
39 1026 125 1082 πάθεσι
140 1023 362 1100 κστατιινόμινοι.
403 1024 438 1080 Ol
451 1019 476 1078 δὲ
486 1024 596 1078 τοιοῦτοι
609 1017 639 1076 rb
658 1021 683 1076 ἐν
699 1019 746 1076 αθ·
789 1017 947 1098 φρονήσεως,
960 1017 1004 1076 καί
1017 1017 1105 1098 ἐφεξῆς
1116 1021 1167 1075 τῶν
1182 1015 1234 1076 inb
1243 1023 1288 1087 τῆς
1299 1017 1446 1096 φρονήσεως
1456 1019 1566 1094 ἀπογιν-

16 1115 30 1176 ῖς
41 1111 135 1188 λογικδν
146 1110 239 1186 ἄτιμον
254 1109 299 1168 καὶ
310 1107 469 1186 ἀνδραπόδου
481 1106 634 1186 φαυλότερον
648 1103 743 1166 ἔθεντο.
789 1105 910 1182 νωμίνων
923 1103 1035 1186 ἀρίστων
1052 1104 1285 1179 ἐπιτηδευμάτων,
1298 1103 1389 1170 καθείς
1403 1103 1450 1174 τὴν
1463 1107 1508 1174 τῆς
1528 1105 1567 1161 δι-

16 1197 138 1255 ’κειότατον
154 1187 198 1254 οὐν
213 1195 352 1275 ἐπίτροπον
367 1194 411 1273 ίχε
424 1194 531 1253 σαυτόν·
547 1193 592 1252 καί
608 1191 671 1270 πρὸς
688 1196 747 1250 τού-
790 1189 926 1262 καιοσύνης
958 1191 1068 1262 δλότητα
1097 1190 1299 1251 συντελούντων.
1341 1189 1375 1250 ‘0
1411 1191 1462 1270 γθρ
1499 1193 1567 1271 ὀρθῷ

16 1281 188 1362 ιε’πιστρίρων
206 1283 342 1362 κατοίρχου
353 1286 399 1352 τῆς
418 1283 568 1360 ἀποτροπῆς
579 1283 630 1339 τῶν
645 1285 744 1342 κακῶν.
789 1282 907 1360 λογισμῷ
927 1279 1077 1358 χρώμενος,
1095 1279 1122 1336 δν
1137 1277 1183 1356 μὲν
1205 1279 1256 1344 τοῖς
1277 1279 1367 1356 δςινοῑς
1382 1275 1427 1348 τὴν
1450 1277 1567 1356 ἀνδρείαν

16 1369 77 1447 [γὰρ
93 1373 182 1427 ἑαυτοῦ
200 1366 279 1436 αἰδὼς
302 1369 405 1446 ἑκάστῳ
421 1367 488 1447 φυγὴ
503 1371 555 1426 τῶν
569 1370 683 1446 αἰσχρῶν
702 1367 746 1428 καί
790 1367 931 1446 σύμμαχον
949 1375 1057 1424 κτᾶται·
1071 1367 1097 1423 ἰν
1113 1365 1140 1424 δὲ
1155 1375 1208 1432 τοῖς
1225 1363 1298 1434 ἡδέσι
1311 1365 1358 1436 τὴν
1379 1365 1566 1444 σωφροσύνην,

17 1456 82 1522 αξίων
99 1459 144 1525 τῆς
157 1459 264 1534 λογικῆς
282 1453 370 1522 οὐσίας
385 1453 410 1522 ἐξ
427 1455 540 1530 ἀνάγκης
563 1453 671 1531 γίνεται.
712 1453 746 1515 '0
790 1457 816 1513 ίν
832 1462 898 1512 πᾶσι
915 1453 942 1512 δὲ
965 1457 1030 1529 ὁμοῦ
1045 1452 1092 1522 ’.ην
1112 1450 1286 1522 δικαιοσύνην.
1331 1449 1478 1518 Καίούτως
1498 1449 1567 1529 ἀρχὴ

26 1543 96 1609 οὕτως
112 1541 229 1611 ἀπαξιῶν
245 1540 278 1600 rb
293 1541 363 1600 κακθι
377 1545 435 1607 πῶς
448 1540 511 1619 πρδς
529 1537 622 1619 ἀρετὴν
634 1541 746 1602 οίκιιοῦ-
791 1541 837 1616 μὲν
849 1543 900 1598 τῶν
915 1544 1014 1619 ἀρετῶν
1030 1543 1047 1610 ἡ
1067 1537 1190 1620 ρρόνησις
1210 1538 1370 1618 εὐρίσκεται·
1384 1535 1465 1616 πίρας
1487 1537 1535 1614 δέ,
1551 1541 1568 1607 ἡ

16 1654 39 1705 ι,
48 1629 141 1704 ἐπάγει.
790 1625 957 1698 δικαιοσύνη·
968 1627 1010 1684 tet
1022 1625 1102 1701 μίσου
1115 1623 1156 1694 di,
1169 1630 1186 1698 ἡ
1202 1623 1306 1704 ἀνδρεία
1317 1624 1361 1682 καὶ
1373 1629 1390 1694 ἡ
1404 1622 1568 1703 σωφροσύνη.

792 1713 826 1774 Ἡ
839 1713 889 1793 γάρ
906 1713 991 1772 ποίντα
1015 1711 1197 1790 ἔκλογιζομίνη
1219 1711 1338 1786 δύναμις,
1350 1709 1394 1768 καί
1408 1709 1438 1767 τδ
1459 1711 1569 1768 ἑκάστου

263 1771 299 1829 x·
326 1777 450 1829 ¹³4⁰·
790 1801 935 1880 πρόσρορον
959 1809 1015 1866 ταῖς
1038 1797 1160 1877 πράξεσιν
1181 1798 1221 1858 ἀεὶ
1244 1801 1372 1870 ζητοῦσα,
1400 1795 1433 1854 ἵν’
1454 1796 1566 1874 εὐλόγως

42 1907 92 1954 Εἶῑθ
101 1908 247 1964 mmm*
261 1907 328 1954 &⁶²¹²
339 1907 399 1970 lpse
410 1923 436 1955 tt
450 1905 558 1968 λὸτφτι·
791 1886 889 1946 ἕκαστα
905 1886 1048 1958 διατεθείη,
1061 1889 1078 1957 ἡ
1097 1889 1144 1956 τῆς
1157 1883 1304 1964 φρονήσεώς
1315 1887 1383 1942 ἐστιν
1399 1881 1463 1950 ἕξις·
1475 1885 1570 1961 ἀρίστη

41 1975 222 2036 μηθ’ἂλοτῑστωτ
238 1978 323 2024 σαυτὸν
337 1977 399 2038 ἔχειν
414 1977 464 2038 περὶ
476 1975 545 2038 unilt
561 1975 631 2032 ίθιζι·
793 1974 905 2039 διοίθεσις
918 1963 983 2032 οὐσα
1002 1977 1048 2044 τῆς
1068 1975 1175 2050 λογικῆς
1197 1975 1273 2048 ἡμῶν
1290 1971 1394 2042 οὐσίας,
1411 1969 1454 2050 ἀρ’
1476 1963 1506 2042 ἧς
1526 1969 1570 2028 καί

42 2047 178 2174 γρίηῇγέρξθὲ
190 2047 280 2162 gignite:
291 2045 634 2175 ρργνέριτνᾰέξέιθᾜῖιῑιῗᾚῗρτ,
642 2113 745 2163 mam
793 2069 849 2126 ταῖς
864 2059 956 2126 ἄλλαις
970 2059 1139 2136 δυνάμεσινὴ
1166 2057 1292 2135 εὐκοσμία
1313 2055 1522 2136 παραγίγνεται,
1536 2059 1571 2122 ὣς

793 2148 958 2226 ἀνδρίζεσθαι
982 2147 1029 2222 μὲν
1045 2146 1088 2204 τδν
1106 2145 1204 2220 θυμόν,
1222 2154 1360 2224 σωφρονεῖν
1375 2143 1401 2200 δὲ
1416 2142 1463 2213 τὴν
1480 2146 1571 2202 ίπιθυ-

25 2231 53 2290 ‘0
66 2233 148 2291 ἑαυτὸν
163 2233 350 2312 αἰσχυνόμενος
365 2231 447 2314 ρύλαξ
470 2236 563 2294 ἑαυτοῦ
578 2233 676 2310 γίνεται
692 2259 746 2310 μη-
793 2235 871 2312 μίαν,
886 2233 930 2293 καί
944 2231 991 2303 τὴν
1005 2233 1170 2304 δικαιοσύνην
1187 2235 1232 2302 τῆς
1247 2229 1384 2306 ἀναλογίας
1397 2229 1514 2310 ἔχεσθαι,
1527 2229 1572 2288 καί

16 2324 61 2392 lact
82 2320 155 2398 κακία
179 2323 342 2398 περιπεσεῖν.
386 2321 488 2386 Κακίας
502 2319 529 2376 dl
551 2319 606 2389 είδη
629 2321 746 2380 πλείονα.
792 2320 875 2400 ταύτῃ
891 2321 1044 2396 κοσμεῖσθαι
1058 2319 1101 2378 τδν
1117 2319 1207 2390 θνητὸν
1229 2322 1304 2395 ἡμῶν
1326 2317 1461 2396 ἄνθρωπον
1478 2319 1508 2374 ix
1524 2339 1574 2374 πε-

17 2405 109 2480 eripis
122 2408 151 2466 τδ
167 2404 292 2486 λογικόν,
305 2405 532 2486 ἀρροτύνη·κατά
547 2405 572 2464 δὲ
587 2409 617 2465 cb
628 2407 747 2484 θυμικόν,
795 2407 906 2486 ριουσίας
929 2411 975 2477 τῆς
993 2404 1098 2476 ίνούσης
1120 2407 1213 2484 ἀρετῆς
1234 2409 1271 2484 τῷ
1290 2403 1410 2484 ἀθανάτῳ
1432 2403 1570 2482 ἀνθρώπῳ.

16 2493 73 2548 ιλία·
84 2493 146 2551 κατὰ
158 2493 185 2552 δὲ
201 2493 234 2550 τὸ
247 2491 451 2568 ἐπιθυμητικόν,
466 2491 602 2571 φιληδονία
617 2495 661 2550 καὶ
677 2496 748 2572 pdo-
795 2493 1000 2572 Προηγουμίνως
1008 2493 1058 2572 γδιρ
1067 2495 1093 2552 αἱ
1107 2496 1197 2572 ἀρεταὶ
1209 2492 1261 2549 ἀπὸ
1271 2498 1315 2549 νοῦ
1326 2493 1360 2557 είς
1368 2491 1455 2570 ψυχὴν
1466 2491 1573 2567 λογικὴν

16 2578 123 2652 ηματία·
142 2577 208 2638 κατθ
223 2577 253 2636 δί
267 2579 354 2645 πόσας
368 2583 431 2655 θμού
443 2578 488 2644 τθς
501 2579 636 2656 δυνάμεις,
649 2579 747 2640 ἀδικία.
795 2583 993 2659 θλλείμπσνται,
1009 2581 1054 2640 καὶ
1068 2580 1166 2652 ταύτης
1180 2581 1244 2638 εἰσίν
1262 2581 1355 2638 οἰκεῖον
1374 2569 1455 2650 ι’ίθος,
1473 2577 1518 2638 καί
1532 2601 1575 2637 τε·

16 2667 102 2740 ετράδος
114 2655 155 2724 οὐν
169 2667 268 2746 ἀρετῶν
281 2663 384 2736 ἰδίησεν
396 2669 460 2738 ἡμῖν
473 2663 536 2744 πρδς
545 2665 591 2736 τὴν
606 2669 657 2723 τῶν
668 2665 750 2724 τοιού·
794 2666 914 2744 λειότης,
930 2666 975 2725 καὶ
999 2661 1105 2734 attale.
1148 2667 1194 2731 Εἰς
1222 2663 1316 2736 δὲτὴν
1344 2663 1451 2740 ἀλογίαν
1475 2661 1521 2722 καί
1544 2663 1576 2720 τδ

16 2833 79 2904 urgit,
95 2836 142 2888 sed
158 2839 284 2889 maxime
298 2837 420 2889 omnium
442 2851 539 2888 verere
559 2845 584 2888 tc
600 2839 699 2908 ipsum.
720 2835 749 2890 Si
796 2835 970 2910 prolabatur.
981 2835 1052 2890 Sunt
1065 2843 1158 2888 autem
1172 2834 1308 2888 vitiorum
1324 2851 1427 2906 genera
1445 2833 1577 2906 complu-

16 2919 58 2970 aim
77 2926 203 2994 τείρουσι
226 2924 344 2975 revereri
357 2921 550 2990 consueveris,
565 2919 750 2976 domesticum
796 2922 985 2977 ria2inaniuri
995 2931 1076 2996 parte
1086 2921 1216 2975 rationali
1227 2919 1429 2993 imprudentia,
1442 2920 1471 2972 in
1483 2920 1576 2972 irrita·

16 3003 94 3060 abebis
124 3009 230 3082 ubique
261 3007 404 3062 custodem
444 3025 528 3080 quem
551 3009 704 3063 reverearis
725 3018 753 3062 et
798 3009 848 3061 bili
860 3009 980 3082 ignavia,
990 3010 1019 3062 in
1029 3018 1109 3082 parte
1119 3007 1155 3062 ad
1166 3006 1423 3080 concupiscendum
1432 3023 1574 3080 propensa

16 3107 68 3144 uem
85 3093 201 3168 effugere
222 3111 284 3147 non
299 3095 395 3166 possis.
417 3093 526 3146 Etenim
546 3093 627 3146 multi
648 3094 700 3147 soli
715 3093 751 3146 ab
798 3094 948 3167 voluptatis
961 3105 989 3149 et
1003 3093 1166 3148 divitiarum
1186 3113 1278 3161 arnor,
1298 3102 1382 3165 atque
1402 3093 1432 3146 in
1447 3091 1579 3146 omnibus

16 3175 76 3230 micis
94 3190 139 3233 aut
162 3178 322 3234 domesticis
341 3179 431 3234 relicti
449 3195 482 3234 ea
502 3178 676 3233 admiserunt
690 3197 751 3252 quae
799 3181 881 3235 simul
894 3181 1073 3236 facultatibus
1086 3178 1230 3250 injustitia.
1248 3178 1336 3234 Nobis
1355 3180 1441 3252 igitur
1456 3189 1580 3251 quatuor

16 3271 65 3316 ntea
91 3265 139 3320 illis
166 3266 352 3340 praesentibus
376 3267 468 3320 facere
493 3265 669 3322 verebantur.
698 3269 753 3322 Ne·
799 3267 937 3322 virtutum
952 3269 1087 3322 comitatu
1103 3285 1175 3338 opus
1185 3277 1224 3320 est
1234 3266 1270 3321 ad
1283 3264 1421 3336 ejusmodi
1435 3265 1501 3318 vitia
1512 3281 1581 3336 pru·

16 3345 119 3405 rinemnc
151 3352 238 3426 igitur
268 3369 361 3406 secum
386 3363 548 3424 praesentem
575 3351 755 3406 habuerunt?
801 3352 1128 3426 pulsanda,prudentia
1140 3351 1255 3424 quidem
1270 3354 1299 3405 in
1314 3351 1443 3406 facultate
1464 3352 1581 3405 rationis

16 3449 48 3484 on
70 3435 128 3490 dico
152 3440 265 3506 Deum;
302 3435 398 3511 (abest
429 3439 503 3492 enim
528 3437 575 3492 ille
602 3439 713 3512 longius
740 3455 755 3492 a
804 3438 1136 3512 compote,s0rtitudine
1150 3439 1179 3494 in
1193 3437 1339 3504 irritabili,
1359 3437 1541 3510 temperantia
1552 3437 1582 3490 in

16 3519 117 3576 talorum
130 3524 277 3578 hominurn
298 3522 467 3578 conscientia
478 3520 503 3598 ς)
516 3534 545 3578 at
561 3541 590 3578 se
604 3524 680 3598 ipsos
698 3543 756 3578 non
802 3535 882 3598 parte
895 3525 931 3579 ad
946 3523 1202 3597 concupiscendum
1220 3523 1355 3596 proclivi,
1363 3520 1470 3592 justitia
1485 3533 1580 3576 autem

18 3604 137 3663 abuerunt
164 3621 191 3665 et
221 3609 425 3687 censcientiam
448 3610 592 3681 judicem?
614 3612 757 3666 habebant
803 3613 833 3665 in
856 3610 987 3664 omnibus
1011 3609 1093 3663 simul
1115 3607 1310 3681 facultatibus,
1336 3609 1441 3680 quippe
1460 3623 1524 3679 quae
1545 3623 1581 3660 0-

16 3696 232 3760 tnc,sedhabere
246 3716 276 3752 se
292 3698 477 3772 ignorabant,
495 3699 756 3771 perturbationibus
801 3699 909 3752 mnium
932 3697 1068 3752 virtutum
1082 3695 1283 3769 perfectissima
1305 3695 1341 3747 sit
1360 3704 1445 3766 atque
1459 3693 1581 3764 reliquas

16 3777 88 3848 gitati.
100 3785 151 3853 Qui
175 3795 271 3840 autem
296 3786 459 3858 talespunt,
484 3787 595 3840 insitam
617 3788 755 3840 rationem
803 3795 936 3858 tanquam
949 3795 1043 3856 partes
1055 3783 1184 3856 proprias
1195 3781 1346 3836 contineat.
1362 3781 1542 3851 Quapropter
1553 3789 1582 3833 et

16 3863 197 3926 lhiliastimant
206 3882 233 3926 et
239 3872 515 3944 mancipioviliorem
522 3871 637 3928 ducunt.
645 3875 683 3928 Te
690 3892 758 3948 ergo
802 3870 885 3941 hujus
899 3871 1021 3944 primum
1033 3869 1162 3924 meminit
1173 3885 1301 3937 carmen,
1313 3866 1415 3921 deinde
1427 3865 1584 3940 prudentie

16 3969 79 4021 psum
89 3958 125 4010 tui
137 3968 298 4013 curatorem
312 3957 556 4014 familiarissimum
572 3960 693 4030 adhibe,
714 3971 759 4015 at·
803 3968 832 4012 ct
845 3959 1019 4030 optimorum
1034 3956 1166 4028 deinceps
1177 3955 1337 4009 studiorum
1351 3973 1412 4027 quse
1430 3973 1444 4007 a
1459 3952 1584 4026 pruden-

16 4055 50 4106 [υτ
66 4040 181 4098 adhunc
200 4062 351 4098 conversus
364 4045 499 4099 vitiorum
518 4049 759 4122 propulsationem
804 4047 842 4100 tia
857 4055 918 4098 orta
933 4043 969 4098 ad
988 4043 1098 4116 justitiae
1123 4043 1393 4096 consummationem
1408 4040 1583 4098 conducunt.

16 4127 138 4195 aspicere.
153 4131 208 4201 Qui
220 4133 295 4186 enim
312 4150 341 4187 se
353 4133 445 4205 ipsum
457 4147 581 4203 veretur,
595 4145 760 4190 necesseest
805 4134 832 4187 ls
846 4133 920 4187 enim
930 4133 979 4203 qui
990 4141 1066 4186 recta
1078 4131 1293 4185 ratiocinatione
1304 4131 1404 4197 utitur,
1415 4131 1520 4184 sociam
1531 4127 1587 4182 sibi

16 4208 172 4287 ugiattnrpia
186 4228 216 4272 et
229 4219 395 4293 intelligenti
404 4222 503 4276 nature
515 4223 640 4296 indigna.
656 4223 759 4277 Verum
805 4220 913 4274 asciscit
926 4219 955 4271 iu
969 4218 1092 4273 adversis
1110 4217 1324 4284 fortitudinem,
1339 4219 1367 4270 in
1374 4216 1509 4287 jucundis
1521 4226 1588 4270 tem-

16 4299 133 4362 uomodo
144 4303 192 4373 qui
204 4305 244 4358 ita
256 4303 425 4380 dedignatur
440 4307 518 4376 vitia,
531 4309 642 4362 virtutis
654 4309 762 4363 satelles
805 4307 979 4379 perantiam,
999 4306 1028 4358 in
1043 4305 1174 4359 omnibus
1189 4323 1257 4359 vero
1272 4304 1354 4358 simul
1366 4301 1513 4373 justitiam.
1536 4305 1586 4356 At·

16 4377 58 4450 lala
70 4385 213 4463 subjungit,
806 4411 862 4465 que
877 4393 915 4446 ita
926 4393 1066 4447 virtutum
1082 4391 1258 4466 principium
1270 4391 1414 4464 reperitur
1427 4388 1588 4463 prudentia.

287 4529 315 4584 X
353 4528 386 4584 ¹3
408 4530 441 4584 16
530 4541 534 4552 ¹
807 4478 870 4534 finis
884 4491 977 4534 autem
998 4479 1235 4550 justitia,mediae
1255 4496 1326 4532 vero
1345 4476 1485 4531 fortitudo
1504 4485 1589 4544 atque

59 4663 140 4716 Deinde
150 4669 265 4730 justitiam
280 4686 365 4724 ,χρη
374 4675 444 4725 facti,
453 4677 527 4740 ,tque
538 4677 623 4727 dicu„
808 4652 931 4720 siderat,
943 4663 972 4706 et
988 4671 1049 4725 quae
1064 4653 1134 4724 quid
1146 4653 1282 4726 cujusque
1299 4650 1459 4706 actionibus
1473 4663 1588 4701 accom-

58 4745 113 4783 nere
126 4741 149 4786 te
163 4741 209 4788 olla
219 4743 243 4789 ln
257 4756 282 4792 re
297 4743 471 4794 inconsiderate
483 4759 563 4805 gerere
575 4761 715 4798 assuescas:
808 4740 955 4794 modatnm
970 4742 1006 4794 sit
1020 4758 1131 4814 semper
1146 4741 1281 4812 inquirit,
1297 4749 1330 4792 ut
1343 4737 1378 4792 ad
1390 4735 1506 4791 rationis
1519 4750 1588 4786 nor·

61 4801 422 4932 blidiiioifflussssffilfff
430 4817 581 4865 mendum
593 4829 666 4898 Μ’,
809 4846 884 4881 mam
895 4828 1004 4902 singula
1016 4838 1234 4901 componantur,
1247 4826 1403 4900 prudentiae
1415 4823 1527 4877 habitus
1536 4829 1588 4889 est,

372 4977 376 4986 ,
415 4885 513 4946 qum
531 4887 765 4948 qum’d'qmw
810 4931 872 4986 quae
887 4917 995 4987 optima
1013 4925 1054 4970 est
1074 4926 1180 4970 naturae
1200 4925 1301 4969 nostrae
1322 4909 1503 4982 intelligentis
1518 4905 1588 4961 affe·

662 4957 764 5020 [ernitte.
842 5003 848 5015 ,
1017 5005 1023 5017 ,
1068 5005 1074 5016 ‚
1128 5005 1134 5018 ⁸
1305 5002 1311 5014 ,
1560 4995 1566 5006 ,

85 5066 90 5076 .
812 5013 880 5072 ctio,
888 5002 963 5058 unde
972 5005 1089 5076 reliquls
1098 5015 1182 5058 ctiam
1189 5001 1366 5057 facultatibus
1377 4998 1464 5052 decor
1471 4993 1591 5063 accedat,

44 5062 226 5144 Quiseipsam
239 5089 392 5149 reveretur,
406 5091 487 5137 cavet
498 5101 533 5136 ne
554 5101 610 5155 qna
622 5086 650 5139 in
665 5087 764 5142 vitium
813 5089 884 5146 adeo
910 5101 942 5146 ut
966 5092 995 5146 in
1024 5090 1217 5146 fortitudinem
1234 5097 1359 5142 mutetur
1379 5081 1542 5162 iracundia,
1563 5081 1593 5136 in

98 5179 157 5228 Plut-
173 5185 252 5231 Grec.
772 5237 778 5246 .
1463 5203 1491 5244 w

302 5269 314 5345 l

809 4568 1000 4638 temperantia.
1018 4567 1147 4621 Facultas
1161 4567 1235 4621 enim
1248 4565 1314 4638 illa,
1332 4583 1393 4636 quse
1411 4563 1504 4616 omnia
1519 4577 1589 4613 con·
1678 4567 1681 4574 '
