3764 5922
749 353 952 426 RELlQUlAE.
1594 368 1651 422 537

25 476 238 554 &neptitatem
253 477 288 542 ὥς
301 475 332 534 τὸ
351 473 490 553 κράτιστον
511 473 538 530 έν
552 481 657 540 πτανοῖς
671 475 737 552 ζῷον
756 474 830 540 ἀεέύς
873 474 1076 550 όμιμασόμενος
1093 477 1126 534 δι’
1141 473 1235 554 ἀρετάν
1250 476 1321 556 αὐτῷ
1340 499 1368 534 τε
1380 468 1470 558 ρίλος,
1491 480 1519 540 ὃν
1534 485 1652 562 μεμίμα·

26 565 172 626 &eonio
184 563 250 623 ἀλίιο
263 561 409 641 γινόμενον·
423 560 496 639 χύιτιί
510 569 557 628 τάς
570 561 698 639 βασιληίας
717 561 744 620 δέ
754 563 830 640 λόγος
873 584 931 634 ται,
946 563 991 620 καί
1005 561 1228 630 πολύπλέοντοῖς
1241 564 1285 621 ὐπ’
1302 562 1379 624 αὐτὸν
1391 567 1568 644 τεταγμένοις.
1611 575 1651 632 Οὐ

24 652 148 722 ὡυτός,
164 651 234 718 petae
244 673 273 709 τ,
287 648 366 715 χέσας
378 648 422 707 καὶ
438 649 471 706 δι’
482 647 627 728 impedio
648 649 831 728 λαμπρότατος
873 649 924 726 γὰρ
940 648 971 704 ἀν
988 672 1026 716 τις
1040 649 1158 729 θεοριλὴς
1176 649 1212 708 ὧν
1231 649 1346 724 μισέοιτο
1366 651 1412 709 ὑπ’
1426 655 1579 735 ἀνθρώπων,
1595 659 1652 718 inst

26 740 200 817 δυσοράτω,
214 739 241 796 ni
264 735 302 814 μὴ
325 745 378 802 τοῖς
400 734 530 812 γνασίοις·
545 736 718 816 μαρμαρυγαί
731 759 760 794 τε
779 733 831 818 γάρ
873 735 931 794 οὐδέ
955 735 988 794 τθ
1009 737 1092 814 ἀστρα
1116 739 1170 794 οὐδ’
1195 741 1210 796 ό
1233 736 1339 814 σύμπας
1357 737 1454 815 κόσμος
1473 743 1587 822 ἐχθαίρει
1608 745 1652 802 τὸν

24 826 147 883 πολλαὶ
166 825 212 883 καί
227 820 427 900 σκοτοδινιάσας
440 825 475 889 ὡς
489 821 528 904 ἐρ’.
542 822 605 903 ὕψος
618 826 708 903 όθνῇον
723 823 830 895 ίπιόάν-
874 823 939 882 θεόν·
955 825 982 881 αἰ
997 822 1026 881 δι’
1039 847 1073 880 κα
1094 823 1179 901 ἐμίσει
1192 824 1235 884 τὸν
1250 823 1455 903 δγεμονιύοντα,
1471 827 1500 886 οὐ
1514 854 1549 888 κα
1563 830 1652 890 εἵπετο

26 935 93 977 τας
113 912 166 978 τὼς
179 912 258 978 νόθοις
271 909 432 988 ἀτιτίλεγξαν·
447 919 499 977 τοῖς
519 909 547 968 δέ
567 911 749 990 προσηκόντως
765 911 827 982 κατ’

28 1000 192 1080 οἷκῃότατα
208 1001 272 1078 πρὸς
286 999 366 1057 αὐτὰν
383 997 425 1058 ἐπὶ
445 996 545 1058 τοῦτοΙι
559 999 710 1078 ἀφιγμένοις
729 999 830 1070 οἰκήσι-

32 1111 113 1162 μος,
129 1090 276 1166 κεχρῆσθαι
290 1085 438 1162 δυναμένοις
453 1088 528 1166 αὐτᾷ.
541 1085 565 1145 ‘A
583 1087 629 1163 μέν
642 1077 678 1146 ἀιν
693 1086 828 1166 βασιληία1

31 1177 144 1251 χρῆμα
157 1171 291 1250 εἰλικρινές
304 1195 332 1230 τε
346 1172 391 1231 καί
403 1173 555 1251 ἀδιάφθορόν
570 1175 623 1232 ἐντι
638 1173 683 1232 καί
698 1175 731 1231 δι’
744 1177 830 1253 ὑπερ-

35 1257 132 1315 ὅολάν
148 1257 277 1317 θειότατον
292 1256 443 1337 δυσέφικτον
455 1257 593 1338 ἀνθρώπῳ.
635 1263 682 1318 Δεῖ
694 1258 721 1318 δέ
733 1258 830 1318 καὶτὸν

38 1347 70 1410 ές
84 1345 171 1402 αὐτάν
184 1345 352 1403 καταστάντα
374 1343 560 1420 καθαρώτατόν
576 1368 602 1404 τε
617 1337 684 1421 ἦμεν
698 1345 743 1406 καί
757 1347 830 1404 διαυ·

38 1431 178 1504 γέστατον
200 1431 247 1490 τάν
268 1429 355 1510 φύσιν,
376 1433 412 1496 ὡς
426 1429 463 1506 μὴ
477 1430 507 1489 τδ
520 1430 704 1510 λαμπρότατον
720 1431 830 1511 ἀρανίζῃ

40 1520 72 1573 ἐν
100 1519 203 1584 σπίλοις
230 1526 283 1583 τοῖς
303 1516 423 1576 inusto*
445 1519 509 1578 καθθ
538 1519 583 1577 καί
610 1519 660 1586 τθις
680 1520 831 1596 ἁγιωτάτοις

40 1604 137 1670 τόπως
160 1604 321 1663 insitionis
343 1627 409 1670 τινες
430 1607 475 1663 καί
496 1609 547 1664 τῶν
569 1609 746 1666 ἀντιασάντων
769 1605 831 1666 ἔνιοι

43 1691 143 1768 μιαροὶ
173 1690 223 1757 τὼς
250 1691 420 1758 ἀντιάξαντας
447 1693 545 1758 αὐτοῖς.
593 1693 714 1774 ”mlii
736 1693 763 1752 δέ
787 1693 830 1751 τάν

41 1777 212 1854 όμιλήσοντα
223 1777 311 1857 ρύσιός
323 1800 351 1835 τε
361 1777 483 1858 ἀχράντω
493 1780 533 1836 δεῖ
541 1779 651 1858 μετέχεν
659 1781 815 1839 ἐπίστασθαί
824 1778 830 1814 ¹

42 1891 77 1924 τε
92 1867 172 1924 αὐτὸν
182 1866 235 1943 ἀσιρ
243 1869 296 1924 τῶν
310 1866 397 1924 ἀλλων
409 1866 463 1923 ἐντὶ
475 1866 598 1945 θειότερος
611 1866 664 1947 δσιρ
673 1889 702 1926 τε
714 1867 800 1946 ἅτεροι
810 1873 830 1902 ¹¹¹

43 1952 141 2022 αὐτῶ,
155 1943 192 2018 οἷς
207 1951 238 2022 δὴ
253 1951 411 2028 κατὰλόγον
431 1953 578 2021 ἀπεικάζων
593 1955 682 2012 ἑαυτὸν
700 1954 784 2034 ἀριστί
797 1953 828 2012 ἀν

42 2041 138 2116 ἑαυτῷ
153 2061 181 2096 τε
202 2039 289 2117 χρῷτο
307 2037 353 2096 καί
368 2049 421 2101 τοῖς
435 2039 660 2115 ὑποτεταγμένοις.
705 2040 759 2100 Καί
780 2041 832 2107 τοῖς

44 2124 99 2198 μὲν
122 2125 210 2190 ἄλλοις
226 2123 388 2203 ἀνθρώποις,
403 2125 465 2183 αίκα
489 2126 689 2206 ἀμαρτάνωντι,
702 2127 831 2186 δσιωτάτα

44 2211 178 2291 κάθαρσις
202 2210 392 2287 ίξομοιωθῆμεν
412 2216 465 2278 τοῖς
488 2213 665 2291 ἀρχάντεσσιν,
685 2215 741 2272 sira
756 2214 832 2290 νόμος

45 2295 110 2354 αἵτε
136 2296 256 2375 βασιλεὺς
275 2297 359 2355 διέποι
380 2298 413 2356 τά
428 2299 486 2355 κατ’
503 2295 597 2364 αὐτούς·
614 2303 637 2356 οἱ
652 2299 673 2356 δ’
689 2300 751 2358 αίκα
766 2307 779 2334 “
794 2303 831 2356 τῶ

44 2374 190 2452 κρέσσονας
211 2375 309 2441 δέοντες
323 2385 335 2408 ⁰
350 2375 392 2434 διθι
412 2376 460 2434 τάν
481 2376 556 2455 φύσιν
577 2379 786 2453 inuiderunt,
803 2379 831 2435 οὐ

47 2459 160 2538 μακράν
183 2463 235 2522 οὐδ’
255 2463 442 2541 ἀπῳκισμένοις
458 2463 549 2530 αὐτοὺς
562 2470 575 2506 ‘¹
589 2463 640 2543 χρὴ
661 2463 734 2542 παρά
756 2469 805 2538 θεῶ
821 2470 831 2498 ¹

47 2545 100 2622 μέν
115 2551 151 2614 ὡς
165 2547 224 2606 εὐθὺ
244 2555 291 2615 τᾶς
305 2548 432 2629 ὠφελείας
452 2550 590 2628 τυγχάνεν.
633 2551 702 2611 Οὔτε
724 2551 774 2629 γάρ
789 2552 831 2610 τὀν

46 2633 152 2711 κόσμον
167 2637 260 2702 δίζοιτο
274 2635 305 2694 ἀν
318 2660 357 2702 τις
371 2638 397 2694 ίν
412 2639 483 2716 αὐτῷ
494 2659 523 2695 τε
537 2637 573 2696 ὧν
588 2637 634 2696 καί
645 2639 722 2718 μέρος
732 2639 830 2708 ἐκείνω,

45 2719 107 2779 οὐτ’
123 2721 155 2779 ἀν
181 2723 288 2794 ἀνόητος
310 2722 351 2794 εἴη
373 2728 411 2782 τῶ
432 2726 561 2791 διέποντος
583 2725 659 2783 αὐτὸν
683 2727 832 2804 δάτέρων“

48 2811 130 2876 αὐτὸς
145 2810 244 2891 ἄρχων.
285 2811 312 2871 ‘A
337 2815 359 2870 δ’
384 2813 511 2886 εὐκοσμία
532 2814 618 2872 πολλά
641 2814 685 2872 καί
703 2816 732 2874 τίι
751 2815 830 2889 μηδὲν

49 2900 170 2978 ἄναρχον
180 2899 251 2978 εὑρέν
267 2896 389 2960 δύνασθαι
401 2901 445 2956 καὶ
462 2903 497 2980 τῷ
513 2901 602 2980 τρόπῳ
622 2911 669 2968 τᾶς
688 2907 771 2980 ἀρχᾶς
793 2905 830 2959 δι-

49 2987 196 3047 δάσκαλον.
238 2987 387 3064 Ἐκλάμπει
406 2990 456 3066 γὰρ
477 2990 556 3055 αὐτᾶς
571 2988 629 3046 εὐθύ
650 2989 680 3046 τὸ
696 2988 784 3062 καλόν,
801 2990 830 3046 ἀν

51 3185 164 3247 princeps
180 3183 259 3244 aquila
272 3185 379 3235 obrersis
394 3186 438 3235 soll
462 3169 538 3236 erulis
553 3204 559 3236 :
576 3187 706 3249 eademque
718 3189 753 3238 est
767 3189 832 3250 regui

51 3273 128 3330 ratio,
141 3273 170 3320 ut
182 3269 248 3332 quod
261 3271 370 3321 divinum
388 3273 420 3333 sit
435 3276 460 3322 et
478 3277 576 3336 propter
586 3273 684 3323 nimiam
700 3276 832 3325 claritatem

50 3359 137 3407 oculos
149 3359 297 3432 praestringat
306 3359 420 3409 omnibus
433 3363 591 3424 preterquam
602 3361 712 3422 legitimis
725 3378 731 3410 :
744 3364 832 3412 etenim

51 3446 124 3495 multi
144 3445 284 3507 splendores
300 3427 376 3496 oculis
388 3448 545 3497 obversantes
559 3451 632 3509 atque
651 3449 777 3510 vertigines
794 3465 832 3498 ar·

51 3534 130 3593 gunni
140 3531 356 3595 spuriostanqusm
366 3534 389 3582 in
402 3533 520 3584 insolitam
533 3534 683 3584 altitudinem
693 3537 759 3584 nisos
773 3555 779 3584 ι
792 3537 832 3598 qui

52 3631 126 3679 vero,
140 3623 168 3667 ut
182 3630 225 3681 par
236 3621 287 3680 est,
301 3621 395 3682 prnptel
406 3626 498 3672 naturm
506 3635 561 3671 cunr
573 3635 645 3684 reguo
655 3621 832 3671 similitudinem

52 3723 83 3758 eo
99 3693 390 3770 pervenerunt,lrabitare
399 3710 457 3759 illud
470 3713 494 3760 et
503 3714 629 3760 commode
639 3723 668 3760 eu
678 3711 713 3760 uti
725 3714 831 3771 possunt.

55 3799 97 3845 i’st
109 3795 182 3857 igitur
194 3808 292 3856 regnum
307 3809 345 3846 res
358 3798 450 3846 sincera
459 3803 484 3846 et
494 3798 632 3860 incorrupte
646 3803 670 3846 et
680 3797 712 3846 ob
726 3796 834 3846 divinita·

54 3882 87 3930 tis
102 3881 267 3931 excellentiam
285 3881 375 3932 homini
393 3883 435 3932 vls
452 3884 608 3946 assequenda.
641 3887 741 3946 Oportet
753 3885 833 3933 nutem

55 3968 179 4017 nominem
192 3969 217 4016 in
233 3981 262 4018 eu
277 3969 368 4032 lastigie
386 3970 491 4019 loretum
510 3972 595 4019 natura
614 3971 768 4032 purissimum
783 3983 833 4018 esse

54 4053 320 4117 etrplendidiaaimum,
332 4068 363 4104 ne
376 4067 427 4106 rem
441 4055 598 4105 clarissimum
611 4056 661 4105 suis
672 4056 771 4107 maculis
788 4055 833 4104 olr-

55 4145 134 4191 scnret
149 4155 156 4188 :
173 4141 377 4203 quemadmodum
393 4142 501 4192 nonnulli
520 4142 668 4192 sanctissima
688 4143 736 4192 loca
755 4143 833 4202 irrnui·

54 4233 173 4280 naverunt
183 4235 208 4280 et
219 4232 298 4294 spurci
311 4231 409 4293 quidam
427 4245 468 4281 eos
480 4232 569 4294 quibus
589 4231 685 4288 ebriam
699 4232 754 4281 iacti
768 4234 832 4280 srrut.

874 911 1023 986 πειθόμενος
1038 913 1122 990 αὐτῷ·
1133 911 1163 970 τὸ
1176 912 1198 968 δ1
1211 915 1306 971 ἐκεῖνον
1322 913 1401 990 ἀρχιν
1413 904 1442 972 εὐ
1454 913 1536 975 αἴτιον
1555 921 1593 976 τῶ
1606 919 1651 976 καί

874 999 957 1057 τώσδε
972 997 1099 1078 ἄρχεσθαι
1115 1001 1211 1065 καλῶς.
1254 996 1327 1075 Ἐγὼ
1351 999 1397 1074 μέν
1421 989 1457 1059 ἀιν
1473 1002 1653 1079 όπολαμόάνω

874 1086 920 1144 καί
932 1085 976 1143 τθν
995 1085 1038 1143 inl
1055 1095 1102 1152 τᾶς
1116 1095 1163 1162 γᾶς
1180 1086 1289 1163 βασιλέα
1314 1085 1438 1144 δύνασθαι
1466 1092 1583 1170 μηδεμιᾷ
1602 1101 1652 1150 τᾶν

875 1175 969 1251 ἀρετᾶν
983 1173 1153 1230 έλαττοῦσθαι
1177 1174 1215 1228 τῶ
1239 1171 1297 1230 κατ’
1313 1172 1413 1250 ὠρανθν
1435 1174 1578 1253 βασιλέως·
1593 1178 1652 1236 ἀλλ’

875 1256 963 1336 ὥσπερ
978 1255 1053 1324 αὐτδς
1066 1255 1200 1334 ἀπόδαμόν
1215 1257 1240 1314 τί
1255 1259 1307 1314 ἐντι
1318 1261 1409 1336 χρῆμα
1421 1260 1464 1316 καί
1475 1259 1544 1326 ξένον
1557 1264 1652 1321 ἐκεῖθεν

876 1342 1015 1422 ἀφιγμένον
1028 1341 1092 1421 πρὸς
1106 1343 1260 1422 ἀνθρώποις,
1273 1343 1317 1400 καί
1329 1341 1374 1407 τάς
1388 1343 1481 1422 ἀρετάς
1494 1345 1524 1402 άν
1534 1369 1571 1413 τις
1582 1349 1653 1426 αὐτῷ

874 1427 937 1507 ἔργα
952 1429 1079 1487 ὑπολάόοι
1102 1431 1139 1485 τιῒι
1161 1431 1211 1486 θεῶ
1232 1427 1277 1484 καὶ
1295 1429 1328 1485 δι’
1343 1433 1439 1487 ἐκεῖνον
1461 1434 1541 1492 αὐτῶ.
1584 1435 1653 1492 Σκο·

874 1515 963 1574 πέοντι
988 1516 1010 1572 δ’
1036 1517 1146 1593 ἀρχᾶθεν
1170 1514 1273 1592 ἀλάθῃα
1295 1515 1383 1591 λόγος·
1406 1517 1528 1576 κοινωνία
1552 1541 1580 1576 τε
1602 1520 1653 1596 γθρ

875 1605 962 1681 πράτα
976 1625 1003 1658 τε
1018 1603 1123 1660 πάντων
1138 1601 1183 1659 καί
1195 1602 1389 1679 ἀναγκαιοτάτα
1399 1605 1436 1681 τῷ
1446 1607 1498 1661 τῶν
1510 1604 1652 1684 ἀνθρώπων

874 1688 959 1766 γένει,
975 1679 1005 1753 ἀς
1020 1687 1124 1765 μετέχει
1143 1687 1189 1763 μὲν
1206 1691 1219 1745 ό
1234 1687 1295 1764 παρ’
1308 1688 1372 1764 ἁμῖν
1390 1689 1526 1766 βασιλεύς,
1548 1693 1653 1771 μετέχει

875 1777 902 1832 δέ
925 1775 969 1832 καί
984 1779 997 1832 ό
1013 1777 1039 1832 έν
1052 1779 1090 1854 τῷ
1107 1775 1187 1833 παντί
1202 1774 1288 1832 πάντα
1303 1773 1407 1832 διέπων·
1429 1777 1584 1836 συνεστάναι
1602 1778 1653 1858 γάρ

875 1863 955 1942 χωρίς
969 1862 1056 1942 ριλίας
1075 1863 1120 1920 καί
1143 1862 1442 1940 κοινωνίαςάμάχανον·
1457 1865 1569 1937 σκοποίη
1584 1866 1606 1924 δ
1621 1867 1652 1925 ἀν

876 1973 913 2016 τις
927 1956 1010 2009 ταῦτα
1025 1951 1069 2009 καὶ
1084 1948 1127 2008 ἐπὶ
1146 1953 1198 2008 τῶν
1220 1950 1491 2026 συμπολιτευομένων,
1507 1949 1600 2019 ἐξελὼν
1614 1956 1653 2032 τῷ

875 2034 943 2114 λόγῳ
955 2035 1002 2093 τάν
1012 2039 1080 2095 κατὰ
1094 2035 1223 2112 συνάθηαν
1237 2035 1381 2094 κοινωνίαν·
1395 2037 1510 2095 ἐλάττων
1523 2037 1571 2117 γθρ
1586 2039 1653 2098 αὐτα

875 2129 922 2186 τᾶς
934 2145 961 2178 τε
978 2121 1047 2187 θείας
1062 2121 1151 2200 ρύσιος
1162 2121 1207 2179 καὶ
1221 2131 1267 2188 τας
1281 2125 1430 2198 βασιλικάς·
1442 2126 1471 2182 οὐ
1486 2125 1536 2201 γάρ
1550 2125 1653 2184 δέονται

875 2209 921 2266 τάν
935 2209 1057 2268 τοιαύταν
1079 2209 1165 2278 δέησιν
1181 2209 1238 2267 ἀλλ’
1250 2211 1338 2276 ἀλλοις
1352 2211 1455 2268 ἅπαντα
1475 2217 1653 2286 συμπονοῦσαι

875 2301 912 2378 τῷ
927 2298 1011 2355 αὐτῶν
1025 2299 1172 2374 ὑστεροῦντι
1185 2302 1318 2354 ποιοῦνται
1333 2297 1420 2354 κοινάν
1440 2299 1488 2358 τάν
1506 2299 1621 2378 βοήθῃαν
1635 2319 1652 2354 ι·

874 2383 967 2442 τέλειοι
981 2382 1031 2461 γάρ
1044 2381 1101 2440 κατ’
1114 2382 1217 2460 ἀρετάν·
1233 2383 1250 2442 ἀ
1265 2385 1287 2442 δ’
1302 2385 1328 2440 έν
1341 2392 1376 2463 τᾷ
1393 2386 1467 2444 πόλει
1482 2386 1555 2466 φιλία
1574 2389 1654 2445 κοινιῗι

875 2492 941 2535 τινος
955 2469 1039 2534 τέλεος
1052 2466 1164 2546 ε’χομένα
1178 2468 1226 2527 τάν
1246 2472 1282 2526 τῶ
1296 2469 1391 2536 παντὸς
1402 2473 1523 2546 ὁμόνοιαν
1536 2472 1654 2549 μεμίμα-

875 2579 932 2612 ται·
948 2555 1008 2612 ἀνευ
1023 2556 1049 2612 δέ
1062 2563 1109 2618 τᾶς
1123 2555 1184 2634 περὶ
1199 2554 1246 2621 τάς
1261 2556 1343 2633 ἀρχθις
1358 2557 1485 2624 διατάξιος
1500 2557 1608 2634 οὐδεμία
1620 2556 1653 2615 ἀν

876 2642 949 2708 πόλις
960 2645 1068 2701 οἰκοῖτο·
1080 2645 1105 2706 ἐς
1117 2643 1143 2698 δέ
1157 2643 1254 2701 ταύταν
1269 2642 1355 2718 νόμων
1373 2667 1400 2700 τε
1418 2644 1501 2722 δεῖται
1519 2643 1564 2704 καί
1586 2667 1654 2712 τινος

876 2728 1035 2806 προστασίας
1053 2731 1187 2794 πολιτικάς
1204 2730 1276 2787 τότε
1291 2729 1371 2808 ἀρχον
1386 2729 1431 2788 καί
1451 2732 1479 2787 τὸ
1497 2722 1666 2809 ἀρχόμενον,Ι

875 2816 947 2895 είπερ
963 2816 1070 2884 σώζοιτο
1084 2819 1117 2874 δι’
1133 2816 1194 2874 αὐτό
1205 2824 1230 2877 ¹¹.
1273 2817 1323 2877 Ἐκ
1341 2818 1438 2876 τούτων
1453 2819 1535 2879 κοινὸν
1558 2819 1653 2896 ἀγαθὸν

876 2905 1035 2983 εὐαρμοστία
1047 2929 1084 2971 τις
1096 2905 1140 2962 καί
1150 2909 1201 2962 τῶν
1213 2905 1315 2963 πολλῶν
1328 2906 1461 2985 θμορωνία
1475 2907 1542 2983 μετά
1552 2913 1655 2973 πειθοῦς

876 2990 1038 3069 συναδοίσας.
1080 2991 1113 3050 Ὁ
1137 2991 1196 3050 κατ’
1220 2992 1314 3072 ἀρετὰν
1339 2991 1456 3072 ἐξάρχων
1481 2993 1604 3054 καλέεταί
1626 3019 1654 3052 τε

878 3190 1030 3252 neritonum
1044 3191 1069 3239 iu
1080 3203 1109 3238 eo
1121 3193 1227 3240 versetur
1239 3194 1264 3240 et
1278 3191 1329 3252 eius
1343 3204 1396 3252 pars
1409 3193 1454 3250 sit,
1465 3205 1541 3254 neque
1551 3193 1653 3242 allorum

878 3281 954 3327 rector
968 3291 1023 3326 eum
1041 3290 1055 3325 s
1076 3289 1124 3337 qrrn
1140 3277 1188 3337 ipse
1201 3277 1289 3337 regitur
1303 3277 1454 3337 ignoraverit.
1487 3281 1530 3326 Est
1545 3291 1602 3328 vero
1617 3279 1655 3329 lric

877 3367 974 3414 ornatus
987 3363 1108 3412 maximus
1121 3362 1216 3423 quaudo
1227 3362 1285 3410 nilril
1298 3363 1457 3412 moderatoris
1467 3377 1551 3426 expers
1564 3367 1654 3427 reperi·

878 3453 917 3498 tur
928 3455 952 3499 et
964 3449 1059 3511 quaudo
1079 3448 1185 3496 muribus
1204 3449 1333 3509 principem
1350 3448 1441 3510 imperii
1454 3450 1591 3512 magistrum
1603 3464 1655 3501 ease

879 3537 994 3584 ridemus.
1027 3536 1067 3584 sie
1078 3535 1141 3583 euim
1154 3535 1235 3583 stetim
1247 3535 1339 3596 imperil
1359 3536 1510 3597 pulchritudo
1526 3537 1616 3597 elucet,
1634 3539 1654 3587 si

877 3622 914 3670 dei
927 3622 1031 3670 imitator
1043 3621 1137 3669 virtutis
1146 3631 1217 3668 cause
1227 3620 1249 3669 ei
1264 3633 1335 3682 quiem
1347 3622 1451 3670 imitatus
1463 3625 1499 3671 est
1509 3635 1579 3670 cerus
1591 3623 1622 3673 sit
1631 3624 1655 3672 el

879 3706 952 3767 rrragis
971 3707 1043 3756 etiam
1062 3706 1154 3754 clfllrua
1172 3707 1230 3755 suis.
1274 3709 1357 3768 Neque
1375 3708 1438 3756 enim
1460 3710 1587 3769 pruisquam
1609 3709 1655 3758 deo

878 3797 959 3853 gratus
973 3793 1110 3842 homiuibus
1126 3791 1183 3841 odio
1201 3793 1245 3852 sit,
1258 3793 1374 3854 siquidem
1389 3805 1433 3842 nec
1452 3793 1556 3842 siderum
1576 3797 1654 3844 cretus

878 3896 920 3933 uec
932 3882 1036 3933 mundus
1048 3883 1171 3932 uniuersus
1181 3883 1253 3932 deum
1266 3883 1317 3931 odit
1331 3900 1337 3930 ι
1351 3881 1438 3944 quippe
1453 3883 1473 3932 sl
1485 3884 1570 3931 ducem
1582 3895 1654 3932 auum
1742 3937 1746 3943 ,

877 3970 982 4035 odisset,
995 3972 1134 4032 neutiquam
1145 3971 1167 4019 ei
1177 3969 1283 4018 obediret
1294 3984 1299 4016 :
1311 3968 1375 4030 quod
1387 3971 1467 4017 autem
1482 3969 1521 4017 ille
1532 3969 1593 4018 bene
1607 3969 1654 4018 im·
1698 4012 1700 4016 .

878 4057 958 4118 perat,
968 4067 997 4104 en
1010 4066 1083 4103 causa
1097 4057 1134 4103 esi
1146 4066 1188 4103 cur
1202 4053 1302 4114 subjecti
1316 4053 1376 4102 benc
1390 4055 1501 4113 regantur
1512 4057 1536 4103 et
1549 4061 1653 4116 pareant.

879 4146 927 4202 Ego
940 4142 1010 4203 igitur
1020 4139 1131 4189 existimo
1143 4140 1181 4189 rel
1192 4141 1258 4188 huuc
1269 4142 1404 4190 terrestrem
1418 4154 1497 4200 regem
1514 4142 1655 4202 pussenulla

878 4230 966 4278 virtute
975 4228 1110 4276 interiorem
1122 4239 1256 4288 essequam
1266 4228 1387 4276 colestem
1399 4247 1405 4276 τ
1417 4227 1458 4276 sed
1470 4231 1497 4276 ut
1509 4228 1560 4289 ipsa
1571 4240 1608 4278 res
1618 4235 1654 4278 est

56 4316 102 4367 Sed
113 4317 205 4366 civitati
219 4319 378 4380 praetuturum
392 4319 584 4370 incontaminate
595 4322 687 4369 naturus
695 4319 834 4380 participem
878 4315 988 4378 quredam
998 4315 1120 4378 peregriua
1131 4317 1155 4364 et
1167 4317 1280 4371 externa,
1292 4314 1375 4373 utpote
1388 4311 1483 4362 coelitus
1498 4311 1528 4360 ad
1546 4312 1655 4363 immines

55 4413 106 4450 esse
116 4403 230 4452 convenil
240 4411 314 4466 atque
326 4405 456 4466 intelligere
470 4408 560 4468 quanto
580 4405 678 4467 reliquis
690 4405 792 4454 divinior
803 4405 835 4453 sit
878 4404 996 4466 prolecta,
1009 4403 1042 4451 ita
1054 4403 1126 4451 etiam
1139 4401 1190 4461 eius
1204 4401 1307 4449 virtutes
1325 4399 1444 4461 quisptam
1456 4399 1494 4448 dei
1513 4411 1585 4462 opera
1603 4411 1655 4450 este

54 4493 192 4550 qmntoque
202 4489 240 4539 alli
251 4491 302 4552 ipso
311 4492 359 4541 sint
367 4493 559 4553 excellentiores,
568 4493 656 4554 quilius
665 4495 692 4541 ut
703 4492 772 4542 decet
782 4502 834 4541 sese
879 4493 946 4552 putet
957 4491 982 4540 et
993 4502 1034 4551 per
1045 4489 1111 4538 illum
1127 4488 1170 4550 ipsi
1183 4488 1269 4538 inesse.
1300 4489 1378 4550 lique
1394 4486 1535 4550 spriucipio
1554 4486 1651 4547 quidem

56 4582 197 4638 comparans
205 4578 295 4639 optima
306 4591 333 4628 ae
345 4578 398 4640 ipso
410 4584 435 4628 et
444 4581 536 4630 civibus
547 4581 580 4629 uti
591 4579 685 4643 poterit.
699 4583 732 4629 tc
742 4579 834 4629 coieris
879 4591 928 4627 rem
944 4575 1105 4626 consideranti
1118 4575 1234 4624 orationis
1252 4585 1312 4624 mem
1332 4573 1420 4624 veritas
1434 4572 1558 4634 apparebit
1572 4591 1579 4620 ι
1595 4585 1652 4621 nem

55 4663 152 4726 quidem
168 4664 318 4727 hominibus,
331 4666 350 4716 st
361 4666 422 4716 torte
439 4666 596 4728 delinquant,
609 4668 758 4717 sanctissima
776 4679 833 4728 pur·
877 4663 1014 4713 communic
1027 4676 1108 4713 rerum
1119 4663 1229 4713 omniurn
1242 4664 1267 4712 et
1276 4663 1352 4724 prima
1361 4665 1397 4710 est
1406 4661 1429 4708 et
1441 4659 1564 4708 lrominum
1574 4657 1654 4720 generi

55 4751 116 4811 ςεθο
133 4753 170 4801 est
180 4757 275 4814 arrepta
289 4739 422 4815 priucip'um
439 4753 571 4804 similitudo
577 4743 648 4816 ,sire
667 4755 706 4803 lex
723 4755 774 4804 sire
792 4767 832 4803 rex
880 4751 986 4800 maxima
998 4750 1138 4809 necemsris,
1148 4749 1216 4811 errius
1228 4749 1346 4811 particeps
1355 4745 1451 4809 quidem
1464 4747 1544 4795 noster
1556 4757 1597 4794 rex
1606 4747 1653 4806 esi,

56 4836 181 4900 imperium
201 4839 265 4899 apud
286 4841 351 4902 ipsos
377 4844 481 4890 teneat:
504 4843 529 4890 at
548 4841 666 4904 principes
686 4841 705 4890 si
730 4840 835 4890 melioris
879 4837 994 4902 particeps
1004 4849 1061 4888 reru
1073 4838 1144 4887 etiam
1157 4835 1196 4886 ille
1207 4837 1248 4899 qui
1262 4835 1286 4883 in
1301 4835 1412 4882 universo
1422 4833 1506 4880 cuncta
1518 4831 1653 4892 munnere

57 4923 157 4986 exempti
170 4923 300 4986 indigentes
311 4928 405 4977 naturm
416 4926 486 4988 eulpa
496 4929 520 4975 ln
534 4927 619 4976 vitium
632 4925 773 4989 inciderint,
785 4939 833 4976 nen
878 4927 936 4976 nihil
951 4926 1015 4976 enlm
1029 4925 1080 4974 sine
1094 4923 1198 4972 amicitia
1209 4928 1233 4971 et
1243 4919 1410 4970 communione
1422 4916 1554 4967 consistere
1566 4919 1654 4982 potest,

57 5011 136 5070 prdem
152 5023 230 5073 nequa
243 5011 312 5075 longe
328 5015 432 5064 remotos
445 5026 487 5063 eos
499 5013 567 5064 decet
577 5013 616 5064 dei
628 5013 742 5064 beneficio
752 5013 833 5064 statim
877 5013 942 5074 quod
958 5011 1037 5074 ipsum
1054 5011 1116 5059 inter
1126 5009 1191 5057 cives
1204 5007 1321 5070 quispiam
1336 5005 1403 5055 tacite
1415 5003 1653 5064 anlnradrerterit,al

54 5109 124 5164 opem
138 5099 261 5167 wusequi.
294 5103 377 5166 lteque
394 5101 458 5152 euim
474 5101 730 5168 mundumquisqmru
743 5102 833 5165 qued·
878 5097 1021 5161 cogitatum
1035 5095 1228 5147 communionem
1246 5105 1302 5156 qum
1320 5106 1351 5143 nx
1370 5089 1544 5143 consuetudine
1560 5093 1677 5157 onustat!
