3708 5916
597 393 646 455 ΠΕ
663 387 796 460 tntae
816 395 1004 461 ultuma.
1548 413 1605 470 tlt

7 533 52 580 unt
66 519 173 594 etiam,
190 521 247 599 qui
261 521 394 582 Philolao
408 541 527 583 aureum
542 531 717 604 poematium
735 541 777 587 at·
823 531 879 590 bus
892 530 971 591 xv11
982 533 1137 592 constantis
1146 533 1208 614 (¹9)
1218 533 1372 615 Πυθαγόρου
1382 536 1522 616 ριλοσόρου
1531 538 1608 618 λόγος

7 607 157 669 ·ibuerent.
173 609 252 670 Vide
269 611 377 671 babbei
392 610 465 670 bibl.
478 631 546 674 nov.
563 612 644 676 MSS.
661 635 690 694 p.
708 615 776 676 885.
823 618 909 698 τρίτος
920 641 981 700 κιρ.
993 620 1025 689 ιζ’
1040 642 1045 677 :
1060 633 1153 679 tamen
1165 622 1288 698 lienagii
1299 625 1440 684 sententia
1449 625 1496 684 his
1506 627 1606 687 docto·

7 697 53 754 {am
68 695 261 757 Constantini
277 698 405 758 Lasearis
422 698 659 760 institutionibus
677 703 778 778 graecis
825 724 889 764 rum
905 705 1035 764 virorum
1051 708 1281 769 munctionibus
1295 723 1431 787 praestare
1445 713 1605 787 videretur,

7 785 121 844 'errariae
135 803 165 845 a.
187 785 269 844 1510
283 787 469 864 quaternaria
492 787 584 846 torma
603 787 690 847 editis
710 788 778 848 sub·
825 793 882 851 nisi
898 793 1041 870 Diogenes
1065 795 1097 852 in
1120 795 1219 872 priore
1244 800 1453 860 enuntiationis
1475 801 1606 862 membro

7 886 113 932 unctum
128 885 174 930 est
188 891 311 934 carmen
325 874 546 952 pythagoricum
557 875 589 933 in
600 875 696 935 indice
708 875 778 935 libri
824 880 1021 960 συγγράμματα
1034 881 1095 961 τρέα
1107 883 1236 942 dixisset.
1252 885 1295 943 lta
1316 879 1463 959 enim'lit,
1479 901 1513 946 ut
1524 888 1555 948 τό
1577 889 1606 951 δέ

7 973 114 1018 rotatum
140 961 305 1018 :Philolai
331 964 502 1019 Crotoniatae
523 969 650 1020 carmina
672 984 775 1033 aurea,
825 967 1063 1048 ριρόμινοντρέτον
1074 970 1110 1035 ὡς
1126 970 1426 1049 Πυθαγόροαςίαιὶλὶςσι·
1443 974 1605 1056 σύγγραμμα

7 1069 49 1104 αις
62 1046 146 1119 salso
166 1048 310 1105 Ιιασιεπιια
328 1050 504 1124 Pythagorae
517 1057 642 1127 ascripta
653 1065 726 1108 sunt.
742 1053 780 1110 Ac
825 1056 870 1112 vel
888 1053 1005 1133 βιάλέον,
1016 1076 1076 1114 non
1091 1059 1247 1131 ποιημάτιον
1262 1060 1347 1134 quale
1362 1073 1405 1119 est
1426 1063 1505 1140 quod
1518 1073 1606 1144 χρυσᾶ

7 1161 59 1197 unc
72 1140 142 1215 qui,
157 1140 300 1214 quamvis
313 1141 426 1217 primus
441 1141 663 1219 Pythagor-icam
678 1142 773 1220 philo·
824 1141 876 1214 ἔπη
891 1162 1028 1202 vocamus
1045 1144 1263 1220 intelligendum
1285 1146 1429 1207 videatur.
1443 1149 1541 1227 Neque
1564 1167 1606 1212 ta·

7 1227 115 1306 ophiam
138 1227 309 1286 litterarum
333 1233 529 1288 monumentis
551 1231 717 1311 prodidisse
741 1232 777 1290 li·
826 1249 891 1298 men
905 1229 1003 1289 hocin
1017 1232 1177 1309 scriptore,
1193 1233 1244 1308 qui
1261 1225 1376 1309 judicio
1389 1235 1508 1296 minime
1527 1239 1606 1298 vale-

7 1341 94 1399 roquc
114 1321 151 1378 de
175 1341 279 1382 rerum
296 1338 399 1384 natura
419 1327 498 1386 ioras
517 1325 584 1384 dato
611 1327 774 1406 disciplinae
824 1315 890 1394 hat,
904 1337 936 1376 ον
949 1337 1149 1396 ⁵³³P0¹¹¹¹m0l⁰
1161 1320 1533 1383 ffll⁰l¹⁵¹⁰⁰1¹l²l0¹⁰⁰¹¹l¹¹⁸
1552 1339 1605 1399 θοῑι

7 1427 86 1465 rcana
94 1408 254 1484 evulgasse
264 1411 389 1484 dicamr,
400 1425 495 1471 tamen
505 1415 574 1490 quia
585 1414 671 1471 unius
681 1415 774 1472 solnm
825 1425 880 1483 pro
898 1417 978 1463 certo
992 1406 1148 1474 affirmare¹
1160 1407 1263 1467 ausim.
1285 1407 1479 1477 Quamobrem
1494 1432 1547 1489 per
1560 1433 1607 1472 nre

7 1497 142 1555 *aluminis
156 1509 266 1556 auctor
281 1498 370 1556 fuisse
382 1499 510 1572 videtur,
519 1500 623 1560 horum
638 1519 773 1560 versuum
826 1493 893 1550 Ιὶοθῑ
914 1492 1015 1570 [γοὶἆὶ
1032 1493 1087 1550 ένοο
1108 1513 1211 1570 P⁰⁰¹¹¹²
1235 1494 1407 1570 ”ilgsseffllr
1433 1517 1522 1573 quum
1546 1519 1606 1557 θον

7 1585 153 1659 eriptorem
165 1583 242 1641 laiso
254 1585 401 1644 nominari
413 1586 514 1662 liquet.
528 1585 571 1644 cf.
582 1588 667 1664 Diog.
681 1587 774 1648 baert.
825 1579 920 1639 obstet
946 1581 1011 1639 ficta
1032 1582 1156 1659 epistola
1181 1582 1241 1658 (ao)
1253 1601 1339 1658 quam
1355 1584 1390 1641 ad
1406 1584 1605 1662 Hipparchum

7 1669 121 1742 1111,85
142 1684 172 1728 et
191 1672 315 1729 Boeckh,
331 1663 437 1731 P'hilot,
454 1694 484 1752 p,
508 1694 545 1732 ῃ
567 1693 629 1752 seq,
654 1675 723 1733 irem
739 1677 774 1746 31,
824 1667 861 1726 de
875 1667 1060 1746 philosophia
1082 1689 1140 1727 non
1154 1668 1316 1744 evulganda
1339 1671 1490 1748 scripsisse
1504 1673 1605 1732 fertur.

7 1777 50 1834 «ρ,
66 1770 92 1816 εγ
108 1779 135 1836 γ),
151 1760 201 1828 45,
216 1758 425 1837 Epicharmus„
440 1775 580 1840 praterea
595 1763 704 1821 ,cimus
718 1763 775 1840 Py.
826 1753 880 1812 Sed
893 1775 981 1833 quum
993 1757 1138 1832 Diogenes
1149 1756 1249 1814 eodem
1258 1757 1322 1814 loco
1331 1757 1408 1816 dieat
1419 1779 1427 1815 ι
1440 1758 1504 1836 prol
1514 1759 1541 1817 δέ
1555 1757 1607 1820 Ἣ·

7 1843 133 1919 hagoriea
147 1844 289 1921 dogmata
304 1847 409 1907 sabulis
421 1851 482 1907 suis
492 1849 696 1910 immiscuisse.
713 1840 788 1909 vids
826 1843 963 1920 ρνονλνῖδης
974 1845 988 1900 ὅ
999 1847 1046 1901 τοῦ
1056 1842 1227 1921 Σοροπῖοονος
1239 1845 1264 1900 έν
1277 1847 1310 1923 τῇ
1325 1843 1461 1911 Σωτίωνος
1470 1845 1603 1925 tarnat,

7 1931 74 1989 Fabr.
89 1932 163 1990 Bibl.
175 1933 231 1991 Gr.
251 1933 291 1993 ll.
303 1955 334 2012 p.
349 1936 406 1993 300
419 1935 465 1996 cd.
479 1936 555 1993 llarl.
569 1937 670 2013 Neque
684 1950 777 1994 tamen
823 1929 981 2008 γεγραφέναι
995 1928 1071 1988 &tivit
1089 1929 1144 2008 [τὸν
1161 1926 1331 2014 Πνθογόρον]
1345 1931 1390 2007 *tl
1404 1934 1464 2010 ονορέ
1477 1939 1523 1992 τοῦ
1542 1930 1606 1994 ὅλον

7 2019 99 2076 idcirco
113 2019 148 2078 ab
162 2039 199 2078 eo
213 2039 321 2080 aureos
334 2039 438 2081 versus
452 2036 501 2081 aut
514 2024 639 2100 scriptos
651 2037 700 2081 aut
714 2024 778 2081 col·
825 2018 852 2075 έν
868 2015 956 2076 ἔπεσι·
969 2015 1099 2096 διάτορον,
1111 2017 1154 2076 τὸν
1169 2017 1238 2098 ἱερὸν
1252 2017 1338 2096 λόγον,
1353 2011 1504 2099 οέήάρχή,

7 2105 78 2163 lectos
90 2125 151 2164 esse
170 2127 246 2166 cum
262 2097 393 2187 Stanlejo
407 2111 554 2168 statuerim
571 2110 644 2170 llist.
660 2111 732 2189 phil.
747 2131 774 2188 p.
865 2095 903 2165 Ὦ
916 2105 969 2166 νέοι
992 2105 1060 2166 stat
1083 2104 1190 2165 σέόισθι
1214 2108 1270 2183 μεθ’
1292 2105 1402 2184 ἡονκέος
1420 2107 1484 2167 td&
1498 2107 1604 2166 mim·

7 2193 53 2250 305
69 2195 170 2271 interp.
185 2194 284 2253 Olear.
303 2195 414 2254 Etenim
430 2195 484 2253 hoc
496 2216 600 2274 poema
615 2217 674 2255 non
688 2195 724 2254 ab
743 2216 778 2254 co
824 2190 920 2271 τρέτον,
932 2193 992 2272 περὶ
1003 2197 1097 2274 ψυχῆς·
1108 2191 1244 2272 τέτορτον,
1257 2194 1317 2273 περὶ
1326 2191 1466 2260 timidas·
1475 2192 1606 2271 πέμπτον,

7 2280 148 2356 protectum
165 2300 227 2338 esse
242 2282 431 2358 intelligitur,
443 2283 494 2361 qni
511 2284 630 2343 forsitan
644 2285 778 2344 Hieronis
825 2277 960 2348 Ἡλοθαλῆ
974 2278 1019 2337 τὸν
1041 2278 1209 2358 Ἐπιχάρμου
1223 2283 1268 2338 τοῦ
1289 2278 1369 2360 Κῴου
1386 2277 1505 2359 πατέρα·
1518 2279 1605 2352 ἕκτον,

7 2369 105 2442 tyranni
119 2370 285 2445 potentiam
300 2372 410 2430 veritus
420 2372 480 2448 (ιθ)
502 2371 619 2448 publice
643 2371 776 2449 philoso-
826 2366 971 2442 Κρότωνα,
983 2364 1028 2422 καλ
1042 2365 1146 2433 ἄλλους.
1159 2368 1213 2428 Τὸν
1228 2366 1255 2425 δὲ
1275 2365 1400 2444 μυστικόν
1417 2366 1493 2444 λόγον
1506 2365 1606 2427 Ἱππά-

7 2454 89 2530 phiam
102 2456 232 2531 profiteri
248 2476 311 2514 non
331 2459 467 2530 auderet,
489 2459 615 2536 ideoque
641 2463 777 2536 dogmata
824 2473 871 2509 οον
882 2450 959 2530 pach
973 2442 1054 2523 οἶνον,
1066 2451 1247 2530 γνγρομμὲνον
1261 2453 1305 2512 ἰπὶ
1319 2452 1428 2532 διαθολῇ
1441 2452 1606 2533 Πυθαγόρου·

7 2542 121 2600 versibus
134 2543 249 2602 inclusa
276 2545 340 2602 solo
362 2563 455 2604 scema
469 2545 612 2604 beneficio
627 2547 774 2622 vulgaret,
824 2538 936 2606 πολλοὺς
947 2536 975 2598 δέ
993 2540 1038 2599 νολ
1055 2540 1105 2599 ὕπο
1124 2537 1252 2610 Ἄοννονος
1271 2546 1317 2600 τοῦ
1337 2540 1519 2623 Κροῖοννέῖνν
1540 2561 1606 2620 ppr-

8 2627 48 2684 sed
59 2629 104 2704 qui
117 2629 263 2688 habitaret
274 2631 306 2689 in
317 2649 414 2689 rerum
430 2635 672 2712 contemplatione
686 2655 719 2694 ac
734 2656 775 2694 sa·
824 2627 917 2705 φὲντος
930 2629 1087 2700 staremus
1098 2628 1259 2708 ssdurdpg,
1275 2663 1317 2676 ··
1331 2649 1389 2689 11οΠ
1400 2640 1444 2688 θέέ
1457 2628 1536 2707 (έοοἀ
1550 2628 1605 2686 ‘¹¹¹’

7 2715 105 2792 pientia
117 2718 290 2794 dignitatem
302 2719 389 2778 dictis
404 2720 542 2797 lactisque
556 2742 616 2800 prae
632 2743 663 2781 se
677 2725 774 2782 ferret.
823 2713 967 2790 bilemlsss
993 2718 1018 2774 οἱ
1043 2717 1090 2774 ⁰¹¹5
1113 2714 1230 2794 Lylldss
1256 2736 1362 2776 ”⁰¹³0ss
1377 2707 1416 2776 '5¹¹
1441 2715 1496 2774 ¹¹⁸⁰
1519 2733 1607 2774 Μ’·

9 2801 109 2880 ltaque,
124 2818 156 2864 ut
169 2807 321 2865 minorum
334 2807 461 2882 gentium
482 2807 680 2885 Pythagoreos
700 2832 776 2888 prae-
824 2802 921 2862 minus
944 2817 1042 2881 aptum
1065 2803 1210 2878 Vldfflltll'r
1226 2805 1329 2864 A⁸l⁰¹¹l
1349 2823 1469 2864 meum
1490 2821 1607 2862 mm

11 2903 97 2950 terram
106 2936 114 2965 ,
123 2895 201 2953 solus
213 2908 349 2972 superest
364 2893 463 2972 Lysis,
474 2915 559 2972 quent
572 2909 691 2976 propter
704 2899 775 2957 Dio·
827 2889 996 2950 inscribere·
1592 2909 1594 2912 ’

11 2981 77 3052 genis
99 2981 201 3041 laertii
227 2980 328 3064 [Vlll,
343 2983 435 3062 6-7]
450 2983 539 3041 verba
555 3005 562 3040 ι
578 2982 723 3062 γέγραπται
748 2985 775 3045 δὲ
864 2977 997 3054 Denique
1010 2977 1216 3055 inquirendum
1233 2990 1294 3049 οοῑν
1307 2979 1425 3056 (Ινοοᾶο
1438 2977 1500 3037 ένοοο
1510 2977 1604 3049 (Ῑῑθῗέι

12 3067 41 3143 τῷ
54 3069 183 3148 Πυθαγόρα
202 3069 402 3149 συγγράμματα
416 3068 683 3148 mimastrensis,
699 3073 774 3130 πολι·
823 3088 888 3145 quae
902 3069 1062 3146 Gregorius
1082 3069 1278 3129 Nazianzenus
1297 3082 1397 3128 contra
1410 3069 1559 3129 lulianum
1573 3090 1605 3148 p.

13 3153 80 3222 ταιόν,
93 3159 205 3234 ρυσιιιόν.
226 3160 272 3216 'l'i
287 3156 313 3216 et
328 3157 468 3237 φερόμενον
480 3158 515 3223 ὡς
527 3157 700 3236 Πυθαγόρου,
720 3158 773 3216 At·
829 3178 881 3234 ¹97
898 3156 1033 3235 plumbea
1046 3155 1182 3235 (μολυόδᾶ)
1196 3159 1347 3217 nominare
1355 3179 1440 3219 ausus
1449 3173 1506 3232 est,
1517 3166 1605 3240 χρυσᾶ

14 3239 69 3305 οιθός
81 3244 131 3300 ἐστι
143 3249 186 3304 τοῦ
201 3247 227 3305 Τ
228 3245 370 3324 αρανιένου
393 3247 588 3322 Πυθαγορικοῦ,
601 3245 724 3323 φυγόντος
738 3249 773 3312 εἷς
823 3243 873 3314 trra
889 3243 1064 3302 aretaribus
1073 3243 1213 3322 appellari
1228 3258 1321 3322 coepta
1330 3247 1397 3306 sint.
1410 3246 1606 3324 {lieronymus

14 3325 91 3395 θέθας
102 3330 143 3386 καλ
156 3330 350 3412 Ἐπαμινώνδα
364 3331 596 3408 καθηγησαμένου,
614 3333 694 3389 aurci
709 3352 774 3410 poe·
823 3344 923 3391 contra
943 3333 1081 3394 Rufinum
1097 3332 1117 3394 l.
1135 3353 1161 3391 c.
1175 3351 1209 3390 ea
1222 3339 1309 3411 χρυσᾶ
1328 3332 1537 3412 παραγγέλματα
1550 3355 1605 3392 νο·
1651 3361 1654 3368 ·

14 3415 81 3473 matis
94 3419 270 3478 conditorem
282 3419 343 3497 jam
357 3419 506 3494 bienagius
520 3437 583 3476 esse
598 3419 706 3489 voluit,
724 3439 776 3477 ra·
823 3429 885 3488 cat,
904 3419 1031 3478 Galenus
1046 3419 1082 3478 de
1096 3419 1300 3494 dignoscendis
1315 3419 1466 3479 aflectibus
1479 3434 1547 3479 tom.
1566 3419 1604 3479 Vl

15 3510 51 3557 tus
79 3503 105 3560 id
135 3507 211 3584 quod
238 3507 416 3584 Pythagorae
451 3507 569 3564 nomine
601 3506 772 3584 inscriptum
823 3526 852 3584 p.
869 3506 927 3563 528
950 3507 997 3567 ed.
1015 3507 1081 3566 Par.
1103 3505 1269 3586 παραινέσεις
1291 3505 1434 3588 ριρομένας
1455 3509 1490 3575 ὡς
1511 3511 1606 3569 Πυθα-

15 3587 139 3649 etiamtum
164 3595 292 3654 ferretur
318 3614 377 3652 non
407 3612 494 3671 posse
520 3593 579 3674 nisi
601 3593 657 3651 hoo
678 3595 773 3672 ipsum
821 3593 961 3672 γόρου,ιιι
973 3612 1061 3672 supra
1081 3595 1219 3654 vidimus.
1235 3593 1406 3672 Simplicius
1428 3595 1460 3653 in
1480 3595 1605 3674 Epicteti

16 3691 110 3734 carmen
119 3698 186 3740 esse.
200 3681 265 3740 litsi
275 3700 346 3739 vero
357 3681 435 3758 apud
445 3680 563 3739 Suidam
576 3701 606 3741 ν.
620 3681 775 3760 Πυθαγόρας
823 3680 939 3741 Enchir.
962 3699 991 3758 p.
1017 3681 1033 3738 3
1054 3681 1088 3738 ed
1107 3681 1226 3740 Salmas.
1250 3681 1384 3752 θποθήκας
1406 3681 1536 3740 nominat
1556 3681 1603 3742 his

14 3771 37 3814 tt
47 3760 187 3824 Eudooiam
201 3789 231 3846 p.
249 3769 306 3826 368
322 3769 385 3826 sive
407 3768 579 3844 scriptorum
603 3769 665 3827 sive
680 3768 776 3828 libra·
823 3767 922 3826 verbis
938 3786 946 3828 t
960 3767 1120 3843 κομματικολ
1134 3768 1161 3828 δι’
1173 3769 1236 3828 εἰσιν
1251 3769 1276 3828 σέ
1291 3766 1365 3847 λόγοι
1384 3768 1430 3828 καὶ
1447 3768 1605 3848 γνωμονικοὶ

16 3847 106 3908 riomm
118 3871 214 3915 errore
226 3856 340 3915 Laertli
359 3855 554 3915 testimonium
567 3856 599 3914 in
614 3856 692 3914 hunc
710 3876 775 3914 mo·
822 3854 891 3914 κατὰ
904 3853 935 3914 rb
945 3857 998 3914 τῶν
1012 3858 1148 3926 ὑποθηκῶν
1162 3854 1329 3933 καλουμένων
1347 3855 1421 3936 παρὰ
1440 3862 1495 3924 τοῖς
1514 3857 1605 3915 Πυθα-

16 3933 70 3993 dum
82 3937 263 4018 depravatum
277 3944 383 4020 legitur
397 3964 405 4000 ι
422 3941 575 4022 Συνέγραψε
588 3943 616 4003 δέ
628 3947 642 4002 ό
654 3943 774 4022 Πυθαγό·
822 3942 931 4020 γορείοις
942 3931 1018 4015 εἶδος,
1030 3943 1079 4001 sed
1091 3963 1157 4021 pag.
1168 3951 1222 4012 aot
1236 3941 1460 4023 παραγγέλματα.
1475 3943 1604 4002 ltaenim

17 4041 53 4096 1ος
70 4023 129 4100 μόνα
147 4028 205 4109 τρέα
227 4029 321 4110 βιὸλέα
340 4029 517 4105 παιδευτικόν,
538 4029 682 4106 πολιτικόν,
697 4030 728 4088 rb
746 4029 773 4088 δὲ
823 4030 881 4087 ait:
894 4029 951 4087 έπελ
962 4030 988 4088 δέ
1000 4027 1045 4087 καὶ
1057 4029 1207 4108 ἀνθρώπους
1216 4028 1292 4097 ὄντας
1301 4029 1403 4110 ἀνάγκη
1416 4029 1478 4090 ποτέ
1487 4053 1512 4090 τι
1520 4029 1606 4110 ἁμαρ-

16 4109 133 4185 ριρόμενον
143 4117 227 4196 τρέτον
242 4123 279 4186 ὡς
290 4118 462 4197 Πυθαγόρου,
474 4118 583 4185 Λύσιδός
595 4119 651 4176 ἔστι
663 4123 707 4177 τοῦ
721 4121 776 4178 Te·
821 4119 875 4174 τεῒν
891 4119 925 4184 εἰς
940 4117 1085 4190 ἀλλήλους,
1105 4115 1158 4195 χρή
1176 4115 1224 4188 τήν
1238 4115 1358 4176 ἔνστασιν
1373 4117 1538 4198 φυλάττοντα
1558 4120 1605 4187 τῆς

18 4197 116 4264 Ροννένοο
132 4209 248 4279 μαθητοῦ
262 4209 340 4268 αὐτοῦ
353 4205 503 4286 γινομένου,
516 4207 688 4283 additurque
709 4205 777 4274 τινὲς
822 4203 908 4284 putta<
928 4203 1002 4283 πάσῃ
1024 4205 1133 4282 δυνάμει
1151 4202 1218 4262 οὕτω
1236 4203 1267 4262 τὸ
1285 4203 1433 4285 παροραθὲν
1446 4205 1604 4283 έπανορθοῦν

18 4279 40 4338 δέ
50 4285 198 4352 ἀνατιθέασιν
211 4297 284 4375 αὐτῷ
298 4297 343 4355 καλ
356 4295 391 4356 τά
410 4303 496 4377 χρυσᾶ
509 4293 576 4367 έπη,
592 4306 625 4353 ut
644 4293 690 4350 rel
706 4313 776 4352 con·
823 4293 891 4366 μετὰ
904 4291 1069 4372 πραότητος,
1085 4292 1235 4366 πειθόμενον
1250 4295 1290 4372 τῷ
1307 4295 1398 4371 χρυσῷ
1413 4290 1494 4360 ὄντως
1514 4291 1605 4372 έκιένιρ

18 4367 117 4441 λθθθνοία
137 4384 294 4460 propositis
311 4383 368 4442 viri
383 4383 463 4442 docti
483 4383 641 4458 Diogenem
656 4399 673 4440 e
688 4380 778 4439 Suida
822 4379 1039 4459 παραγγέλματι·
1051 4379 1121 4448 Met
1134 4377 1242 4459 ἔχθαιρε
1257 4379 1329 4458 ρέλον
1342 4378 1387 4438 σὺν
1400 4378 1551 4460 ἁμαρτάδας
1561 4377 1605 4438 οὗ·

20 4459 143 4538 corrigere
168 4471 263 4529 eonati
291 4471 365 4543 sint,
393 4470 554 4548 praesertim
580 4487 670 4546 quum
699 4468 775 4546 apud
823 4488 886 4526 νικα
901 4475 1009 4544 μικρᾶς·
1021 4465 1090 4546 όιρρα
1104 4464 1167 4545 δύνῃ
1178 4487 1205 4527 κ.
1215 4490 1240 4526 τ.
1252 4467 1280 4526 λ.
1295 4465 1399 4542 iungit
1412 4466 1473 4525 haec
1486 4467 1606 4525 nomina

22 4539 134 4608 lriartum
155 4553 368 4634 errington.
386 4577 456 4617 mss.
469 4557 543 4616 bibl.
557 4556 665 4615 Matris.
679 4557 776 4633 psas
824 4553 973 4611 Hierocles
992 4571 1058 4630 pag.
1083 4572 1119 4610 ro
1140 4573 1146 4610 :
1168 4551 1272 4611 isbaal
1292 4554 1389 4620 ένταῑς
1412 4555 1606 4629 Πυθαγορικαῖς

23 4635 170 4697 nenholiat
184 4642 254 4703 libri
276 4644 355 4703 tertii
376 4643 548 4722 Pythagora
562 4643 634 4702 salso
654 4640 775 4715 tributi,
824 4640 967 4714 ὑποθήκαις
979 4638 1013 4699 τὰ
1025 4644 1077 4698 τῶν
1089 4643 1188 4719 ἀρετῶν
1197 4639 1407 4718 παραγγέλματα
1418 4641 1510 4718 πρῶτα
1520 4658 1605 4715 παρα·

24 4713 253 4794 decretoribus
264 4731 447 4791 naturatibus
459 4731 612 4810 compositi
626 4743 656 4789 et
674 4730 777 4808 capiti·
824 4728 928 4788 δίδωσιν
941 4729 968 4786 έν
980 4729 1034 4795 τοῖς
1047 4727 1136 4787 ἔτισα
1149 4729 1164 4790 θ
1176 4725 1266 4805 λόγος,
1282 4725 1455 4804 παιδαγωγῶν
1468 4727 1539 4800 tate
1552 4721 1606 4780 tri

27 4877 1599 4913 W

51 4984 92 5049 (¹³)
105 4993 175 5050 Quem
182 4997 231 5062 lpse
241 5001 459 5066 dignandoacerbc
468 5002 594 5054 cavillatus
604 5005 647 5052 est
655 5001 715 5052 Vide
722 5002 777 5052 Plu·
855 5001 905 5064 (to)
922 5000 1026 5052 socratis
1046 5003 1071 5049 et
1088 4995 1276 5055 εοαιιιῑοοιιιιιι,
1289 4994 1430 5058 Pythagora
1450 4993 1475 5044 et
1486 4992 1605 5056 Pythago·

27 5051 219 5118 ittthileadutat.
233 5070 566 5133 τιααιίο.ι11ιοι.ιο1.111μ.
582 5073 627 5121 tta
642 5069 682 5120 ed.
695 5069 777 5119 Βοῖος.
825 5083 920 5121 reorum
936 5083 991 5132 quro
1004 5070 1113 5120 tourtur
1126 5066 1235 5132 epistolae
1253 5063 1291 5118 ed·
1312 5064 1384 5118 orell·
1405 5074 1430 5124 ρ.
1451 5070 1481 5116 tt
1499 5075 1542 5124 teu
1565 5062 1604 5116 ct.

54 5123 95 5206 (tl)
109 5133 179 5188 Quam
197 5141 275 5191 umen
294 5143 415 5203 macaris,
435 5143 507 5192 retus
527 5153 656 5206 possessor,
676 5140 780 5192 Simonis
826 5143 921 5194 Boecklr
932 5139 1016 5194 Philet.
1032 5153 1056 5206 p.
1069 5141 1105 5190 ta.

32 5188 85 5243 Μὶν
94 5210 138 5252 etse
147 5217 186 5257 ναι
197 5221 268 5262 manu
278 5211 409 5264 adnotavit.
