3776 5926
712 445 761 506 nu
781 446 949 506 cntinuo.
1020 435 1023 442 ’
1487 491 1493 502 ,
1555 451 1613 505 aas

68 585 148 654 Quum
163 583 249 637 Henr.
276 579 430 654 Stephanus
447 581 475 632 in
494 573 576 634 Poesi
595 579 789 652 philosophica
834 591 926 634 terum
945 580 1054 634 incuria
1079 577 1256 652 Pythagorea
1271 565 1354 632 etiam
1375 588 1403 632 et
1423 577 1614 650 Empedoclea

35 675 90 730 satis
102 672 180 726 multa
193 669 384 743 Orphicorum
401 677 564 742 poematum
581 666 734 741 fragmenta
747 667 788 721 di·
835 677 919 739 atque
941 668 1061 722 aliorum
1081 677 1232 739 poetarum
1251 665 1376 719 carmina
1398 685 1463 720 curn
1479 666 1611 738 Orphicis
1682 730 1687 736 ¹

37 759 135 830 ligenter
147 757 310 828 collegisset,
321 774 374 829 par
384 767 444 810 erat
454 765 585 828 posteros
595 756 667 808 viam
687 754 722 808 ab
739 755 789 808 illo
835 751 973 820 confudit,
985 751 1112 823 aquibus
1119 751 1262 806 erroribus
1270 768 1306 804 ne
1315 753 1487 806 recentiores
1497 751 1615 824 quidem

37 855 194 898 monstratam
206 845 343 916 ingressos
356 843 467 915 longius
485 859 569 913 qnam
582 843 644 913 ipse
658 841 791 894 voluisset
836 841 972 894 immunes
988 837 1113 893 suerunt.
1129 841 1192 909 Quo
1211 839 1357 911 ingerere
1373 839 1444 893 mire
1458 848 1615 911 peccarunt

37 931 157 1002 progredi.
174 934 210 984 At
226 929 449 982 Eschenbachius
468 929 498 981 in
519 928 710 1000 Orphicorum
729 926 791 980 edi·
835 925 979 980 Werserus
994 929 1058 982 Act.
1071 927 1182 981 hlonac.
1196 927 1224 978 ll
1239 943 1269 998 p.
1290 923 1342 990 adl.
1356 935 1384 979 et
1401 925 1551 994 (lemarus,
1565 945 1614 984 ca.-

38 1019 97 1070 tione
117 1015 230 1086 Trajecti
252 1015 289 1069 ad
310 1015 440 1069 Rhenum
463 1031 489 1070 a.
521 1013 594 1086 1689
611 1014 790 1087 promulgata
834 1011 1629 1086 stigatiaLobeclsiop.953seqq.AtL0beclsiusquo·‚

38 1104 160 1156 maximam
171 1101 341 1173 fragminum
356 1102 469 1154 illorum
491 1111 600 1171 partem
616 1100 720 1167 omisit,
734 1099 790 1155 Ar·
835 1117 890 1171 que
914 1101 1064 1172 aliquoties
1083 1100 1112 1151 in
1129 1100 1170 1152 his
1185 1096 1270 1152 rebus
1285 1097 1413 1170 deliquit.
1428 1100 1524 1169 Quum
1536 1101 1613 1154 enim

39 1191 177 1260 garantire,
204 1189 329 1259 Hymnus
353 1197 380 1242 et
403 1186 512 1240 Lithica
530 1188 670 1240 lectorum
695 1187 792 1242 studiis
834 1188 935 1242 Snidas
949 1189 1065 1260 Orpheo
1075 1187 1157 1240 etiam
1169 1185 1283 1240 oracula
1296 1180 1447 1260 (χρησμούς)
1461 1185 1614 1256 adscribat,

40 1277 141 1330 sufficere
161 1277 304 1350 opinatus,
328 1293 421 1346 neque
443 1274 535 1328 multo
561 1275 656 1346 plures
684 1275 791 1348 Orphei
835 1293 897 1346 qnae
928 1275 965 1330 ad
990 1274 1206 1330 Onomacritum
1237 1283 1383 1328 auctorem
1409 1272 1614 1342 referebantur,

40 1363 147 1434 reliquias
161 1363 187 1414 in
202 1364 328 1435 Epigene
337 1361 503 1434 Nor-ibergae
520 1379 593 1431 1702
605 1360 682 1415 edito
693 1362 789 1434 vulga·
835 1362 951 1416 Proclns
962 1371 1054 1416 autem
1067 1377 1140 1432 sape
1157 1375 1255 1413 versus
1269 1357 1369 1412 alferat
1382 1376 1417 1413 ex
1439 1359 1561 1413 oraculis
1578 1359 1616 1436 (ἐκ

41 1453 75 1504 rit.
84 1448 128 1504 Cui
141 1450 212 1503 malo
225 1450 333 1503 mederi
348 1449 464 1522 cupiens
474 1447 614 1504 Gesnerus
628 1467 703 1502 anno
717 1449 789 1518 1764
834 1447 886 1500 τῶν
901 1443 1004 1522 λογίων)
1027 1447 1072 1502 vel
1093 1465 1129 1502 ex
1150 1464 1184 1501 ea
1209 1446 1357 1520 disciplina
1373 1465 1459 1520 qnam
1484 1445 1615 1522 θεολογίαν

42 1538 115 1609 lipsiae
126 1537 226 1610 Orphei
240 1538 368 1590 earmina
380 1537 529 1591 emendata
538 1546 656 1590 etaucta
667 1535 793 1608 publica·
837 1535 894 1590 sive
916 1533 1107 1611 θεσπσρσίδοτον
1142 1533 1329 1608 μυσταγωγίαν
1362 1536 1485 1608 appellat
1513 1537 1618 1608 petitos

43 1625 76 1678 rit
94 1623 141 1694 Qui
167 1624 295 1694 quamvis
323 1641 434 1678 omnem
464 1641 526 1694 quae
548 1623 601 1694 ipsi
623 1621 792 1695 suppetebat
836 1641 942 1694 eosque
963 1621 1185 1676 interdumcum
1207 1623 1340 1696 Orphicis
1358 1621 1533 1695 conjungat:
1558 1641 1618 1677 uon

43 1711 234 1780 lragrnentonrm
263 1710 374 1776 copiam
402 1708 530 1762 consulto
556 1710 690 1780 Stephani
717 1707 791 1761 libro
837 1710 911 1764 male
925 1711 1013 1765 Hane.
1034 1711 1193 1783 Stephanus
1215 1729 1245 1782 p.
1275 1707 1328 1763 105
1352 1727 1431 1781 seqq.
1455 1708 1617 1780 hujusmodi

43 1797 133 1868 aliisque
144 1797 268 1868 plurimis
279 1797 472 1851 voluminibus
486 1816 567 1850 norae
584 1797 703 1851 editioni
719 1801 792 1850 lnsc-
836 1799 913 1852 lucos
937 1796 1071 1870 Orphicis
1091 1796 1246 1869 subjunxit.
1261 1795 1365 1850 Contra
1384 1793 1545 1852 Lobeclsius
1566 1795 1618 1850 hos

43 1902 88 1938 rere
97 1885 246 1940 destinasset
262 1903 269 1940 :
287 1897 381 1940 tamen
394 1883 505 1956 judicio
517 1886 611 1956 lapsus
620 1902 679 1938 non
690 1895 792 1938 cuncta
837 1903 935 1940 ornnes
960 1886 1143 1939 oraculorum
1169 1884 1359 1938 chaldeorum
1382 1884 1541 1938 versiculos
1558 1902 1617 1939 esse

42 1989 88 2040 qne
99 1971 244 2043 Stephanus
253 1971 364 2042 praebet
377 1973 533 2044 fragmenta
546 1973 669 2046 repetiit.
686 1973 793 2025 Existi·
836 1973 989 2044 suspicatus
999 1989 1034 2026 ex
1048 1971 1178 2044 Orphicis
1190 1971 1301 2026 exemit
1316 1973 1422 2024 Rursus
1432 1970 1553 2043 Orpheo
1564 1970 1616 2024 do·
1634 1969 1639 1982 ⁶

44 2057 114 2110 nabat
126 2061 205 2124 enim,
219 2069 250 2110 ut
264 2059 322 2112 hoc
333 2069 398 2114 utar
411 2060 552 2131 exemplo,
562 2075 683 2113 versusa
696 2059 793 2113 Tzetze
835 2060 913 2113 navit
925 2060 1093 2113 versiculum
1111 2075 1128 2113 a
1142 2059 1255 2113 Stobaeo
1271 2058 1367 2114 Floril.
1378 2059 1453 2124 XLl,
1472 2076 1490 2130 9
1509 2055 1616 2130 Pytha-

44 2161 83 2214 pro
92 2144 208 2216 Orphicis
219 2145 336 2200 habitos
348 2147 437 2218 quiin
452 2147 567 2200 Maximi
580 2147 705 2200 carmine
715 2145 792 2218 apud
836 2165 911 2218 gorae
921 2146 1088 2202 attributum
1103 2166 1109 2198 :
1122 2142 1214 2202 Ἀιίσω
1226 2143 1366 2211 macerias,
1375 2143 1452 2221 θύρας
1464 2143 1486 2199 δ’
1499 2141 1617 2200 ἐπίθεσθε

44 2230 172 2284 Fabricium
192 2232 261 2288 Bibl.
273 2232 366 2289 Graec.
385 2233 441 2290 vol.
459 2235 526 2287 Vlll
541 2234 674 2305 leguntur
696 2233 790 2286 excln-
838 2229 957 2306 βίὸηλσι.
973 2233 1016 2292 Cf.
1030 2234 1215 2306 Aglaopham.
1227 2231 1429 2305 p.l.53.Quod
1444 2251 1616 2305 quamquam

45 2317 198 2372 dendosesse.
224 2319 315 2389 arqui
332 2319 424 2372 multo
444 2319 621 2374 verisimilius
640 2330 681 2373 est
703 2321 791 2373 Maxi·
832 2317 896 2388 jnre
907 2318 1004 2374 fecisse
1016 2319 1141 2387 videtur,
1153 2319 1293 2392 siquidem
1307 2319 1435 2374 similiter
1450 2320 1564 2374 locutus
1577 2331 1618 2374 est

45 2423 101 2457 nura
116 2406 212 2458 alienos
241 2423 341 2458 versus
363 2406 488 2460 miscello
511 2406 627 2459 carmini
651 2405 788 2473 intulisse,
836 2405 965 2478 Orpbeus
979 2405 1079 2479 fragm.
1096 2407 1108 2460 l
1128 2416 1157 2462 et
1173 2408 1201 2460 ll
1215 2423 1255 2458 rs.
1274 2424 1284 2458 1
1305 2417 1422 2460 :tamen
1439 2405 1619 2479 probabilius

44 2494 242 2560 rpmrnTzetzem,
260 2491 379 2546 doctum
393 2494 619 2565 grammaticum,
637 2493 792 2547 incitando
837 2501 888 2558 est,
899 2492 920 2546 si
937 2489 1063 2560 ejusdem
1087 2491 1140 2546 fuit
1152 2501 1243 2564 poetae
1261 2509 1367 2565 versus,
1391 2510 1450 2548 non
1476 2492 1616 2547 diversum

44 2577 120 2632 hurum
128 2582 328 2634 versiculorum
338 2592 453 2634 auctore
465 2582 565 2654 saepius
574 2599 691 2637 errasse.
702 2583 791 2636 Porro
837 2577 920 2632 fuisse
932 2579 968 2632 ab
987 2579 1041 2633 boc
1060 2597 1066 2631 :
1085 2573 1255 2652 Φθέγξομαι,
1273 2565 1309 2640 οἷς
1328 2576 1400 2648 θέμις
1421 2575 1488 2634 ἐστί·
1501 2576 1578 2654 θύρας
1593 2579 1616 2633 δ’

44 2665 159 2737 Gesnerus,
174 2668 223 2722 etsi
233 2667 346 2744 proserit
358 2668 487 2741 Orpheo,
501 2680 593 2722 tamen
609 2688 695 2740 qunrn
708 2670 793 2722 latine
837 2662 954 2722 ἐπίθεσθε
981 2663 1100 2742 βέθηλσι·
1130 2667 1152 2720 si
1176 2666 1211 2720 ab
1231 2666 1286 2719 alio
1309 2667 1482 2738 compositus
1508 2676 1562 2734 est,
1579 2667 1617 2722 ad

45 2769 106 2821 quam
121 2773 200 2826 graec
217 2757 336 2810 doctior
359 2767 440 2828 esset,
457 2775 529 2829 opus
549 2757 628 2828 quod
650 2775 793 2830 aggressus
837 2753 954 2826 Orphici
980 2754 1189 2808 similitudinem
1211 2772 1268 2807 esse
1292 2753 1407 2810 sactum.
1430 2755 1505 2809 Nihil
1527 2766 1617 2810 autem

45 2841 221 2895 eratinelroarit
232 2844 324 2915 magis
333 2861 418 2914 quam
425 2844 555 2900 absolvit.
565 2846 664 2914 ltaque
672 2844 792 2900 Godofr.
837 2839 1013 2912 frequentius
1029 2842 1058 2894 in
1072 2851 1200 2895 veterum
1214 2841 1324 2913 scriptis
1339 2841 1496 2896 istiusmodi
1509 2853 1615 2896 senten·

45 2925 188 2982 Hernrannus
206 2930 234 2982 in
256 2929 362 2983 eodem
387 2931 526 3002 scriptore
551 2931 649 3004 Lipsiae
672 2950 698 2985 a.
720 2929 792 2986 1805
837 2929 939 2982 tiaram
950 2929 1165 2984 mutationibus.
1176 2931 1230 3002 lta,
1244 2929 1379 3002 siOrphci
1394 2927 1617 2998 fuitversiculus,

46 3011 182 3086 divulgando
193 3018 399 3089 amplissimum
415 3029 515 3072 nactus
537 3037 669 3091 campum
691 3019 720 3071 in
735 3038 792 3089 quo
837 3015 1034 3069 emendatione
1048 3027 1128 3088 eget,
1144 3017 1167 3070 si
1178 3017 1247 3069 alius
1259 3027 1360 3088 poetae,
1378 3036 1436 3070 non
1452 3029 1492 3072 est
1507 3029 1617 3072 mutan·

45 3099 122 3171 ingenii
141 3105 177 3156 vis
193 3113 360 3158 excurreret
376 3104 466 3158 multa
485 3105 558 3158 vidit
583 3123 644 3176 quae
659 3105 791 3178 fugerant
837 3102 899 3156 dus.
917 3102 1073 3176 Scdsiquis
1085 3103 1139 3157 hac
1151 3105 1259 3157 ratione
1271 3104 1378 3178 Orphei
1393 3105 1617 3180 apophthegma-

46 3187 180 3259 Gesnerum,
203 3210 300 3264 neque
315 3193 406 3245 solum
430 3191 537 3262 majora
561 3192 668 3264 Orphei
688 3211 791 3246 monu-
837 3200 865 3243 ta
886 3207 989 3262 augere
1004 3191 1088 3256 velit,
1115 3191 1203 3264 possit
1225 3209 1310 3263 quam
1334 3193 1472 3265 plurimos
1493 3211 1618 3250 versuse

46 3286 247 3332 raenaaccuratc
269 3280 422 3347 recensuit,
446 3279 496 3332 sed
514 3280 596 3333 etiam
609 3290 742 3334 contexta
757 3281 792 3334 de
837 3273 953 3330 Maximi
975 3277 1115 3344 carmine,
1137 3297 1151 3331 c
1173 3279 1285 3332 Stobao
1309 3291 1337 3332 et
1353 3271 1410 3334 aliis
1430 3281 1617 3354 scriptoribus

47 3371 105 3416 etate
115 3364 249 3436 scriptoris
269 3366 531 3436 Argonauticorum
546 3365 738 3420 dissertatione
757 3367 793 3423 ad
837 3364 1004 3437 depromtos
1018 3367 1158 3438 Apollinis
1173 3365 1232 3419 filio
1244 3368 1394 3439 assignare.
1410 3368 1527 3441 Ubique
1541 3370 1617 3422 enirn

47 3445 110 3502 libros
128 3453 260 3524 Orphicos
288 3471 323 3506 ex
347 3455 478 3519 scritate,
503 3471 562 3506 non
583 3473 617 3506 ex
635 3457 793 3527 pervagatis
836 3451 935 3507 similia
951 3453 1230 3525 dictarepcrinntnr.
1257 3454 1314 3510 Etsi
1331 3456 1417 3526 igitur
1432 3456 1617 3528 nemo-plura

47 3535 193 3603 opinionibus
201 3539 380 3594 aestimandos
391 3541 509 3594 multum
521 3542 623 3596 attulit.
633 3541 791 3613 Sedquarn·
835 3548 965 3592 veterum
981 3539 1138 3592 testimonia
1158 3539 1194 3592 ad
1209 3540 1314 3612 Orphei
1329 3542 1494 3594 memoriam
1511 3542 1618 3615 plenis-

46 3638 107 3688 qnam
121 3625 150 3680 de
163 3630 265 3682 caeteris
275 3629 449 3682 carminibus
461 3627 532 3682 bene
544 3631 676 3682 meruisse
691 3629 794 3684 dicen-
837 3626 905 3680 sime
923 3623 1118 3680 renovandam
1135 3626 1274 3692 adhibuit,
1290 3645 1375 3680 nemo
1397 3639 1544 3700 poetarum
1563 3629 1617 3683 Or·

47 3705 83 3760 dus
92 3721 130 3776 est,
139 3711 290 3786 fragmenta
302 3725 393 3768 tamen
403 3731 493 3786 prope
502 3716 632 3788 neglexit.
642 3717 791 3786 Qtrumau-
835 3711 989 3785 phicorum
1009 3713 1142 3782 reliquias
1162 3715 1345 3768 minutissima
1366 3716 1511 3788 scripturae
1526 3717 1616 3770 varic·

48 3802 85 3845 ten
95 3799 169 3867 majns
182 3813 346 3872 poematum
361 3802 587 3874 sragnrinumque
603 3803 793 3874 Orphicorurn
838 3809 894 3854 tate
905 3798 1041 3852 adnotata
1050 3797 1212 3870 diligentius
1222 3801 1337 3872 collegit
1344 3819 1428 3872 quarn
1438 3801 1612 3867 Lobecltius3

48 3885 239 3956 tarpusdecsset,
252 3899 428 3960 quoennctae
439 3888 632 3962 Orphicorum
642 3901 793 3960 poetarum
839 3897 932 3940 tamen
942 3883 1063 3939 aliorum
1079 3886 1173 3940 studia
1193 3889 1315 3958 mysticae
1329 3891 1471 3961 sapientiae
1485 3900 1618 3962 penetra-

49 3969 143 4039 reliqnia
159 3977 388 4042 continerentur,
411 3975 460 4028 has
475 3978 581 4048 primus
599 3977 732 4050 colligere
748 3979 791 4031 in·
836 3974 910 4026 libus
927 3973 1041 4026 reclusis
1061 3992 1120 4027 non
1141 3985 1198 4028 tam
1213 3974 1342 4030 restinxit
1368 3995 1454 4048 qnam
1471 3978 1614 4032 excitarit.

48 4053 112 4107 stituit
125 4059 151 4112 C.
166 4063 235 4135 llug.
257 4061 419 4116 Lobecktus
442 4062 470 4116 in
485 4062 667 4135 dglaophami
687 4066 745 4117 sire
759 4065 793 4118 dc
837 4062 934 4116 Omnis
947 4071 1039 4114 autem
1051 4080 1138 4134 opera
1152 4064 1181 4116 in
1196 4063 1239 4116 his
1250 4063 1412 4136 fragmentis
1422 4065 1514 4136 posita
1529 4083 1615 4120 ama·

49 4136 162 4216 theologie
175 4151 297 4219 mystica
305 4149 468 4204 Graecorum
480 4150 569 4203 causis
580 4150 654 4204 libro
667 4151 792 4204 secundo
810 4090 813 4208 i
834 4146 932 4218 jorurn
947 4149 1103 4203 carminum
1120 4168 1182 4221 quae
1205 4151 1320 4224 Orpheo
1335 4151 1500 4206 tribuuntur
1516 4171 1614 4225 pervc·

52 4225 198 4298 'trgimonrii
215 4237 382 4290 Prussorum
406 4235 502 4307 1829).
519 4237 572 4292 liic
592 4247 624 4290 ut
641 4239 793 4310 colligendi
810 4211 812 4253 ί
836 4234 1618 4308 stigationeproficiscidcbet.Siccnimfacillimedictio·

49 4313 117 4368 studio
128 4319 225 4392 Orphei
238 4322 363 4376 editores
382 4326 631 4394 omnessnperavit
646 4343 652 4378 :
667 4326 703 4379 ita
718 4325 793 4382 haud
836 4325 880 4376 nis
894 4335 921 4377 et
937 4324 1092 4378 similitudo
1110 4336 1138 4378 et
1155 4325 1353 4381 dissimilitudo
1372 4327 1615 4382 animadvertitur.

49 4399 259 4462 aioancollectis
273 4410 358 4464 etiam
373 4410 442 4464 locis
461 4411 497 4463 ab
512 4412 637 4483 Orphica
657 4415 793 4485 sapientia
837 4411 866 4466 Si
884 4412 1029 4482 quisvero
1058 4413 1166 4485 singula
1192 4414 1276 4468 rerba
1301 4425 1328 4468 et
1351 4415 1487 4486 loquendi
1514 4434 1618 4489 genera

49 4484 326 4564 tiitnissupervacanea
337 4499 498 4551 necessariis
511 4483 698 4555 admiscuerit.
709 4502 793 4554 ttam-
837 4500 1011 4570 compararit
1028 4518 1219 4572 versuumque
1237 4503 1423 4574 proprietates
1439 4503 1592 4558 attenderit
1609 4524 1615 4560 :

49 4575 235 4651 quedisciplinae
249 4601 426 4657 operumque
439 4586 629 4658 Orplricorum
646 4588 793 4662 ambiguos
835 4604 966 4659 magnam
986 4587 1163 4658 reliquorum
1188 4589 1327 4643 librorum
1353 4589 1488 4660 fragmina
1513 4594 1619 4665 partim

48 4667 67 4708 tl
77 4660 181 4720 incertos
193 4687 248 4723 csse
262 4669 331 4724 fines
352 4689 437 4724 nemo
458 4673 579 4744 negabit.
599 4674 793 4742 Quemadmo-
837 4692 901 4727 cum
915 4676 1242 4747 Argonauticis,partim
1256 4694 1320 4730 cnm
1333 4679 1465 4749 llymnis,
1482 4681 1618 4732 nonitem

49 4742 100 4838 ¹duur
113 4769 174 4806 vero
190 4756 314 4826 Proclus,
328 4759 448 4824 Taetzes‚
464 4761 510 4813 Jo.
530 4761 671 4814 Diaconus
688 4763 793 4835 aliique
837 4779 902 4815 curn
924 4762 1041 4816 Litlricis
1061 4763 1292 4818 necessitudinem
1308 4773 1336 4818 ct
1355 4767 1553 4838 cognationem
1568 4765 1618 4822 ha·

48 4843 139 4890 istarum
152 4843 329 4915 reliquiarum
344 4847 475 4901 custodes
495 4847 619 4902 adeundi
631 4849 714 4904 nobis
727 4861 792 4904 sunt
809 4797 813 4908 i
836 4849 904 4905 bere
912 4850 1043 4904 inveniet.
1052 4853 1113 4905 llac
1118 4851 1176 4922 jam
1188 4853 1300 4924 pridem
1310 4863 1616 4926 perspecta,quanturn

47 4919 73 4973 td
83 4923 195 4996 Orphica
216 4934 305 5003 poesis
328 4933 414 4989 frusta
432 4934 612 5008 congerenda
631 4947 660 4990 et
677 4939 793 4992 minima
810 4911 813 4974 ί
836 4938 865 4990 in
888 4937 1000 4992 lubrico
1021 4941 1142 4992 versanti
1157 4940 1260 4993 licebat
1274 4941 1364 4994 aliena
1379 4941 1414 4994 ab
1430 4940 1561 5011 Orphicis
1576 4960 1616 4996 sc·

48 5011 141 5101 ltaligia
154 5015 306 5090 indaganda
320 5037 327 5072 z
343 5021 384 5073 sic
400 5021 514 5074 illorum
529 5023 681 5077 auctoritas
700 5042 753 5096 per
763 5043 792 5079 se
810 4998 813 5046 Ι
836 5025 949 5097 gregari
958 5065 967 5092 ,
983 5041 1188 5096 supervacanea
1201 5028 1296 5094 omisi,
1309 5035 1445 5097 corrupta
1461 5043 1523 5096 quae
1533 5043 1617 5098 supe·

48 5091 224 5156 nrhilvaletad
239 5106 394 5160 istiusmodi
409 5109 568 5180 congeriem
584 5120 612 5162 et
632 5111 793 5183 antiquitati
838 5111 928 5163 riores
952 5111 1075 5166 editores
1108 5112 1212 5166 intacta
1246 5111 1418 5183 reliquerant
1451 5111 1616 5184 emendari,

48 5192 69 5230 et
80 5181 190 5252 Orphica
207 5190 338 5249 doctrinae
355 5192 580 5266 adjudicandam.
592 5197 730 5254 Nimirum
743 5218 793 5253 ve·
839 5215 935 5251 onrnes
947 5197 1069 5270 deniqne
1081 5216 1177 5252 versus
1191 5199 1290 5252 latinos
1303 5197 1365 5252 leci.
1461 5267 1466 5278 .
