3838 5926
482 663 571 775 nu
615 663 879 777 riuoun
922 659 1265 780 rnunsro.

650 963 1013 999 ,’-··-θῦῢ·--

112 1159 230 1236 Τίρωνος
244 1154 470 1234 conseptus]
484 1153 592 1214 Timon
605 1155 752 1216 Phliasius
763 1177 852 1234 quum
900 1155 1000 1235 βιὸλία,
1016 1157 1051 1223 είς
1063 1157 1133 1214 latiis
1147 1154 1263 1214 τείνοντα
1278 1155 1406 1235 μυριάδας
1415 1155 1471 1228 δύο,
1482 1147 1518 1216 ὧν
1532 1156 1577 1216 καλ
1592 1155 1679 1216 ’Arri-

17 1243 22 1254 '
77 1249 234 1308 adolescens
255 1247 288 1305 in
308 1245 429 1303 theatris
460 1244 605 1314 saltasset,
632 1258 732 1320 postea
755 1266 851 1304 rerum
898 1263 970 1318 γονος
983 1243 997 1298 δ
1011 1239 1157 1319 Καρύστιος
1171 1241 1317 1318 μέμνηται,
1333 1241 1520 1322 ἀναγεγραφὼς
1539 1246 1619 1302 αὐτοῦ
1633 1241 1679 1301 καί

76 1335 233 1394 divinarum
246 1333 498 1407 humanarumque
517 1331 755 1408 contemplationi
769 1333 853 1392 dedi·
899 1327 975 1394 αὐτὸς
988 1326 1031 1385 τὸν
1044 1327 1109 1407 βίον.
1121 1331 1182 1388 Τῶν
1191 1327 1217 1386 δὲ
1233 1327 1336 1388 Σιλλιον
1346 1326 1404 1407 τρία
1417 1329 1496 1402 ἐστίν,
1509 1332 1535 1388 ἓν
1547 1321 1583 1396 οἷς
1596 1333 1631 1396 ὡς
1646 1329 1678 1388 ἂν

76 1435 117 1482 tus
129 1421 256 1500 primunr
280 1419 439 1497 Stilponem
458 1419 581 1490 audivit,
598 1419 704 1478 deinde
724 1421 852 1498 Pyrrho·
899 1413 1035 1480 σκεπτικὸς
1046 1413 1082 1473 ὢν
1091 1415 1190 1482 πάντας
1197 1415 1309 1527 λοιδορεῖ
1318 1416 1363 1474 καί
1374 1415 1499 1476 σιλλαίνει
1510 1415 1569 1484 τοίις
1581 1417 1680 1495 δογμα-

77 1529 146 1582 nem,
161 1508 249 1586 cnjus
266 1507 401 1582 dogmata
425 1525 478 1583 per
491 1518 579 1563 totam
601 1507 690 1564 vitam
706 1507 855 1584 professus
899 1499 985 1568 τικοίις
999 1505 1026 1562 ίν
1037 1501 1172 1583 παρῳδίας
1180 1501 1254 1562 aldai.
1278 1502 1362 1562 tiara
1375 1503 1422 1580 μὲν
1435 1505 1539 1580 πρῶτον
1555 1504 1678 1574 αὐτοδιή-

76 1611 127 1657 est.
148 1595 263 1654 floruit
286 1606 380 1652 autem
415 1592 470 1651 sub
497 1594 643 1667 Antigono
666 1591 854 1652 Macedonum
899 1611 978 1666 γητον
994 1587 1050 1667 ἔχει
1062 1588 1275 1668 riv-ipunitius,
1288 1589 1318 1647 τδ
1330 1589 1358 1648 δὲ
1371 1589 1487 1667 δεύτερον
1499 1589 1545 1647 καί
1553 1588 1639 1666 τρίτον
1653 1592 1680 1647 ίν

76 1703 139 1759 rege
153 1679 556 1758 errroremaeorhiladeipho.
570 1681 623 1738 Hic
635 1682 730 1740 clarus
741 1681 855 1758 sapien·
901 1673 1023 1752 διαλόγου
1038 1675 1165 1750 σχήματι.
1180 1675 1310 1735 Φαίνεται
1323 1681 1384 1753 γοῦν
1399 1675 1544 1754 ἀνακρίνων
1557 1675 1681 1752 Ξενοφά-

75 1771 121 1828 tiae
132 1769 231 1828 studio
239 1765 685 1846 pietatisquequaScepticor‘um
693 1767 855 1844 principem
900 1783 946 1833 νην
959 1761 1002 1819 τδν
1015 1761 1182 1840 Κολοφώνιον
1192 1763 1253 1841 περί
1267 1761 1393 1838 ἑκάστων,
1406 1766 1420 1820 ὁ
1434 1763 1462 1820 δὲ
1476 1762 1679 1840 αὗτοδιηγούριε-

75 1856 186 1915 colebat
200 1855 394 1927 documentis,
417 1855 525 1913 clarior
546 1855 661 1932 poetica
682 1854 815 1912 facultate
829 1867 857 1912 et
901 1847 941 1914 νότ
952 1848 1020 1906 ἔστι·
1032 1847 1076 1906 καὶ
1087 1851 1113 1906 ἓν
1128 1847 1176 1924 μὲν
1190 1851 1228 1928 τῷ
1239 1849 1350 1929 δεντίριρ
1361 1850 1482 1928 περὶτῶν
1493 1849 1680 1930 ἀρχαιοτέρων,

75 1947 251 2022 scriptorum
275 1942 464 2001 multitudine
479 1942 510 2000 id
533 1943 717 2020 potissimum
738 1942 770 1999 in
784 1961 856 1998 con·
902 1934 928 1990 ἰν
943 1933 970 1991 δὲ
987 1935 1025 2012 τῷ
1040 1931 1120 2014 τρίτῳ
1139 1935 1199 2014 περὶ
1217 1937 1269 1992 τῶν
1284 1935 1408 2014 ὑστέρων.
1423 1939 1496 1998 —T
1497 1935 1511 1993 ὸ
1532 1935 1559 1993 δὲ
1578 1940 1680 2014 πρῶτον

74 2031 175 2088 dandis
197 2027 378 2088 carminibus
394 2029 547 2106 spectavit,
570 2042 602 2087 ut
620 2047 721 2087 omnes
737 2040 857 2105 excepto
901 2017 984 2077 ratri
1004 2020 1122 2099 περιέχει
1142 2021 1306 2100 πράγματα,
1326 2021 1396 2093 πλὴν
1418 2021 1457 2080 ὅτι
1479 2022 1682 2101 μονοπρόσωπός

74 2117 226 2192 Pyrrhone
251 2115 442 2193 philosophos
470 2115 579 2173 rideret
606 2127 635 2172 et
660 2113 855 2172 cavillaretur.
903 2105 1123 2178 ίσττνῆποίησις.
1136 2107 1180 2167 Cf.
1193 2108 1276 2168 Fred.
1289 2109 1682 2168 PaulldeSllllsGraecorum

73 2204 139 2272 Quo
151 2205 183 2261 in
197 2219 304 2278 genere
321 2201 521 2261 nobilissimos
536 2213 593 2259 tres
610 2201 750 2259 Sillorum
765 2199 858 2257 libros
902 2193 1073 2270 disputatiO,
1089 2195 1220 2253 Berolini
1233 2199 1304 2254 1821
1317 2197 1467 2274 3Welandi
1479 2197 1515 2254 de
1526 2199 1683 2275 praecipuis

74 2291 233 2367 reliquerat
244 2307 348 2364 magna
360 2308 398 2346 ex
419 2301 502 2366 parte
515 2288 552 2345 ad
574 2287 735 2345 Homericae
746 2283 857 2350 Νεκυίας
902 2280 1092 2340 Parodiarum
1110 2284 1304 2361 scriptoribus
1319 2285 1408 2357 liber,
1424 2285 1542 2344 Woellrii
1554 2287 1590 2344 de
1602 2287 1681 2344 Grae·

74 2377 196 2435 sormam
225 2376 275 2453 (cs,
291 2375 413 2433 Meinek.
437 2374 561 2432 Exercit„
576 2375 608 2432 in
628 2375 732 2432 Athen,
756 2372 769 2430 l
790 2374 856 2450 p.6
903 2388 1004 2426 corum
1016 2370 1097 2429 Sillis
1109 2373 1324 2443 commentatio,
1339 2371 1486 2430 Varsoviae
1503 2375 1588 2430 1820.
1602 2374 1685 2433 Adde

72 2463 144 2542 seq.)
156 2463 316 2522 institutos.
336 2459 378 2517 Ex
398 2459 437 2519 iis
460 2461 573 2538 primus
587 2459 748 2538 simplicem
763 2478 859 2517 narra·
903 2456 1029 2515 Fabricii
1050 2457 1126 2516 Bibl.
1152 2458 1204 2515 Gr.
1223 2460 1283 2518 vol.
1297 2458 1352 2529 lll,
1374 2479 1440 2537 pag.
1460 2459 1518 2518 623
1534 2479 1616 2538 seqq.
1636 2463 1681 2520 ed.

76 2551 201 2622 tionem,
217 2549 362 2607 secundus
375 2559 404 2605 et
428 2549 529 2606 tertius
544 2565 706 2606 sermonem
721 2565 785 2605 cum
799 2545 857 2604 Xe·
903 2544 984 2602 Harl.
994 2557 1023 2601 et
1037 2544 1176 2619 Diogenis
1190 2543 1297 2604 Laertii
1317 2547 1498 2624 interpretes.
1515 2547 1685 2623 Fragmenta

72 2637 211 2714 nophane
225 2633 356 2694 habitum
379 2632 555 2692 continebat.
573 2633 726 2691 Diversum
747 2631 784 2690 ab
798 2631 858 2690 illis
902 2632 966 2708 ejus
978 2651 1043 2708 quae
1055 2645 1168 2690 exstant
1176 2652 1268 2710 prope
1279 2634 1378 2691 omnia
1390 2633 1496 2692 eSillis
1507 2635 1595 2712 petita
1604 2649 1683 2707 sunt,

72 2723 154 2781 aliud
181 2723 238 2780 luit
258 2739 362 2799 poema
383 2719 547 2794 lmaginum
560 2715 726 2796 (Ἰνδαλρῶν)
741 2718 859 2776 nomine
904 2734 995 2792 pauca
1006 2737 1043 2775 ex
1056 2716 1219 2792 lmaginum
1233 2718 1311 2775 libro
1324 2719 1511 2796 deprompta,
1527 2722 1684 2782 nonnullos

72 2811 261 2888 inscriptum.
281 2807 478 2865 Memorantur
492 2807 581 2864 etiam
602 2805 737 2864 Timonis
752 2825 858 2863 comoe-
903 2823 1135 2881 quoqueversus
1153 2807 1266 2882 antiqui
1282 2825 1320 2864 ex
1340 2808 1406 2866 aliis
1422 2808 1602 2868 carminibus
1616 2829 1683 2867 ser-

72 2897 130 2955 diae
156 2908 188 2954 et
213 2894 362 2969 tragoediae
383 2894 498 2970 aliaque
521 2893 633 2968 ingenii
648 2906 856 2965 monumenta.
903 2904 1016 2950 ruunt
1027 2891 1086 2951 llas
1098 2893 1259 2952 carminum
1272 2894 1410 2970 reliquias
1422 2895 1535 2972 primus
1544 2895 1684 2956 laudabili

72 2985 186 3042 limum
211 3001 311 3040 rerum
338 2992 424 3038 testes
449 2977 537 3038 nobis
561 2991 629 3038 sunt
652 2979 811 3038 Aristocles
831 2993 860 3037 et
904 2981 1002 3039 studio
1016 2981 1134 3057 collegit
1149 2982 1291 3040 chricus
1304 2981 1604 3060 StephanusinPoesi
1618 2985 1686 3064 phi·

72 3071 222 3146 Diogenes
234 3067 376 3127 Laertius.
384 3065 515 3135 Quorum
525 3067 609 3143 prior
616 3066 693 3144 apud
703 3065 859 3124 Eusebium
903 3068 1065 3146 losophica,
1080 3082 1180 3146 postea
1189 3069 1281 3127 edidit
1295 3068 1409 3129 lsaacus
1426 3069 1506 3128 Fred.
1519 3071 1685 3148 Langhein-

74 3158 172 3236 Praep.
185 3156 297 3230 Evang.
310 3153 386 3225 xit,
402 3154 502 3225 rssait:
517 3151 639 3230 Ἐγίνετο
651 3153 678 3212 dl
690 3149 860 3229 μαίνητλςαῦ-
904 3156 967 3213 rich
977 3160 1009 3215 in
1024 3155 1117 3215 tribus
1128 3157 1163 3214 de
1175 3155 1298 3215 Timone
1310 3157 1564 3232 dissertationibus
1572 3159 1685 3235 [Lipsiae

72 3248 119 3302 τοῦ
134 3245 194 3322 [τοῦ
208 3241 362 3320 Πύρρωνος]
378 3238 472 3316 Τίμων
487 3238 636 3308 Φλιάσιος,
651 3237 721 3304 derb
733 3240 781 3315 μὲν
790 3243 860 3318 πρῶ·
909 3262 981 3314 17²0
995 3256 1023 3301 et
1040 3241 1125 3322 17²1)
1142 3262 1213 3318 quas
1229 3262 1287 3300 non
1309 3243 1454 3315 vidimus;
1473 3245 1634 3304 Brunckius
1653 3249 1687 3302 in

73 3353 117 3388 τον
131 3331 254 3408 ἐχόρευεν
266 3329 294 3384 ίν
308 3333 361 3392 τοῖς
373 3325 496 3403 θεάτροις,
511 3324 603 3384 ἔπειτα
620 3323 643 3382 δ’
658 3324 774 3403 ἐντυχὼν
788 3327 859 3383 αιίτῶ
905 3330 1050 3388 Analectis
1065 3343 1194 3390 veterum
1207 3343 1357 3409 poetarum
1373 3345 1402 3390 et
1418 3331 1528 3390 Paulus
1538 3333 1557 3390 l.
1569 3351 1593 3390 c.
1613 3333 1684 3390 Pro·

72 3416 236 3496 συνέγραψεν
246 3413 377 3493 ἀργαλέας
386 3410 520 3492 παρῳδίας
533 3409 578 3469 καλ
591 3411 767 3490 βωμολόχους,
777 3411 804 3470 ἐν
820 3435 836 3469 α
849 3434 860 3478 ς
906 3418 994 3476 luisse
1002 3417 1028 3474 T
1029 3411 1121 3475 imoni
1138 3418 1277 3494 inprimis
1285 3417 1461 3496 Stephanum
1473 3432 1501 3476 et
1509 3419 1684 3477 Brunclrium

73 3504 286 3584 βεόλοσφήμηνιι
309 3500 411 3566 aalma
428 3497 486 3564 τοὺς
500 3495 608 3556 πάντοτε
625 3495 859 3577 φιλοσοφήσαντας·
906 3523 965 3561 non
983 3504 1160 3580 negaverim.
1186 3503 1242 3564 Sed
1264 3504 1362 3563 deerat
1382 3505 1544 3563 accuratior
1562 3503 1685 3566 Phliasii

72 3581 160 3656 Οίτοτ
172 3587 224 3667 γὰρ
235 3579 268 3659 iv
282 3585 367 3652 troi<
380 3585 490 3652 Σίλλους
503 3583 616 3662 γράψειε.
632 3581 780 3641 Posterior
791 3601 860 3640 vero
906 3602 997 3666 poetae
1008 3591 1207 3666 recensiovqua
1220 3591 1354 3667 piurimae
1366 3591 1485 3648 mucuiae
1495 3589 1685 3650 librariorum

71 3676 125 3735 lib.
138 3675 192 3747 IX,
202 3695 214 3732 1
223 3693 326 3733 ro·111
337 3672 398 3732 haec
409 3672 498 3730 tradit
509 3691 516 3728 ι
528 3669 584 3730 Kal
592 3669 643 3748 γάρ
650 3665 788 3744 ποιήματα
799 3689 859 3726 συν-
906 3676 1019 3734 incuria
1040 3675 1084 3736 illi
1108 3695 1230 3754 aspersae
1244 3673 1484 3752 abstergerentur.
1501 3677 1581 3736 lianc
1592 3679 1687 3754 igitur

71 3764 172 3843 ἔγραφε
185 3761 232 3820 καὶ
246 3759 298 3833 ἔπη
313 3759 359 3818 καλ
372 3756 518 3839 τραγῳδίας
528 3755 574 3816 καί
588 3755 716 3836 scriptus
737 3755 781 3815 καί
796 3755 858 3834 δρᾶ·
904 3761 1061 3822 lectoribus
1073 3763 1178 3828 offero.
1189 3761 1354 3822 Emendatis
1367 3763 1502 3823 versibus
1516 3783 1623 3823 novam
1636 3767 1686 3826 ad·

71 3874 145 3926 ματα
156 3849 265 3927 κωμικὰ
279 3848 438 3930 τριάκοντα,
447 3843 596 3926 τραγικὰδλ
609 3843 746 3919 ἐξήκοντα,
757 3843 860 3912 σίλλους
900 3845 987 3924 junxi
1002 3849 1267 3928 interpretationem
1288 3849 1407 3909 latinam
1424 3849 1584 3928 brevesque
1598 3853 1687 3912 adno-

71 3959 100 3996 τι
116 3935 165 3995 καὶ
181 3934 324 4004 κιναίδους.
342 3933 460 4016 Φέρεται
479 3932 506 3993 dl
526 3935 603 3994 αὐτοῦ
617 3932 663 3994 καί
677 3931 859 4012 καταλογάδην
904 3933 1036 3994 tationes.
