3764 5922
516 320 755 382 surrecturo
777 317 972 380 utunttttt
995 317 1041 378 ET
1062 315 1241 378 securint.
1399 334 1405 344 ·
1625 326 1681 376 519

109 461 202 520 Hsns.
228 461 306 532 Quid
332 471 372 515 est
392 459 512 515 Litora?
535 488 573 502 -··
598 454 695 516 Error.
720 453 854 512 Historiae
942 452 1034 511 litun.
1049 454 1127 526 Quid
1138 463 1179 508 est
1190 451 1322 508 Nebula?
1336 446 1483 504 -Eercm
1497 446 1562 506 Nox
1577 448 1608 506 in
1620 447 1679 521 die,
1722 477 1735 502 ι

42 563 179 610 custos,
900 537 984 597 labor
994 539 1159 597 oculorum.
1545 562 1551 572 ·

107 641 206 696 Hans.
222 639 300 711 Quid
312 635 429 692 Verbum
437 631 590 691 i-Ertcr.
600 629 699 689 Animi
709 629 851 707 proditor.
941 627 1033 684 liuor.
1052 629 1127 698 Quid
1139 639 1183 682 est
1197 627 1327 682 Ventus?
1343 657 1383 668 -
1398 623 1491 684 Error.
1508 624 1592 683 Aeris
1608 642 1682 702 per-

106 726 205 784 Huou.
222 727 297 798 Quid
315 736 356 780 est
377 726 513 797 Lingua?
529 755 568 766 -
582 719 678 778 Emer.
701 717 785 778 Aeris
800 719 852 776 ila·
899 715 1042 786 turbatio,
1069 713 1216 772 mobilitas
1240 731 1375 790 agrorum
1402 713 1476 790 (leg.
1504 713 1679 789 aquarum),

40 813 201 888 gellatio.
845 816 847 822 '
898 804 1012 863 siccitas
1029 817 1121 863 terrae.

104 901 206 960 Htou.
219 902 296 973 Quid
307 913 350 956 est
361 901 439 954 Aer?
459 930 499 939 -
513 895 609 956 Error.
621 894 760 954 Custodia
774 895 851 952 vitae.
940 891 1033 951 Hunn.
1050 894 1128 964 Quid
1146 904 1211 946 sunt
1231 891 1387 946 Flumina?
1409 921 1449 934 -
1463 887 1557 946 Ertcr.
1570 887 1680 948 Cursus

105 993 207 1046 Hans.
228 989 306 1060 Quid
321 1001 365 1044 est
387 987 536 1042 Libertus?
554 1014 594 1028 -
607 982 702 1041 Emer.
718 981 853 1042 Hominis
898 980 1088 1052 indeficiens,
1101 978 1443 1049 relectiosolis,siccitas
1455 991 1550 1035 terre.

44 1075 248 1135 innocentia.
938 1068 1031 1137 litos.
1056 1070 1133 1142 Quid
1146 1081 1190 1124 est
1206 1069 1312 1143 Aqua?
1331 1097 1372 1111 -
1391 1064 1489 1128 Error.
1509 1065 1678 1126 SuBsidium

104 1165 205 1225 Hune.
231 1165 307 1236 Quid
331 1175 374 1219 est
393 1161 507 1238 Caput?
527 1191 567 1206 -
591 1159 689 1217 unco.
718 1157 853 1218 Hominis
898 1155 1259 1228 vitae,ablutiosnrdium.

46 1253 198 1313 culmen.
939 1246 1032 1303 Hton.
1056 1247 1136 1318 Quid
1154 1258 1197 1300 est
1218 1246 1312 1300 Gelu?
1339 1273 1379 1287 -
1393 1241 1491 1301 Error.
1514 1243 1678 1303 Herbarum

103 1339 203 1401 Hmu.
219 1341 296 1412 Quid
311 1351 353 1394 est
364 1339 492 1412 Corpus?
505 1368 545 1381 -
563 1333 660 1394 Emer.
675 1335 789 1393 Animae
803 1338 852 1393 do
897 1334 1077 1410 persecutio,
1090 1333 1241 1390 vinculum
1259 1344 1359 1402 terrae,
1375 1330 1438 1388 lons
1460 1349 1595 1406 agrorum
1611 1333 1677 1408 (leg.

47 1429 224 1488 micilium.
899 1438 973 1497 pons
985 1419 1159 1497 aquarum.)

104 1515 202 1574 Hans.
216 1515 294 1588 Quid
312 1513 431 1571 como?
451 1544 492 1555 -
512 1509 608 1570 Enoc.
622 1510 720 1570 Vestes
735 1513 850 1591 capitis.
939 1507 1031 1566 Hsnn.
1048 1510 1126 1580 Quid
1136 1510 1271 1564 estNix?
1286 1537 1321 1552 ι-
1332 1504 1426 1562 Fusco.
1438 1506 1618 1582 Aquasicca.

104 1602 201 1660 Hmu.
217 1604 293 1676 Quid
304 1599 422 1658 Barba?
437 1631 477 1644 -
491 1597 587 1656 Error.
599 1597 692 1656 Sexus
705 1598 851 1659 discretio.
940 1595 1033 1655 Hsnn.
1060 1598 1138 1667 Quid
1158 1608 1199 1651 est
1222 1597 1352 1667 Hyems?
1376 1625 1415 1636 -
1440 1591 1537 1652 Emer.
1565 1595 1680 1655 AEstatis

104 1689 201 1747 Hunc.
221 1691 296 1762 Quid
318 1701 361 1744 est
384 1687 609 1744 Cerebrumi-
631 1683 729 1745 Emer.
746 1685 851 1745 Custos
898 1683 993 1741 exsul.

47 1778 227 1836 memoriae.
938 1770 1031 1828 liuns.
1052 1775 1131 1844 Quid
1147 1785 1190 1828 est
1206 1774 1283 1827 Ver?
1297 1803 1336 1814 -—
1349 1771 1445 1831 Emer.
1466 1770 1566 1830 Pictor
1577 1786 1677 1849 terrie,

105 1863 203 1922 Hans.
220 1865 297 1936 Quid
310 1865 414 1920 Oculi?
428 1893 466 1904 -
479 1858 573 1918 Error.
592 1859 685 1917 Duces
700 1861 832 1938 corporis
841 1905 849 1934 ,
898 1860 1054 1917 maturatio
1069 1858 1226 1918 fructuum.

50 1949 181 2008 indices
193 1951 292 2008 animi.
937 1948 1032 2005 Hsnu.
1052 1951 1130 2022 Quid
1136 1961 1185 2016 est,
1205 1951 1280 2022 quod
1296 1965 1424 2002 omarum
1444 1949 1679 2021 dulcesaciti-

104 2037 202 2098 llius.
222 2040 297 2111 Quid
311 2039 427 2094 Nares?
443 2069 483 2080 -
497 2034 593 2092 Emer.
610 2033 741 2093 Odorum
759 2049 848 2095 attre-
896 2035 994 2098 Error.
1012 2037 1119 2095 Fames.

50 2127 170 2186 ctatio.
937 2125 1031 2182 Hans.
1047 2121 1124 2198 Quid
1145 2138 1199 2194 est,
1225 2127 1301 2200 qrtod
1320 2125 1462 2181 homiuem
1487 2128 1589 2183 lassum
1611 2131 1678 2202 fieri

106 2213 201 2273 Heus.
215 2217 293 2286 Quid
316 2215 426 2271 Aures?
440 2243 479 2256 -
499 2209 598 2281 Error.
616 2213 758 2270 Sonorum
784 2231 851 2270 con·
895 2217 1108 2269 nonsinit?·-
1126 2215 1223 2272 Error.
1240 2210 1377 2272 Lucrum.
1394 2273 1409 2296 ι

55 2313 248 2360 trectamres.
936 2300 1027 2358 Hson.
1057 2303 1136 2373 Quid
1163 2313 1205 2356 est
1226 2299 1318 2374 Spes?
1342 2331 1382 2344 -
1415 2299 1511 2360 Enoc.
1538 2301 1676 2378 vigilanti

104 2387 203 2448 Hans.
220 2389 296 2460 Quid
307 2389 346 2444 Os
357 2391 373 2442 i
386 2420 425 2430 -
440 2387 537 2445 Emer.
554 2383 684 2442 Nutritor
705 2386 847 2464 corporis.
895 2388 1054 2446 somnium.

105 2476 203 2536 Hunn.
213 2477 290 2548 Quid
297 2471 568 2532 DentesP-Ertcr.
577 2471 660 2530 lllolae
670 2475 846 2532 mordentes.
936 2474 1028 2535 thn.
1046 2477 1124 2549 Quid
1140 2489 1184 2531 est
1196 2476 1290 2550 Spes?
1304 2505 1344 2518 -
1361 2472 1458 2533 Emer.
1483 2473 1676 2552 Refrigerium

103 2565 201 2625 Hunc.
223 2566 300 2638 Quid
313 2565 426 2620 Labici
435 2592 475 2606 -
487 2559 584 2617 Enrc‘r.
600 2559 697 2618 Valvae
709 2563 848 2639 corporis.
897 2559 1025 2635 laboris,
1037 2561 1145 2622 dubius
1160 2574 1291 2620 eventus.

104 2653 200 2713 Hunc.
224 2653 302 2724 Quid
317 2653 441 2706 Munus?
457 2682 493 2692 —
511 2647 608 2706 Error.
624 2646 766 2726 Corporis
782 2667 849 2728 ope·
936 2650 1031 2708 Hans.
1049 2653 1124 2723 Quid
1138 2663 1182 2706 est
1199 2652 1358 2706 Amicitia?
1371 2679 1411 2693 -
1425 2648 1522 2706 Emer.
1547 2650 1678 2728 Refrige-

55 2740 148 2798 rarii.
894 2736 971 2794 rium
988 2737 1116 2807 laboris,
1132 2735 1241 2794 dubius
1256 2748 1388 2795 eventus.

104 2825 201 2883 ilion.
227 2828 304 2899 Quid
331 2826 445 2896 Digiti?
467 2856 508 2867 —
542 2821 636 2879 Emer.
665 2821 847 2882 Chordarum
937 2823 1030 2886 Hsnn.
1048 2827 1125 2897 Quid
1144 2828 1252 2880 Fides?
1266 2853 1307 2868 -
1321 2821 1417 2883 Error.
1435 2823 1545 2900 lgnotae
1561 2827 1604 2886 rei
1620 2831 1678 2887 mi·

55 2913 218 2992 plectrum.
895 2913 986 2971 tanda
994 2913 1134 2970 celsitudo
1148 2913 1224 2987 (leg.
1243 2911 1418 2988 certitudo).

104 3001 200 3057 Hunc.
213 3003 290 3074 Quid
300 2999 424 3057 Pulmo?
436 3029 477 3042 ·-
491 2993 592 3057 Emer.
608 2996 746 3055 Servatur
760 3000 845 3056 aeris.
935 3000 1027 3060 Hune.
1040 3003 1117 3072 Quid
1127 3001 1285 3066 critnobis,
1302 3005 1328 3054 si
1337 3006 1456 3056 cinctum
1470 3005 1572 3070 solvas,
1588 3023 1678 3078 neque

104 3090 200 3150 Hune.
213 3091 290 3163 Quid
308 3102 351 3145 est
364 3089 440 3145 Cor?
453 3119 493 3130 -
507 3083 604 3146 Error.
626 3085 847 3164 Receptaculum
894 3091 1044 3145 nudaberis
1070 3093 1150 3164 ipse?
1171 3091 1287 3162 Respice
1313 3107 1424 3162 corpus,
1452 3109 1504 3164 quo
1530 3103 1560 3145 et
1584 3093 1677 3149 doceri

58 3177 142 3235 uitae.
890 3181 1007 3252 possis?
1025 3209 1065 3222 —
1080 3177 1178 3234 Emer.
1202 3174 1331 3252 Epistola
1348 3187 1402 3232 est.

102 3265 198 3324 liuns.
212 3265 290 3338 Quid
302 3267 408 3322 Jecur?
419 3261 566 3320 —Erucn
578 3259 716 3320 Custodia
731 3263 846 3324 caloris.
934 3269 1029 3322 Huni.
1056 3267 1135 3336 Quid
1156 3278 1198 3319 est
1216 3265 1364 3338 Epistola?
1381 3297 1420 3306 -
1441 3261 1538 3322 Error.
1558 3263 1584 3320 T
1584 3265 1676 3324 acitus

104 3351 201 3411 thu.
213 3354 292 3426 Quid
311 3355 386 3408 Fet?
402 3383 443 3395 -
457 3349 556 3410 Erico.
573 3348 736 3436 iracundiae
755 3371 848 3409 susce·
894 3353 1025 3411 nuntius.

57 3438 223 3516 piaculum.
934 3439 1026 3498 Huun.
1040 3441 1118 3512 Quid
1123 3453 1163 3496 est
1177 3436 1583 3498 Picturui—Errcr.Veritas
1592 3441 1674 3505 salsa.

103 3527 200 3587 Hunc.
216 3529 293 3600 Quid
304 3527 415 3600 Splen?
430 3555 471 3569 -
484 3523 579 3580 Emer.
599 3523 686 3583 Risus
697 3537 725 3582 et
739 3525 847 3584 laetitiae
934 3527 1025 3583 Hton.
1042 3529 1137 3598 Quare
1159 3527 1213 3582 hoc
1233 3529 1356 3582 dixisti?
1371 3557 1411 3568 -
1426 3523 1524 3586 Emer.
1540 3525 1676 3588 Videmus

59 3633 166 3690 capax.
387 3649 392 3660 ·
893 3613 971 3670 enini
984 3632 1069 3690 poma
1085 3613 1181 3690 picta,
1198 3613 1301 3681 flores,
1316 3612 1468 3688 animalia,
1487 3632 1607 3685 aurum,
1629 3634 1674 3672 ar·

101 3701 199 3761 Hsns.
217 3703 295 3776 Quid
315 3701 505 3759 Stomachus?
523 3734 560 3742 -
584 3698 681 3758 Error.
707 3698 846 3759 Ciborum
893 3713 1027 3774 gentum,
1041 3713 1069 3757 et
1086 3719 1143 3756 non
1158 3713 1202 3758 est
1217 3717 1329 3756 verum.

57 3809 185 3866 coquus.
933 3787 1024 3845 Hrnu.
1044 3791 1121 3862 Quid
1129 3801 1171 3844 est
1184 3789 1311 3843 Aurum?
1326 3818 1364 3829 -
1378 3785 1477 3843 Emer.
1494 3787 1672 3866 blancipium

100 3877 198 3938 Hans.
216 3881 291 3951 Quid
304 3881 395 3936 Ossa?
410 3912 449 3924 -
469 3876 567 3934 Emer.
587 3873 688 3935 Robur
702 3881 845 3960 corporis.
893 3879 1006 3938 mortis.

101 3970 196 4025 Hans.
210 3969 287 4042 Quid
302 3969 416 4024 Coxoe?
430 3997 470 4010 -
483 3963 593 4024 Enc‘rr
604 3964 746 4043 Epistylia
768 3969 844 4026 colu·
934 3965 1029 4038 Hans.
1045 3969 1121 4039 Quid
1133 3979 1174 4022 est
1186 3967 1366 4040 Argentum?
1380 3994 1420 4008 -
1433 3963 1530 4026 Emer.
1547 3965 1672 4026 lnvidiae

57 4071 207 4112 lunarum.
666 4051 668 4058 ’
892 4054 982 4112 locus.

102 4140 197 4198 thou.
215 4142 293 4215 Quid
304 4143 422 4198 Pedes?
434 4171 475 4186 -
496 4139 592 4198 Error.
614 4140 724 4200 Mobile
745 4143 844 4202 lunda·
932 4140 1112 4215 Huanuid
1124 4154 1166 4197 est
1184 4141 1322 4195 Ferrum?
1341 4171 1377 4182 -
1396 4137 1494 4196 Emer.
1507 4137 1610 4198 Omnis
1625 4160 1673 4198 ar·

57 4239 202 4286 mentum.
892 4227 929 4286 tis
954 4229 1188 4286 instrumentum.

99 4312 196 4374 liuns.
211 4317 289 4388 Quid
302 4317 415 4372 Cruru?
432 4347 472 4360 -
486 4311 584 4374 Eme-r.
604 4315 755 4375 Columnae
775 4339 844 4378 cor·
931 4313 1023 4370 Hm.
1041 4316 1120 4388 Quid
1136 4327 1179 4370 est
1197 4313 1337 4370 Gladius?
1357 4344 1397 4356 -
1418 4309 1514 4370 Error.
1535 4311 1673 4388 Regimen

58 4403 155 4477 poris.
891 4415 1062 4462 castrorum.
1085 4437 1087 4442 ,

99 4487 194 4548 Hunc.
210 4491 289 4562 Quid
298 4491 444 4565 Sanguis?
458 4520 499 4534 -
512 4487 609 4552 Error.
626 4489 738 4549 Humor
752 4513 844 4552 vena·
931 4489 1023 4548 Hsnn.
1044 4493 1123 4564 Quid
1129 4505 1171 4548 est
1184 4493 1353 4548 Gladiator?
1365 4523 1404 4533 -
1421 4489 1518 4548 Emer.
1532 4487 1601 4547 Sine
1616 4491 1672 4547 cri·

58 4595 125 4633 rum
138 4577 216 4634 vitae.
891 4577 969 4635 mine
978 4577 1135 4638 homicida.

99 4663 194 4725 Hune.
208 4667 288 4750 Quid
298 4669 435 4724 estdue?
445 4663 588 4727 -Ermn
600 4663 697 4726 Facies
712 4667 842 4726 omnium
931 4665 1025 4726 Huou.
1040 4668 1097 4740 Qui
1106 4681 1184 4735 suut,
1199 4673 1249 4742 qui
1262 4671 1327 4721 sani
1339 4667 1500 4739 aegrotant?
1518 4696 1558 4708 -
1573 4662 1670 4722 Emer.

57 4767 166 4808 rerum.
890 4751 947 4822 Qui
961 4752 1056 4809 aliena
1066 4754 1183 4828 negotia
1197 4763 1308 4810 curant.

99 4835 191 4894 Hsos.
207 4839 285 4909 Quid
297 4842 420 4896 Steilae?
434 4870 469 4885 -
490 4837 589 4900 Emer.
605 4839 722 4900 Pictura
736 4843 843 4901 culmi-
930 4839 1021 4896 llius.
1048 4842 1112 4912 Qua
1132 4847 1243 4896 ratione
1267 4839 1349 4896 homo
1370 4843 1457 4894 iussus
1477 4855 1533 4894 non
1549 4839 1608 4910 fit?
1631 4871 1669 4884 -

57 4921 122 4996 nis,
139 4935 309 4984 naturarum
329 4925 558 5002 gubernatores,
573 4929 667 4986 noctis
681 4928 779 4987 deciis.
888 4925 986 4988 Error.
1003 4927 1128 4986 Lucrum
1145 4926 1287 4986 faciendo

97 5011 190 5072 ilion.
202 5013 561 5086 QuidPluriai-Errcr.
572 5016 731 5076 Consentio
744 5031 827 5074 terrae
929 5016 1021 5078 Hm.
1049 5019 1127 5089 Quid
1151 5030 1192 5072 cst
1220 5015 1374 5070 Anricitiu?
1401 5045 1438 5058 -—
1467 5009 1562 5072 Error.
1591 5011 1671 5070 Con·

59 5099 170 5174 frugum
185 5101 321 5176 genitrix.
888 5103 998 5163 cordia.
1417 5117 1420 5124 ’
