3776 5926
470 345 696 408 stursutm
721 349 768 408 ET
793 345 1153 411 trorutusuutrt.
1556 363 1616 416 ²0⁵

31 482 68 553 sip
87 479 206 556 ὑπόληψιν
229 475 317 534 λαὸίυν
336 473 434 549 ταύτην
455 477 500 536 ital
519 478 608 538 διὰτὸ
628 479 734 539 πάντων
756 481 788 540 τά
837 493 891 540 ret.
907 481 1049 540 Similiter
1060 481 1233 540 Plutarchus
1243 482 1279 540 de
1287 483 1363 542 Piae.
1378 484 1449 562 phil.
1461 483 1485 556 l,
1503 505 1517 556 7
1538 487 1619 545 ιΘιι-

31 569 150 648 σπέρματα
166 563 212 633 τήν
227 564 302 644 ρὺσιν
324 565 405 643 ὑγρὰν
425 563 504 644 ἔχειν,
521 567 551 625 τὸ
571 568 594 624 δ’
613 565 683 644 ὕδωρ
703 567 787 645 ἀρχὴν
835 570 882 638 λῆς
896 573 954 625 νοῦν
976 567 1020 626 τὸν
1043 574 1089 628 τοῦ
1109 567 1209 642 κόσμου
1228 569 1283 628 θεόν
1297 569 1366 649 (tl).
1389 569 1487 640 Quare
1510 571 1620 630 fallitur

31 661 65 726 τῆς
77 657 166 736 ρὺοεοις
179 641 245 710 εἶναι
263 659 314 718 τοῖς
327 654 421 732 ὑγροῖς.
436 651 496 712 Eut
511 654 540 712 δί
556 677 624 721 τινες
633 653 658 713 οἳ
671 655 716 713 κοιλ
729 654 789 722 τοὺς
835 655 1015 730 Augustinus
1029 654 1066 714 de
1082 655 1146 716 civ.
1161 657 1214 714 uei
1225 657 1290 728 Vll,
1308 678 1324 714 s
1339 657 1446 715 docens
1474 660 1619 716 Thaletem

31 743 192 820 παμπαλαίους
206 738 328 800 καλπολὺ
340 741 449 821 πρὸτῆς
462 748 506 800 νῦν
522 745 646 821 γενέσεως
660 745 705 802 καλ
717 743 790 824 πρυλ-
835 747 877 800 nil
889 745 956 800 huic
978 751 1055 819 opert
1075 765 1113 800 ex
1126 759 1216 800 mente
1237 749 1334 802 divina
1346 753 1530 821 [anteposuisse
1545 769 1553 802 .·
1567 747 1618 823 qui

30 857 73 898 τους
93 829 292 907 θεολογήσαντας
313 827 395 895 οὑτως
414 828 512 888 οἴονται
535 831 595 910 περὶ
617 836 663 902 τῆς
690 831 789 910 φύσεως
836 850 918 888 error
932 831 1000 888 inde
1012 845 1095 890 natus
1107 832 1232 903 videtur,
1244 833 1323 909 quod
1331 831 1356 889 'l'
1358 833 1436 891 hales
1449 834 1540 890 Deum
1558 853 1618 892 non

30 917 158 978 ὑπολαὺιῑν·
172 915 300 976 Ὠκεανόν
314 939 342 974 τι
356 917 407 994 γάρ
429 917 474 974 καὶ
493 916 582 990 Τηθὺν
603 918 729 986 ἐποίησαν
743 923 788 988 τῆς
835 929 917 975 extra
940 919 1040 976 mundi
1059 919 1218 976 machinam
1243 921 1382 997 positum,
1414 922 1464 978 sed
1479 940 1532 999 per
1555 941 1618 980 eam

30 1005 131 1084 γενέσεῳς
143 1003 273 1083 πατέρας,
288 1004 334 1061 καὶ
345 1003 389 1062 τὸν
400 1005 475 1082 ὅρκον
493 1009 544 1063 τῶν
564 1011 627 1064 θεῶν
645 1005 726 1084 ὑδονρ,
740 1006 788 1075 τὴν
836 1017 922 1063 totam
940 1007 1077 1064 diffusum
1093 1026 1155 1064 esse
1173 1007 1307 1067 credidit.
1329 1007 1400 1066 lnde
1425 1021 1545 1086 apparet
1566 1008 1618 1086 qui

30 1093 167 1167 καλουμένην
184 1091 228 1148 ὑπ’
243 1093 331 1149 αὑτῶν
353 1091 442 1168 Στύγα
456 1095 508 1150 τῶν
522 1099 647 1164 ποιητῶν·
661 1093 788 1169 τιμιώτα·
837 1093 940 1151 lactum
964 1094 1019 1164 sit,
1040 1107 1071 1152 ut
1090 1097 1188 1152 omnia
1204 1115 1267 1171 quae
1288 1102 1484 1153 cernerentur
1496 1098 1618 1154 deorum

30 1205 60 1239 τον
77 1181 117 1256 μὲν
132 1179 181 1258 γάρ
198 1180 229 1236 τὸ
245 1178 440 1255 πρεοὺύτοιτον,
458 1179 534 1259 ὅρκος
550 1181 576 1238 δὲ
588 1181 618 1239 τὸ
629 1181 787 1256 τιμιώτατόν
835 1179 921 1255 plena
932 1197 995 1236 esse
1009 1179 1096 1236 vellet
1106 1179 1250 1255 rebusque
1258 1181 1425 1239 inanimatis
1439 1183 1550 1240 animas
1568 1184 1619 1242 tri-

30 1271 88 1326 ίοτιν.
98 1267 168 1324 ldem
181 1267 217 1324 de
231 1265 316 1324 Coelo
326 1265 380 1326 lib.
392 1265 432 1338 ll,
445 1268 478 1323 ιθ
492 1268 532 1325 ait
549 1269 601 1328 :Ol
614 1267 636 1325 δ’
647 1267 685 1345 ἐρ’
695 1265 789 1333 ὑδατος
834 1265 944 1325 bueret.
953 1267 1047 1335 Quum
1057 1280 1150 1324 autem
1162 1268 1235 1325 nihil
1245 1266 1619 1346 mobiliusanimoeumque

30 1357 106 1412 κεῖσθαι
121 1353 244 1433 [pecli-lp
257 1351 333 1433 pipi]-
349 1357 439 1412 τοῦτον
449 1353 499 1432 γδιρ
512 1354 684 1434 ἀρχαιότατον
696 1377 788 1433 πορει-
836 1354 971 1411 movendi
985 1355 1015 1411 vi
1030 1355 1183 1428 praeditum
1205 1374 1267 1413 esse
1284 1357 1462 1414 existimaret
1479 1379 1486 1413 ε
1503 1377 1617 1415 omnem

30 1445 124 1520 λήραμεν
136 1441 178 1498 τὀν
192 1441 280 1518 λόγον,
296 1439 325 1497 δν
343 1462 420 1519 φασιν
434 1443 515 1499 εἰπεῖν
529 1443 623 1512 Θαλῆν
634 1441 678 1499 τὸν
695 1440 788 1512 Μιλή-
834 1454 942 1498 motum
954 1461 989 1498 ex
1003 1441 1056 1499 hoc
1070 1441 1147 1498 tonte
1161 1442 1348 1518 repetendum
1362 1455 1441 1500 ratus
1457 1457 1617 1518 magnetem

32 1553 79 1599 τιον,
95 1534 124 1594 ὡς
137 1528 176 1586 διδ
190 1529 220 1586 τὸ
233 1527 346 1597 πλωτήν
360 1518 427 1585 ε’ίναι
438 1527 565 1603 με’νουσαν
577 1527 667 1607 ὥσπερ
681 1527 755 1596 ξύλον
769 1529 786 1600 ή
834 1529 920 1585 ctiam
935 1529 1060 1606 lapidem
1076 1542 1162 1605 atque
1175 1531 1312 1588 electrum
1323 1533 1383 1590 suis
1393 1531 1539 1589 mentibus
1554 1531 1621 1588 ani-

32 1615 251 1694 τιτοισὺτονὲεερον.
264 1614 299 1672 ln
309 1614 428 1672 eandem
437 1617 607 1674 sententiam
615 1616 787 1673 Plutarchus
835 1630 910 1675 mata
921 1635 984 1674 esse
998 1617 1126 1674 decrevit
1139 1619 1147 1694 l
1155 1619 1211 1694 15).

32 1708 57 1762 de
70 1706 133 1764 Plac.
149 1705 220 1782 phil.
247 1701 304 1760 lib.
326 1702 350 1774 l,
371 1705 387 1760 3
402 1725 408 1759 :
430 1705 523 1773 Θαλῆς
536 1708 549 1762 ὑ
560 1703 688 1774 Μιλήσιος
703 1705 787 1782 ἀρχὴν
875 1703 965 1761 Fuere
976 1706 1026 1780 qui
1037 1703 1062 1760 'l
1065 1703 1184 1762 haletem
1195 1707 1320 1782 primum
1329 1706 1472 1763 exstitisse
1484 1717 1619 1782 putarent

31 1795 68 1847 τῶν
79 1789 146 1848 άντων
160 1787 315 1869 άπερήνατο
329 1788 358 1846 τδ
374 1787 452 1868 ὑδωρ.
476 1789 548 1847 δοκεῖ
561 1789 588 1850 δὲ
603 1795 617 1848 ὑ
634 1789 699 1869 άνὴρ
714 1782 787 1854 οὑτοι
834 1796 997 1853 animorum
1008 1797 1234 1854 immortalitatis
1248 1798 1394 1854 vindicem
1407 1816 1439 1854 ac
1450 1809 1616 1874 patronum.

32 1879 133 1956 α’ρξτιτῆς
143 1876 293 1958 ριλοσορίας
304 1923 312 1954 ,
323 1877 367 1934 καλ
383 1881 429 1937 ὑπ’
445 1880 524 1936 αὑτοῦ
539 1881 554 1948 ἡ
571 1877 676 1950 Ἰωνικὴ
689 1877 787 1958 αίρεσιτ
834 1883 945 1960 Nempe
955 1885 1082 1940 animum
1096 1903 1156 1940 esse
1170 1896 1383 1960 μετεπεμποντο
1395 1903 1508 1961 semper
1522 1897 1619 1940 more·

33 1966 203 2044 προσηγορεύθη.
220 1963 246 2030 ὑς
274 1964 303 2032 ἐξ
317 1964 410 2030 ὑδατός
431 1989 494 2045 φησι
510 1967 598 2025 πάντα
612 1957 678 2026 εἶναι
691 1965 737 2025 καλ
751 1969 786 2034 είς
834 1983 914 2026 retur
927 1971 972 2026 vel
985 1989 1049 2046 quae
1060 1988 1092 2029 se
1103 1971 1165 2047 ipsa
1179 1984 1323 2041 moveret,
1335 1973 1472 2049 princeps
1487 1971 1617 2028 Milesius

33 2053 82 2130 ὑθυρ
97 2053 172 2111 πάντα
185 2051 355 2112 ἀναλύεσθαι.
370 2052 526 2130 στοχάζεται
535 2053 558 2110 δ’
572 2054 601 2110 ἐκ
612 2052 703 2111 τούτου
715 2057 787 2133 πρῶ·
834 2056 1027 2134 philosophus
1040 2057 1226 2114 contenderat
1235 2056 1306 2136 (εὑ).
1318 2057 1502 2116 Αείιίθεειιιιιε
1512 2071 1617 2129 antem,

33 2139 226 2212 μηδισάντων
241 2142 297 2198 τῶν
321 2136 395 2207 ζώων
410 2145 426 2209 ἡ
446 2139 509 2217 γονὴ
533 2139 603 2218 ἀρχή
622 2141 703 2213 ἐστιν,
720 2141 784 2218 spa
833 2143 888 2200 etsi
901 2142 956 2200 hoc
971 2143 1078 2200 diserte
1088 2163 1146 2200 non
1160 2157 1203 2202 est
1213 2144 1371 2221 proditum,
1385 2165 1450 2202 eum
1466 2144 1617 2202 hominum

34 2217 92 2284 οὗτε·
110 2227 179 2294 οὑτως
198 2225 266 2292 είκδς
286 2225 335 2286 καί
349 2225 382 2286 τά
396 2226 482 2285 πάντα
503 2225 529 2294 ἐξ
544 2230 623 2308 ὑγροῦ
637 2225 685 2298 τήν
700 2227 784 2305 ἀρχὴν
834 2233 946 2289 animos
971 2251 1025 2309 pro
1054 2231 1185 2310 partibus
1212 2232 1315 2289 animae
1337 2233 1438 2291 mundi
1466 2231 1615 2292 habuisse.

34 2315 94 2392 ipo·
114 2315 237 2393 teinpus,
253 2313 297 2372 δτι
317 2314 404 2372 πάντα
427 2313 461 2372 at
480 2314 548 2392 ροτδι
571 2317 642 2396 ὑγρῷ
665 2316 786 2395 τρέρετοι
834 2318 905 2386 Quae
915 2318 1270 2394 mundianimaquoniam
1284 2338 1381 2378 rerum
1398 2319 1616 2376 universitatem

34 2405 64 2458 καὶ
74 2407 404 2484 καρπογορεί,ιἰμοιροῦντα
417 2403 444 2460 δὲ
460 2403 733 2484 ξηραίνεται·τρίτον,
746 2405 786 2462 ὅτι
834 2418 945 2478 movet,
972 2405 1112 2464 humanus
1137 2406 1250 2462 animos
1275 2423 1291 2462 e
1316 2425 1471 2482 corporum
1489 2405 1617 2464 vinculis

34 2495 64 2550 καὶ
74 2495 123 2550 αὐτὸ
135 2495 161 2552 τὸ
173 2499 223 2572 πὺρ
237 2497 285 2550 τοῦ
302 2491 431 2563 ἡλίουκαὶ
444 2491 534 2550 τδτῶν
549 2492 652 2570 άσιρυνν
665 2493 721 2557 ταῖς
732 2497 785 2552 τῶν
834 2495 949 2570 elapsos
967 2511 1024 2549 noo
1046 2492 1203 2565 exstingui,
1228 2491 1278 2551 sed
1301 2491 1332 2548 in
1355 2511 1536 2549 communem
1552 2494 1618 2550 ani-

34 2581 109 2637 ὑδᾰτυν
130 2581 316 2653 ἀναθυμιάσεσι
339 2581 476 2660 τρέφεται,
490 2579 534 2638 καλ
551 2581 625 2646 αὑτὸς
642 2585 655 2638 θ
672 2580 786 2656 κόσμος·
835 2599 910 2637 mam
923 2580 1028 2650 redire,
1036 2581 1060 2637 si
1070 2591 1203 2638 constare
1214 2578 1272 2636 sibi
1282 2579 1380 2652 vellet,
1389 2575 1508 2638 censere
1522 2579 1617 2638 debe-

34 2668 64 2726 ltl
76 2675 136 2727 τοῦτο
151 2669 328 2747 καλὍμηρος
338 2669 436 2738 ταύτην
450 2667 496 2740 τὴν
510 2669 608 2744 γένεσιν
625 2669 784 2741 ὑποτίθεται,
833 2671 882 2726 bat
899 2669 1103 2746 philosophus.

35 2759 76 2832 περὶ
95 2763 132 2816 τοὺ
155 2759 255 2823 ὑδατος·
278 2757 421 2826 Ὠκεανός,
442 2755 522 2835 ὅσπερ
547 2757 644 2834 γένεσις
660 2756 787 2815 πάντεσσι
872 2757 986 2826 Quanta
1000 2767 1093 2813 autem
1108 2754 1172 2831 ejus
1186 2755 1419 2832 sapientiaefama
1430 2755 1516 2812 luerit
1527 2773 1617 2830 quan·

35 2845 135 2903 τέτυκται.
158 2845 213 2902 Αίίἰ
237 2843 392 2902 Thaletem
414 2843 470 2901 boc
491 2863 587 2901 rerum
608 2839 785 2921 principium
835 2857 952 2919 tumque
970 2843 1047 2920 apud
1061 2843 1186 2917 aequales
1208 2844 1376 2900 auctoritate
1394 2840 1536 2913 valuerit,
1552 2860 1617 2918 per·

36 2934 136 2990 statuisse
148 2932 290 2990 affirmant
306 2931 348 2989 διδι
362 2931 392 2989 rh
408 2931 556 2990 συνεκτικὸν
569 2932 657 2990 καὶτὸ
670 2933 785 2990 εὑτὺπω-
834 2933 956 3009 spicitur
976 2950 1012 2987 ex
1031 2931 1128 2988 iliade
1148 2930 1262 3008 tripode
1273 2949 1361 2988 aureo
1380 2930 1613 2999 narratiuncula,

36 3040 65 3074 τον
82 3026 117 3076 τοὺ
137 3019 240 3096 ὑδατος,
265 3021 352 3078 velut
373 3019 543 3097 Simplicius
566 3021 598 3077 in
619 3021 787 3079 Aristotelis
834 3039 898 3096 quae
920 3018 1087 3096 apluribus
1107 3017 1301 3095 scriptoribus
1324 3017 1429 3074 litteris
1448 3017 1617 3089 consignata

37 3103 97 3182 llus.
108 3107 150 3165 lul.
166 3109 181 3164 6
197 3129 227 3179 a;
240 3111 257 3167 8
269 3129 302 3179 a,
315 3107 344 3168 b.
357 3107 406 3165 Sic
420 3108 586 3166 Heraclides
598 3108 691 3183 Alleg.
701 3109 785 3170 llum.
833 3121 884 3164 est.
901 3106 955 3163 lies
970 3106 1010 3163 ita
1024 3125 1055 3163 se
1067 3104 1164 3164 habet.
1176 3103 1403 3182 Apiscatoribus
1417 3103 1539 3160 lllilcsiis
1551 3121 1618 3160 ver-

38 3211 80 3269 etp.
90 3216 118 3250 αα
128 3215 187 3272 pag.
197 3197 232 3264 45
244 3196 294 3253 cd.
305 3195 392 3254 hlchl.
412 3218 418 3251 :
433 3197 545 3266 Θάλητα
552 3195 599 3270 μέν
610 3219 638 3272 γε
648 3195 691 3253 τὸν
702 3195 787 3268 λίιλή-
834 3194 958 3252 ticulum
974 3192 1156 3250 trahentibus
1177 3194 1294 3268 qnidam
1303 3192 1416 3268 ¹jactum
1430 3203 1547 3248 emerat.
1561 3189 1618 3247 Ex-

37 3301 73 3338 οιον
84 3282 540 3362 θμολογοῦσιττρῶτονὑποστήσασθαι
549 3285 601 3340 τῶν
614 3283 786 3360 δλωνκοσμο-
834 3295 925 3338 tracto
940 3281 1046 3338 deinde
1057 3281 1152 3355 magni
1168 3280 1306 3358 ponderis
1319 3277 1433 3356 tripode
1444 3297 1532 3334 aureo
1552 3278 1617 3334 uet-

37 3367 88 3442 γίνου
97 3371 211 3448 στοιχεῖον
231 3372 261 3429 τὸ
278 3369 391 3449 Stupri
407 3369 457 3450 γὰρ
474 3369 541 3450 ὑγρδι
562 3369 651 3452 ρὺσις,
666 3373 786 3450 εὐμαρῶς
834 3370 928 3448 phicis
946 3369 1034 3426 simili
1056 3381 1119 3425 orta
1139 3366 1337 3424 controversia
1350 3379 1408 3437 est,
1424 3365 1482 3421 illis
1494 3364 1615 3439 piscium

39 3455 62 3516 Ιίς
78 3455 159 3514 ἕκασται
180 3455 437 3533 μετοπλαττομάνη,
452 3458 515 3537 πρὸς
527 3456 557 3515 τδ
577 3459 694 3516 ποικίλον
714 3457 787 3517 εἴωθε
835 3477 866 3515 se
880 3469 1027 3534 capturum
1044 3455 1207 3514 vendidisse
1215 3452 1442 3521 affirmantibuS,
1458 3451 1513 3507 hoc
1524 3452 1617 3508 lortu-

39 3548 173 3620 μομμῦεθοι.
189 3546 260 3604 τότε
275 3545 328 3624 γάρ
342 3544 542 3620 ίξατμιζάμενον
556 3547 635 3616 αὑτῆς
649 3548 798 3624 ιἰεροῦται,·
839 3565 904 3601 nam
927 3557 1035 3601 tractus
1060 3563 1090 3601 se
1104 3542 1209 3600 emisse
1229 3542 1350 3599 dicente.
1373 3539 1437 3607 Qua
1451 3538 1618 3596 conditione

38 3628 68 3680 καὶ
81 3631 103 3684 ιθ
112 3631 259 3690 λεπτότατον
276 3631 330 3689 άπὸ
346 3633 420 3712 ἀέρος
444 3631 520 3710 αἰθήρ
538 3632 681 3690 άνάπτεται
690 3677 698 3705 ,
715 3657 786 3693 ουνι-
834 3643 955 3708 propter
968 3631 1125 3688 novitatem
1146 3631 1188 3686 rei
1203 3641 1230 3685 ct
1246 3627 1472 3702 magnitudinem
1487 3626 1618 3702 pecuniae

39 3713 91 3778 ίίνον
100 3717 157 3775 τετὸ
166 3717 284 3797 ὑδωρκαλ
292 3719 523 3796 μεταὺαλλόμενον
534 3716 633 3786 statiis
646 3722 787 3798 άπογοιιοῦ·
834 3718 869 3776 ad
883 3718 1052 3774 universum
1066 3715 1130 3790 ejus
1142 3715 1269 3773 civitatis
1283 3714 1424 3792 populum
1439 3713 1542 3780 delata,
1555 3713 1617 3788 pla·

39 3821 78 3856 oc
90 3803 157 3874 hill
168 3810 212 3876 τῆς
228 3807 353 3886 τετράδος
367 3809 419 3863 τῶν
434 3807 569 3885 στοιχείων
585 3805 675 3888 ὥσπερ
689 3807 786 3866 αθτιώ-
834 3805 1066 3883 σιιίεΑροίίίιιειιι
1081 3803 1253 3883 Delphicum
1269 3802 1399 3871 consuli,
1411 3803 1524 3859 cuinam
1538 3800 1619 3876 adju·

40 3907 94 3946 τατον
112 3893 124 3948 ὑ
140 3893 227 3963 Θαλῆς
244 3891 397 3972 ἀπεφήνατο
419 3903 545 3972 στοιχεῖον
565 3885 632 3952 εἶναι
654 3896 684 3954 εδ
704 3895 784 3974 ὑδωρ.
835 3894 927 3952 dicari
950 3895 1044 3971 tripus
1072 3892 1199 3950 deberet.
1224 3891 1302 3948 Deus
1324 3888 1474 3965 respondit
1494 3887 1538 3945 illi
1556 3906 1618 3944 esse

41 3971 148 4034 lraeterea
157 3979 255 4036 Cicero
267 3979 304 4037 de
314 3979 375 4038 Nat.
389 3979 539 4038 Deor.lib.
552 3982 578 4052 Ι,
595 3981 786 4040 roThaletcm
834 3979 960 4037 dandum
986 3980 1038 4055 qui
1065 3981 1208 4054 sapientia
1237 3991 1354 4036 caeteros
1380 3977 1510 4034 anteiret.
1542 3975 1616 4032 'l'um

41 4059 140 4138 sitaque
153 4066 318 4144 adjunxisse
333 4067 417 4124 deum
429 4069 480 4144 qui
491 4086 527 4126 ex
538 4087 572 4126 ea
583 4082 685 4126 cuncta
699 4070 788 4144 finge-
836 4069 943 4126 lllilesii
953 4086 1095 4126 consensu
1104 4067 1219 4125 Thaleti
1234 4066 1379 4144 tripodem
1395 4065 1551 4134 dederunt;
1569 4064 1618 4120 ille

62 4408 144 4468 ίίθλθίε
157 4417 224 4464 etlam
247 4416 357 4467 Slubttus
375 4417 427 4466 Eel.
443 4418 513 4477 Phys.
536 4416 577 4466 lib.
595 4420 677 4478 leap.
695 4423 719 4480 θ,
735 4422 765 4467 29
782 4432 788 4465 :
835 4418 862 4466 ts
875 4423 915 4476 τῆς
926 4417 991 4467 λίθου
1006 4422 1046 4474 τῆς
1057 4417 1194 4478 μαγνήτιδος
1203 4417 1243 4464 καί
1258 4413 1299 4464 ὑοῦ
1310 4415 1429 4477 ἠλέκτρου.
1449 4415 1480 4462 El
1495 4413 1553 4462 ibid.
1569 4415 1617 4462 27:

40 4479 97 4560 {ll-l:
106 4489 153 4532 νοῦν
162 4491 201 4535 τοῦ
212 4487 302 4548 κὺσμου
314 4489 353 4537 τὸν
368 4489 428 4546 θεάν,
436 4490 464 4536 τὸ
477 4488 501 4537 δὲ
510 4493 557 4536 πᾶν
569 4489 675 4552 θμψυχον
690 4488 740 4550 ἅμα
749 4489 788 4536 καί
835 4488 915 4552 Ἀρχὴν
925 4489 950 4536 δὲ
958 4493 1005 4535 τῶν
1017 4487 1111 4536 πάντων
1124 4488 1185 4548 ὕδωρ
1198 4487 1348 4544 ὑπεστήσατο
1361 4487 1402 4534 καὶ
1413 4486 1453 4534 τὸν
1468 4485 1558 4545 κόσμον
1576 4483 1618 4546 ὑμ-

41 4551 130 4628 {fllium
144 4558 234 4619 πλῆρες·
246 4557 331 4616 διήκειν
346 4559 371 4606 δὲ
382 4561 422 4606 καὶ
440 4559 478 4607 διά
489 4563 531 4607 τοὺ
544 4560 707 4622 στοιχειώδους
718 4561 789 4620 ὑγροῦ
835 4561 910 4622 ψυχον
921 4559 961 4606 καὶ
970 4557 1085 4619 δαιμόνων
1100 4558 1184 4620 πλήρη.

41 4629 115 4678 trapi
132 4625 189 4673 θείαν
204 4629 321 4684 κινητικὴν
335 4629 415 4676 αὑτοῦ.
435 4629 573 4678 Ciceronem
594 4632 727 4689 seutrmtur
745 4631 790 4678 La·
867 4629 916 4688 (ιο)
928 4628 1044 4686 Diogenes
1067 4627 1175 4675 Laertius
1194 4623 1235 4673 lib.
1256 4627 1274 4682 l,
1293 4629 1323 4674 tt
1342 4637 1349 4672 t
1372 4623 1446 4672 Ἔνιοι
1462 4623 1620 4674 tentanti

41 4691 122 4739 stantius
131 4694 204 4743 utria.
215 4698 293 4745 instit.
307 4697 348 4745 lib.
359 4699 380 4750 1.
393 4705 407 4746 5
420 4701 444 4746 et
459 4699 578 4749 Minucius
594 4701 660 4750 Felix
673 4713 726 4762 cap.
742 4705 777 4750 19.
835 4699 926 4758 πρῶτον
938 4696 1010 4742 εἰπεῖν
1023 4711 1092 4754 φασιν
1110 4693 1236 4748 ἀθανάτους
1252 4693 1293 4748 τὰς
1306 4692 1392 4755 istst,
1406 4693 1439 4740 ὧν
1451 4692 1502 4742 ltu
1515 4692 1619 4752 Χοιρίλοι

65 4762 104 4818 tu)
116 4765 243 4814 aristoteles
260 4766 291 4815 de
308 4767 392 4816 Anima
406 4768 448 4816 lih.
466 4769 487 4828 Ι,
503 4777 535 4818 5:
555 4771 600 4818 Καὶ
613 4770 637 4817 ἐν
653 4774 688 4830 τῷ
705 4769 752 4830 tto
765 4770 791 4817 δι’
836 4767 850 4814 θ
867 4764 972 4822 ποιητής.
988 4763 1131 4812 Plutarchus
1148 4763 1178 4811 de
1194 4763 1258 4811 Piae.
1283 4763 1342 4826 phil.
1367 4766 1409 4820 tv,
1422 4769 1456 4812 t:
1474 4763 1552 4817 Θαλῆς
1564 4760 1618 4807 ltne-

42 4838 85 4879 nu:
94 4831 156 4888 ‘luth
166 4834 191 4894 (l.
202 4847 221 4884 ο.
238 4837 278 4894 τήν
292 4838 378 4900 pixis)
391 4839 503 4900 μεμῖχθσθ
517 4855 596 4899 φασιν,
614 4839 665 4888 ὅθεν
683 4841 740 4894 icus<
750 4840 791 4888 καί
836 4836 924 4898 φήνατο
940 4840 1031 4897 πρῶτος
1047 4835 1089 4892 τήν
1104 4835 1183 4896 ψυχήν
1201 4834 1268 4895 φύσιν
1284 4834 1441 4891 θεικίννςεονή
1460 4831 1618 4885 αὐτοκίνητον.

44 4897 102 4953 ‘blla'
113 4901 170 4961 titi
180 4903 252 4953 πάντα
265 4908 338 4969 πλήρη
347 4909 404 4956 θεῶν
414 4909 480 4957 εἶναι.
497 4909 532 4958 td.
548 4911 570 4968 1,
584 4909 706 4958 οεἜοεκι
716 4909 740 4958 st
751 4909 791 4956 καθ
837 4918 909 4968 ουσιαι
925 4907 1005 4955 locum
1030 4903 1178 4965 repetierunt
1193 4903 1303 4952 sichaeus
1326 4905 1351 4951 in
1364 4905 1444 4963 Eulog.
1462 4901 1524 4959 Phys
1554 4899 1593 4946 lits.
1608 4899 1619 4947 1

44 4965 103 5022 llll:
113 4971 132 5024 tt
141 4972 170 5018 ὑν
179 4973 390 5038 &superposuisset
400 4978 516 5036 κινητικόν
527 4995 550 5026 τι
562 4979 604 5036 τήν
613 4980 691 5041 ψυχήν
702 4980 791 5027 θπολα-
837 4989 890 5036 cap.
904 4979 945 5036 lt,
959 4979 981 5035 l,
1000 4987 1024 5036 p.
1045 4978 1089 5024 θθθ
1103 4973 1142 5026 ed.
1160 4973 1236 5023 Gaisl.
1253 4980 1277 5024 et
1297 4974 1421 5024 Nemeeius
1434 4971 1463 5020 de
1476 4971 1533 5018 uat.
1550 4968 1615 5018 hom.

44 5031 88 5108 lli.
98 5037 195 5102 εῐπερτθν
209 5045 269 5092 titas
282 5045 322 5108 θφη
338 5047 415 5109 ψυχήν
430 5047 499 5109 ἔχειν.
510 5047 545 5096 θτι
562 5049 602 5096 τὸν
619 5048 712 5109 σίδηρον
724 5051 792 5095 κινεῖ.
838 5058 891 5108 cap.
915 5051 938 5094 ο.
958 5048 1041 5106 Neque
1056 5045 1129 5093 atium
1146 5048 1269 5093 auctorem
1287 5049 1386 5092 secutus
1397 5044 1436 5090 est
1453 5037 1619 5088 theodoretus

47 5101 139 5184 lltnpenes
153 5112 253 5162 laertius
271 5115 309 5165 lib.
330 5118 351 5174 l,
372 5119 400 5166 at
415 5135 422 5166 ε
436 5117 590 5179 Ἀριστοτέλης
607 5117 631 5166 st
646 5119 687 5166 καί
699 5117 792 5171 Ἱππίας
837 5118 915 5165 Setm.
929 5118 950 5164 V
967 5128 992 5176 p.
1011 5117 1041 5162 8³
1060 5113 1167 5162 serlbeus
1178 5129 1183 5160 :
1194 5114 1272 5170 Θαλῆς
1288 5113 1365 5160 τοίνυν
1378 5107 1527 5166 κε’κληιιττήν
1539 5108 1618 5170 ψυχὴν

47 5183 100 5226 θῑνθθ
114 5178 175 5229 rhu
189 5185 226 5232 ιιτὶ
237 5189 282 5241 τοῖς
300 5187 398 5250 άὺάχοις
413 5187 499 5236 διδόναι
512 5187 601 5250 ψυχάς,
613 5185 792 5249 τεκμαιρόμενον
838 5185 945 5243 ἀκίνητον
957 5185 1035 5246 φύσιν,
1051 5183 1093 5233 ubi
1116 5197 1158 5245 pro
1173 5183 1281 5240 ἀκίνητον
1295 5190 1384 5242 repone
1401 5178 1538 5236 ἀεικίνητον.
