3726 5910
268 433 326 485 ιιι
780 397 986 480 urnnocms
1007 389 1311 479 communiamus

267 545 311 604 καὶ
331 541 534 603 καταπινόντων
555 541 590 607 εἰς
603 539 705 618 γίνεσιν
723 537 753 598 rb
768 541 860 610 θνητὸν
875 542 968 614 σῶμα,
983 535 1034 616 πρδ
1081 543 1142 597 σθαι
1153 535 1274 614 δυνατόν,
1286 537 1377 613 ἐπάγει
1392 526 1432 596 ὧν
1443 536 1604 612 εἰπομεν.
1649 533 1705 596 Kal
1722 539 1815 594 ποῦ
1840 555 1843 610 γ

266 610 491 706 όδοῦδν’γε’νοιτο
514 629 551 694 εἰς
573 627 750 704 κάθαρσιν.
805 623 1036 690 trinsiunt<
1081 623 1177 684 τούτων
1197 623 1297 702 εἴρηται
1319 623 1512 695 ὑποδείκνυσιν,
1538 623 1569 680 ἰν
1592 645 1627 682 τι
1648 629 1843 700 καθαρμιη

267 715 432 790 συμύολικοῑς
445 712 661 792 παραγγάλμασιν
680 710 834 770 ἔπετάττιτό
847 733 923 768 τινων
937 708 1035 788 ἀποχή,
1081 709 1111 766 ἔν
1139 733 1171 768 τε
1188 710 1282 768 λύσει
1307 712 1431 797 ιφυχῆς·
1454 705 1487 766 ἰν’
1522 708 1677 787 ἡάποχή
1698 713 1784 766 τῶν
1822 729 1843 782 τι

266 801 372 878 μείζονα
386 801 433 876 μδν
447 800 491 858 καί
502 797 704 877 καθολικώτερον
717 797 813 876 ἔχουσα
821 796 864 855 τδν
876 797 1039 875 προηγούμε-
1080 799 1144 877 φῶν
1177 801 1222 867 τῆς
1237 795 1367 873 διαυγείας
1393 799 1438 854 τοῦ
1462 799 1612 869 σωματικοῦ
1636 796 1801 874 ὀχήματος
1831 795 1843 852 ἑ

265 911 308 946 νον
321 893 397 959 νοῦν,
409 886 539 962 ίπομίνως
556 885 582 942 δὲ
597 885 642 943 καί
659 891 705 943 τοῦ
719 890 825 964 μερικοῦ
843 885 934 944 τούτου
949 883 1038 962 ἀπείρ·
1084 883 1188 958 μελειαν
1201 887 1307 954 ποιῆται
1327 881 1476 960 πρέπουσαν
1490 887 1522 962 τῇ
1542 887 1634 940 καθα
1643 906 1652 939 ι
1662 905 1730 961 ρομ
1744 881 1820 956 εὐῃ
1837 885 1843 962 i

266 997 363 1053 γουσα,
390 967 419 1033 ού
435 973 466 1031 δν
487 973 534 1042 τήν
560 971 664 1048 μνήμην
688 971 811 1031 ἑκάστοτε
836 975 951 1044 ποιῆται·
973 961 1036 1043 οἷον,
1080 971 1122 1046 χῇ
1137 969 1193 1027 καὶ
1214 966 1495 1047 ἀπολυομένῃτιῗιν
1510 972 1605 1026 blesim
1621 973 1775 1046 καταχῶν.
1794 971 1843 1048 ἸῙ

267 1062 369 1142 μήτραν
384 1059 498 1142 ζῴουμή
513 1059 615 1117 ἰσθίειν.
657 1060 741 1117 Τοῦτο
753 1057 779 1116 δί
794 1058 887 1116 οὑτωσὶ
900 1055 1037 1134 λεγόμενον
1081 1055 1189 1132 τοιαύτῃ
1202 1053 1364 1124 ἐπιτηδεύσει
1374 1053 1582 1136 τδνκριτικθν
1596 1053 1656 1112 ἔπε’
1664 1078 1727 1126 στη
1742 1079 1791 1114 σε
1811 1051 1843 1130 λη

267 1149 322 1216 ίνός
335 1172 401 1215 τινος
420 1148 558 1227 ἀφίστησιν
574 1151 644 1219 ἡμᾶς
658 1147 710 1203 τῶν
725 1144 785 1223 περὶ
808 1149 868 1221 γῆν,
882 1143 926 1201 καί
944 1143 1036 1202 τούτου
1081 1141 1203 1218 σμύν,τδν
1211 1141 1349 1215 δυνάμενον
1356 1140 1404 1211 τὴν
1411 1146 1455 1200 τοῦ
1462 1142 1607 1217 αὐγοειδοῦς
1618 1141 1843 1219 θεραπείαντῇγ

267 1236 451 1314 σμικροτάτου.
493 1232 557 1292 ’Etr
578 1231 605 1291 δὲ
620 1234 655 1298 εἰς
674 1231 704 1290 τὸ
718 1231 842 1289 πολύνουν
855 1236 900 1300 τῆς
916 1231 1036 1306 Πυθαγο·
1081 1228 1203 1304 θαρότητι
1226 1231 1272 1298 τῆς
1294 1229 1379 1305 ψυχῆς
1403 1225 1539 1306 σύμφωνον
1563 1227 1724 1286 ἀποδοῦναι.
1752 1219 1843 1298 Arioi

179 1341 180 1344 ’
267 1326 340 1402 ρικῆς
356 1323 496 1398 βαθύτητος
518 1318 626 1396 ἀπίδῃς,
647 1317 695 1388 τὴν
707 1319 767 1387 ὅλης
779 1321 825 1388 τῆς
838 1316 960 1395 γενέσεως
972 1318 1037 1374 ἀπο·
1080 1319 1118 1385 ήν
1129 1317 1137 1373 ί
1143 1338 1220 1394 οχον
1229 1313 1360 1391 γνώμην
1371 1313 1447 1371 αὑτὸν
1455 1313 1843 1394 προσηγόρευσενὼςὲφεστή

265 1408 317 1487 χήν
329 1407 362 1466 δι’
377 1405 431 1470 tric
441 1428 504 1469 τινος
516 1402 726 1482 παραδείγματος
738 1402 892 1480 διδαχθήση·
907 1401 952 1458 καί
964 1404 998 1466 ὡς
1010 1405 1036 1460 ἰν
1081 1403 1214 1480 πεφυκότα
1233 1405 1264 1478 τῇ
1286 1405 1331 1458 τοῦ
1346 1397 1477 1478 ὀχήματος
1491 1399 1605 1478 εὐταξίᾳ.
1622 1401 1786 1478 Γνώμην
1811 1401 1843 1478 μή

268 1495 390 1571 βρώμασι
413 1495 487 1548 τοῦτο
507 1491 535 1548 ού
554 1490 759 1568 προσοισόμεθα,
777 1487 856 1554 οὕτως
878 1489 905 1545 ἐν
925 1488 977 1552 τοῖς
992 1494 1038 1546 τοῦ
1082 1486 1121 1543 ότι
1134 1487 1241 1563 λογικῆς
1253 1488 1338 1564 ψυχῆς
1353 1486 1460 1552 δύναμις
1469 1473 1655 1562 ἦνὴνίοχον
1668 1485 1702 1542 δέ
1707 1529 1717 1558 ,
1746 1485 1796 1543 ὅτι
1815 1491 1843 1578 ‘i

267 1580 416 1653 αιἰγοειδοῦς
425 1575 573 1654 καθαρσίοις
581 1575 611 1634 τό
626 1575 678 1633 ἀπὸ
692 1574 783 1634 τούτου
794 1575 931 1651 νοούμενον
944 1575 1037 1646 ἰπιτη-
1081 1573 1196 1648 τιτομένη
1207 1571 1251 1630 καὶ
1262 1574 1434 1630 ἰπιστατοῦσα
1448 1574 1494 1628 τοῦ
1508 1567 1688 1646 σώματοςΤο
1699 1569 1730 1628 δὲ
1748 1575 1843 1649 §putri

267 1665 402 1740 δεύσομεν.
457 1662 571 1737 Ὁμοίοις
592 1663 619 1722 δί
633 1661 722 1720 καὶτὸ
737 1661 847 1741 καρδίαν
872 1659 909 1738 μή
931 1660 1035 1734 ἐσθίειν,
1080 1656 1154 1734 όμμα
1164 1655 1228 1734 ὑπὲρ
1238 1656 1388 1734 τὸνήνίοχ
1395 1655 1571 1716 οντίτακται.
1588 1656 1683 1734 Εἷγθρ
1694 1657 1746 1714 καὶ
1762 1657 1817 1733 μία
1826 1664 1843 1736 i

265 1747 464 1829 προηγουμένως
476 1747 522 1824 μίν
534 1751 569 1814 εἰς
584 1749 630 1816 τήν
646 1753 692 1807 τοῦ
706 1751 814 1823 θυμικοῦ
828 1744 989 1806 κατάστασιν
1000 1745 1038 1822 μή
1080 1765 1100 1822 χ
1103 1743 1132 1814 ri,
1144 1746 1201 1801 ἀλλ’
1213 1743 1314 1820 ὄμματι
1323 1743 1370 1820 μὲν
1380 1734 1431 1804 οἷον
1441 1744 1569 1824 θεωριῖτδ
1581 1749 1626 1814 τῆς
1635 1741 1843 1826 ἀληθείαςπεέή

268 1836 336 1896 ἰίναι
345 1837 424 1913 λέγει·
438 1835 496 1894 κατ’
511 1833 713 1903 ἐπακολούθησιν
726 1833 764 1903 δι’,
775 1832 819 1890 καί
833 1831 881 1904 τήν
893 1831 983 1891 τούτου
994 1837 1037 1891 τοῦ
1081 1835 1113 1910 τῇ
1128 1829 1154 1888 δὲ
1169 1831 1288 1908 ἀναλόγῳ
1300 1830 1363 1912 πρὸς
1382 1833 1460 1908 χεῖρα
1475 1831 1581 1906 δυνάμει
1602 1829 1632 1888 rb
1647 1832 1778 1912 συμφυὲς
1794 1837 1843 1910 συγ

267 1922 363 2004 μόρους
380 1920 480 2000 ἀποχήν
491 1923 641 1998 εἰσηγεῖται.
660 1919 739 1980 ἰίατά
753 1918 780 1977 δὲ
795 1915 840 1978 τδν
859 1917 936 1978 αιἰτδν
949 1919 1036 1996 λόγον,
1081 1917 1202 1996 κατέχει,
1218 1918 1262 1976 καὶ
1278 1918 1342 1996 πρδς
1357 1918 1451 1988 ἑαυτήν
1463 1917 1625 1998 ἐπιστρέφει,
1636 1915 1670 1974 ἵν’
1687 1919 1742 1988 ε’λη
1758 1920 1843 1996 πρθςι

266 2010 311 2068 καί
323 2010 353 2068 rb
366 2009 525 2084 θνησιμαίων
540 2007 684 2086 ἀπέχεσθαι
705 2007 761 2066 ’δεῖν
774 2006 976 2084 θεωρήσομεντδ
991 2003 1038 2084 μὲν
1081 2005 1266 2084 θεῖονίδῃ,καί
1276 2005 1321 2075 τὴν
1333 2005 1403 2064 θείαν
1414 2005 1537 2082 δμοίωσιν
1545 2005 1688 2076 κτήσηται.
1715 2005 1778 2063 Καὶ
1791 1997 1843 2078 θμί

267 2095 327 2155 όλον
342 2099 389 2166 τῆς
408 2099 502 2166 θνητῆς
515 2093 615 2175 φύσεως
628 2093 762 2172 ἀπείργειν
785 2098 865 2168 ἡμᾶς,
889 2093 940 2164 ἤδη
953 2091 979 2150 δί
993 2091 1038 2152 καί
1081 2091 1192 2150 καθόλου
1201 2096 1246 2162 τῆς
1260 2093 1360 2171 ἀπαχῆς
1370 2089 1448 2158 τύπος
1456 2096 1579 2166 τοιοῦτος,
1590 2090 1635 2148 καί
1646 2091 1790 2149 τοσούτων
1803 2095 1843 2166 ἀγα

266 2186 315 2252 riis
335 2185 386 2241 τῶν
410 2182 509 2240 ἀθύτων
532 2180 576 2238 καί
600 2179 707 2260 ἀνιέρων
730 2184 834 2256 σαρκῶν
856 2178 1036 2259 μεταλήψεως.
1082 2183 1132 2236 θῶν
1147 2177 1343 2257 στοχαζόμενος·
1365 2176 1399 2235 rb
1416 2176 1443 2235 δί
1471 2177 1514 2235 ἐπί
1534 2177 1627 2255 με’ρσυς
1653 2179 1680 2234 ἀν
1707 2186 1768 2244 τοῖς
1794 2179 1843 2254 ἱερά

266 2267 372 2328 Δίκαιον
386 2267 437 2345 γὰρ
446 2270 496 2324 τῶν
512 2265 677 2342 συμθολικῶν
688 2266 861 2332 νουθετήσεων
874 2265 919 2324 καὶ
935 2265 965 2324 rb
975 2287 1037 2342 προ·
1082 2265 1277 2346 ἀποφθέγμασιν
1294 2267 1320 2322 ἰν
1334 2264 1475 2344 ἀπορρήτῳ
1486 2264 1655 2346 παρεδίδοτο’
1663 2255 1703 2323 ὧν
1718 2265 1843 2328 &aaron

184 2359 188 2368 “
267 2351 422 2431 φαινόμενον
438 2351 592 2431 φυλάττειν,
614 2353 659 2411 καί
672 2352 702 2410 rb
716 2352 778 2412 εἰσω
798 2349 946 2427 νοούμενον.
988 2352 1038 2412 Ἕκ
1083 2352 1127 2410 καί
1141 2349 1248 2430 μερικὴν
1273 2351 1375 2430 ἀποχήν
1394 2353 1539 2426 εἰσηγεῖτο,
1553 2341 1626 2418 οἷον,
1645 2351 1765 2426 κυάμων
1781 2349 1843 2428 μὲνγ

266 2437 316 2516 γδρ
328 2443 374 2508 τῆς
385 2442 505 2516 συνεχοῦς
518 2443 563 2496 τοῦ
579 2439 732 2517 φαινομένου
741 2438 874 2517 τηρήσεως
887 2441 904 2510 ἡ
919 2442 969 2496 τῶν
982 2461 1038 2513 μει·
1085 2437 1238 2517 σπέρμασι,
1254 2437 1402 2509 θνησειδίων
1417 2437 1444 2495 dl
1459 2439 1485 2494 ἰν
1507 2435 1598 2517 ζῴοις,
1617 2436 1785 2498 καὶτούτων
1799 2457 1843 2500 m

267 2525 346 2591 ζόνων
367 2527 508 2600 μελετᾶται
530 2525 696 2604 κατύρθωσις.
748 2525 839 2591 Οὕτως
852 2517 895 2584 οἰκ
922 2525 966 2584 καὶ
993 2531 1038 2583 νῦν
1085 2523 1220 2601 γένος,ὡς
1237 2525 1281 2582 inl
1295 2524 1389 2602 ἰχθύων
1408 2523 1437 2582 τό
1452 2525 1583 2603 ἰρυθρίνου
1598 2522 1767 2604 ἀπέχεσθαι,
1782 2521 1843 2581 zeii

267 2610 442 2686 ἀκουσόμεθα,
453 2615 488 2676 ὡς
510 2610 552 2668 did
567 2612 731 2691 βραχυτάτου
743 2615 787 2669 τοῦ
802 2612 895 2689 λόγου,
910 2611 1037 2686 μεγίστων
1084 2612 1214 2690 χερσαίαις
1234 2609 1328 2682 ἀλλον,
1344 2609 1387 2666 καὶ
1403 2611 1488 2690 ἐτέρου
1504 2609 1569 2674 urb<
1580 2611 1606 2666 ἰν
1621 2617 1754 2686 πτηνοῖς,
1774 2610 1818 2668 καὶ
1832 2629 1843 2682 φ

230 2723 235 2732 ·
267 2693 348 2774 ἰργων
364 2695 447 2773 ἀρχδς
460 2700 525 2766 ἡμῖν
540 2679 678 2761 ἰνδιδόύτος
692 2702 737 2756 τοῦ
751 2696 838 2763 ἔπους.
896 2697 940 2757 Εἰ
955 2720 1039 2775 ργου
1084 2699 1243 2774 τελευταῖον,
1257 2695 1323 2776 με’ρη
1335 2694 1393 2753 rud
1403 2695 1475 2772 ζῴοιν
1486 2697 1658 2774 ἀπηγόρευεν,
1671 2687 1737 2754 οἷον·
1750 2685 1843 2782 κεφαλή

267 2780 318 2858 γάρ
333 2803 396 2862 φησι
421 2782 658 2861 βρωμάτων,δ
681 2782 773 2841 ταυτόν
789 2785 843 2841 ἐστι
863 2787 917 2861 τῷ,
939 2783 1040 2861 ἀπέχου
1087 2783 1123 2858 μή
1137 2783 1240 2855 ἰσθίειν,
1253 2781 1318 2859 μηδὲ
1334 2784 1452 2862 καρδίαν·
1467 2783 1536 2859 ὅμως
1546 2782 1590 2840 καί
1606 2785 1633 2840 ἰν
1645 2783 1755 2862 ἑκάστῳ
1770 2783 1843 2860 wissa]

267 2868 387 2947 φθαρτῶν
399 2867 538 2945 σωμάτων.
578 2868 654 2928 Ἐπεὶ
668 2868 695 2928 δὲ
710 2871 738 2927 οὐ
758 2869 861 2928 πάντων
875 2876 919 2928 νῦν
939 2871 1038 2948 ἀπάχι-
1058 2833 1065 2926 ί
1090 2869 1137 2941 τήν
1151 2869 1300 2940 τελειότητα
1315 2873 1360 2940 τῆς
1375 2869 1525 2948 καθάρσεως
1545 2871 1746 2927 ἐναπετυποῦτο
1760 2867 1843 2946 ὁλύγη

276 2997 1570 3011 ffl——m——n—-ffl
1793 2993 1843 3008 ··-·“ί

1842 3017 1843 3024 ι

264 3055 370 3128 disces3
383 3068 411 3112 et
422 3055 660 3132 quemadmodum
675 3055 729 3115 boc
738 3057 769 3114 in
781 3056 855 3116 cibis
870 3077 928 3115 non
940 3077 1035 3116 come·
1085 3058 1256 3135 llujusmodi
1271 3071 1366 3116 autem
1380 3057 1476 3116 studio
1491 3058 1631 3116 rationem
1646 3061 1774 3130 judirem
1787 3075 1843 3132 prati

181 3207 183 3212 .
265 3141 381 3212 demus,
393 3142 435 3198 sic
448 3142 478 3199 in
502 3141 591 3201 lucidi
614 3143 744 3219 corporis
766 3142 986 3202 lustrationibus
1004 3144 1034 3201 id
1085 3145 1166 3216 iecit,
1179 3164 1242 3220 quar
1261 3144 1351 3202 lucidi
1365 3145 1499 3221 corporis
1511 3164 1609 3202 curam
1631 3145 1725 3202 animi
1746 3137 1843 3220 puritas*

170 3275 173 3283 .
265 3227 343 3306 quod
357 3246 390 3286 ea
405 3248 436 3286 re
457 3229 636 3303 significatur
652 3229 880 3288 observabimus.
896 3229 1036 3286 Similiter
1083 3243 1287 3305 congruentem
1309 3229 1429 3288 reddere
1449 3231 1549 3308 possit.
1572 3230 1760 3308 Quapropter
1780 3241 1843 3298 eim

265 3333 336 3372 vero
349 3327 377 3372 et
390 3315 478 3385 illud,
494 3337 584 3373 corne
597 3320 736 3384 comedas,
755 3317 899 3396 praecipue
919 3317 1035 3393 quidem
1082 3324 1191 3372 ctriccnr
1201 3331 1318 3373 mentem
1329 3335 1390 3374 eam
1403 3315 1569 3394 appellavit,
1584 3315 1697 3392 quippe
1712 3335 1776 3392 quae
1786 3331 1843 3396 ¹¹¹²i

265 3401 1037 3477 nos,neiracundiaeindulgeamus‚admonet,deinde
1085 3417 1149 3460 tura
1173 3415 1337 3482 comparata
1364 3403 1401 3460 sit
1424 3403 1460 3459 ad
1483 3400 1649 3458 vehiculum
1676 3401 1734 3458 rite
1758 3398 1843 3473 guber

266 3501 359 3544 autem
372 3501 403 3545 ut
415 3489 450 3546 ab
465 3489 519 3545 lroc
530 3489 614 3546 etiam
627 3489 757 3547 membro
770 3489 961 3548 abstineamus
971 3509 1038 3565 prar-
1084 3491 1208 3548 nandum
1239 3513 1246 3548 ε
1277 3495 1406 3546 rncntem'
1432 3487 1562 3566 quidem,
1603 3487 1674 3564 quia
1712 3484 1843 3554 rationalis

265 3562 345 3652 cipit.
360 3575 426 3633 l‘ari
439 3588 533 3633 autem
552 3578 662 3634 ratione
680 3575 844 3632 ridebimus
863 3588 891 3631 et
911 3573 1000 3646 illud,
1019 3595 1038 3629 a
1085 3578 1202 3656 facultas
1216 3591 1270 3650 est,
1282 3585 1424 3634 rectricem
1438 3589 1530 3634 autem
1541 3618 1550 3646 ,
1563 3574 1642 3651 quod
1662 3574 1781 3652 corpori
1797 3587 1843 3646 ιιιογ

264 3665 393 3717 carnibus
412 3668 561 3718 morticinis
582 3664 786 3728 abstinendum,
814 3678 866 3716 nos
889 3660 1038 3716 omninoa
1085 3666 1202 3722 deretur
1235 3677 1263 3722 et
1288 3665 1395 3741 praesit.
1423 3663 1562 3720 Caeterum
1593 3661 1697 3718 oculus
1733 3669 1843 3726 accurata

266 3748 380 3805 mortali
395 3759 496 3806 natura
510 3767 624 3818 arcere,
638 3747 696 3824 jam
708 3765 779 3804 vero
791 3758 844 3804 eta
855 3746 1038 3803 comedendis
1084 3757 1269 3828 prospectans
1293 3757 1401 3808 rectrici
1429 3747 1627 3827 superpositus
1649 3760 1705 3806 est.
1725 3741 1843 3816 Quamvis]

265 3833 400 3892 carnibus
413 3835 448 3891 ad
469 3835 610 3892 sacrificia
626 3833 744 3891 minime
755 3834 838 3910 -aptis
852 3847 879 3890 et
900 3833 1037 3909 profanis.
1083 3838 1159 3894 enim
1184 3844 1292 3894 animus
1312 3857 1387 3894 nnus
1408 3837 1464 3909 sit,
1485 3835 1570 3894 oculo
1587 3847 1682 3892 tamen
1699 3835 1777 3890 velut
1790 3847 1843 3906 con-r

266 3918 300 3976 ln
324 3920 493 3996 symbolicis
514 3923 590 3978 enim
614 3921 763 3998 praeceptis
784 3934 812 3977 et
835 3920 866 3976 id
890 3919 1036 3977 observari
1085 3923 1238 4000 templatur
1258 3923 1388 3983 veritatis
1402 3942 1554 3999 campum,
1574 3939 1609 3978 ea
1632 3939 1706 3978 vero
1731 3911 1843 3988 facultati

267 4019 379 4081 oportet
393 4006 470 4082 quod
483 4020 578 4084 aperte
590 4007 696 4065 dicitur
709 4019 738 4064 et
751 4006 830 4083 quod
842 4016 915 4066 tecte
929 4006 1039 4080 signifi·
1085 4030 1149 4085 quae
1164 4030 1264 4069 manus
1273 4011 1363 4068 instar
1372 4025 1414 4068 est
1424 4029 1528 4086 corpus
1538 4007 1738 4066 consociatum
1747 4000 1843 4072 cobibetr

268 4103 358 4147 catur.
374 4091 502 4168 Namque
516 4093 627 4150 assidua
641 4092 704 4168 ejus
716 4092 794 4169 quod
807 4103 924 4169 apparet
937 4091 1039 4149 obser·
1086 4109 1171 4172 atque
1182 4097 1216 4154 ad
1232 4116 1262 4156 se
1281 4098 1438 4166 convertit,
1451 4109 1482 4154 ut
1504 4108 1580 4153 totus
1602 4094 1694 4151 Deum
1719 4095 1843 4150 iniuntur:

268 4181 382 4234 ratione
395 4178 430 4234 ad
452 4179 561 4253 majora
574 4181 659 4235 etium
676 4181 730 4237 rite
751 4179 911 4255 peragenda
927 4197 1039 4255 praepa·
1086 4181 1271 4258 divinamque
1280 4182 1499 4240 similitudinem
1510 4181 1698 4258 adipiscatur.
1710 4169 1843 4236 Generalis,

270 4281 378 4320 ramur.
399 4263 447 4320 Sic
459 4265 547 4337 igitur
558 4278 586 4321 et
604 4284 680 4322 nunc
698 4265 890 4338 intelligemus
905 4279 1035 4334 carmen,
1086 4268 1174 4342 igitur
1188 4267 1366 4326 abstinentiae
1379 4269 1471 4326 forma
1483 4266 1649 4343 hujusmodi
1670 4279 1716 4322 est
1731 4269 1843 4331 tantaque*

269 4361 301 4405 ut
317 4348 395 4423 quod
408 4347 506 4405 verbis
522 4349 703 4425 paucissimis
718 4349 907 4405 maximorum
920 4369 1038 4426 operum
1086 4355 1162 4412 bona
1176 4357 1247 4433 petit
1261 4376 1267 4412 ι
1281 4355 1401 4430 singulae
1418 4369 1510 4413 autem
1529 4353 1705 4430 ejus‘partes
1727 4353 1754 4409 in
1769 4342 1833 4404 sarrit

269 4435 414 4514 principia
428 4435 512 4494 nobis
526 4436 626 4508 tradat.
641 4437 719 4493 Dicit
732 4437 827 4506 enim,
842 4441 947 4492 abstine
958 4441 1037 4504 cibis,
1087 4441 1236 4499 sententiis
1246 4454 1355 4499 secreto
1365 4439 1565 4514 tradebantur3
1577 4457 1699 4514 quarum
1713 4435 1761 4496 etsi
1774 4445 1831 4488 sunu

270 4523 349 4600 quod
369 4523 444 4581 idem
470 4536 512 4580 est
526 4542 558 4579 ac
575 4525 599 4580 si
621 4523 743 4594 dicatur,
757 4542 774 4579 a
788 4522 962 4600 corporibus
978 4544 1040 4580 cor·
1086 4547 1207 4604 quaeque
1220 4542 1248 4585 et
1262 4527 1465 4604 particularem
1480 4525 1684 4584 abstinentiam
1708 4515 1830 4605 suadehib

270 4609 400 4688 ruptioni
415 4609 549 4667 obnoxiis
564 4607 684 4667 abstine.
702 4610 739 4666 nr
752 4629 840 4686 quum
854 4608 890 4667 ab
907 4610 1041 4667 omnibus
1086 4614 1166 4671 velut
1179 4613 1307 4672 labarum
1330 4615 1359 4671 in
1378 4612 1547 4679 seminibus,
1566 4610 1737 4668 cadaverum
1751 4607 1776 4662 iu
1790 4615 1831 4655 ιω·

270 4715 347 4754 nunc
371 4695 514 4755 abstinere
537 4715 595 4753 non
617 4697 781 4773 possimus,-
795 4696 960 4772 subjungit,
977 4718 1042 4771 quos
1088 4700 1227 4772 malibus,
1238 4715 1322 4776 atque
1333 4701 1363 4757 in
1375 4699 1419 4758 bis
1431 4698 1587 4756 secundum
1602 4715 1728 4770 genera,
1739 4691 1800 4751 reiut
1808 4685 1828 4738 il

269 4787 403 4841 dicimus.
422 4783 514 4859 Atque
536 4781 586 4841 ubi
602 4782 638 4840 de
659 4781 704 4841 bis
719 4783 826 4840 dictum
842 4782 879 4840 sit
898 4783 1040 4855 ostendit,
1087 4786 1216 4863 piscibus
1238 4785 1410 4844 rubellionis
1432 4784 1635 4841 abstinentiam
1655 4795 1740 4858 atque
1756 4778 1828 4834 inter·

269 4891 331 4926 cum
344 4877 373 4926 in
394 4869 614 4940 imitationibus,
633 4884 688 4927 tum
709 4876 737 4925 in
750 4877 920 4946 purgatione
935 4877 1024 4928 animi
1033 4915 1041 4943 ,
1089 4871 1230 4930 restribus
1246 4872 1320 4929 nlius
1334 4884 1361 4928 et
1379 4872 1452 4928 alius
1466 4869 1616 4946 cujusdam
1632 4870 1664 4926 in
1681 4855 1817 4930 aribus,de

271 4968 303 5012 ut
316 4955 447 5014 ciborum
470 4956 643 5014 abstinentia
658 4957 789 5033 corporei
805 4957 931 5015 vehiculi
946 4958 1042 5034 splen·
1090 4959 1210 5034 niqueet
1217 4969 1310 5035 partes
1317 4956 1602 5033 aliquasanimalium
1616 4953 1730 5012 comedi
1738 4941 1825 5006 enata

272 5039 370 5098 dorem
387 5044 420 5098 ed
434 5056 513 5100 curet
526 5042 695 5118 diligentis,
708 5062 773 5119 quae
785 5049 880 5100 animo
892 5046 1044 5120 purificato
1090 5057 1122 5101 ut
1136 5057 1221 5121 caput
1230 5057 1258 5101 et
1267 5065 1317 5101 cor
1333 5065 1340 5100 ι
1357 5057 1449 5101 tamen
1465 5043 1495 5100 in
1511 5041 1556 5099 his
1570 5041 1658 5100 etiam
1672 5035 1780 5113 singulis
1792 5041 1824 5118 pfl·

271 5138 301 5182 et
321 5127 516 5187 materialibus
541 5129 756 5207 impedimentis
778 5135 866 5188 solino
881 5131 1042 5190 conveniat.
1092 5129 1474 5208 sificationisperiectionem
1485 5147 1580 5186 sermo
1603 5127 1757 5204 expressit,
1769 5117 1843 5183 lulli,

1432 5208 1441 5231 θ
