3776 5926
742 389 922 449 ORI’HICA.

97 513 228 588 γενέσεως
250 517 315 591 ἡμῖν
339 515 559 596 προσπεφυκότων
584 561 721 579 ......
735 528 824 578 πᾶσαν

99 599 128 658 δὲ
153 601 201 670 τὴν
216 603 284 672 ζωὴν
299 605 336 668 εἷς
355 605 403 674 τὴν
416 602 556 680 εὐδαίμονα
569 605 730 684 περιάγουσα
753 607 822 679 ζωὴν

99 687 155 744 ἀπὸ
172 691 217 758 τῆς
232 691 293 767 περὶ
306 689 353 760 τὴν
367 689 466 768 γένεσιν
486 691 605 766 πλόνης,
618 685 648 764 ἧς
663 694 708 751 καὶ
722 697 746 752 οἱ
760 697 823 773 παρ’

99 773 194 856 Ὀρφεῖ
209 779 248 856 τῷ
266 779 384 856 Διονύσῳ
404 779 496 858 καίτῇ
520 778 592 859 Κόρη
609 781 758 854 τελούμενοι
777 805 822 840 τυ·

96 865 157 939 μεῖν
171 861 309 942 εὔχονται,
321 863 416 922 κύκλου
427 864 450 922 τ’
461 864 492 923 διν
505 865 581 932 λῆξαι
594 871 653 928 κτλ.
668 859 708 927 AV
721 888 775 944 pro
791 866 822 924 δν

97 953 233 1007 substitui
248 973 313 1008 cum
328 953 416 1010 Galeo
430 955 466 1009 ad
477 955 626 1013 Iamblich.
640 956 676 1012 de
690 959 774 1029 Myst.
790 976 822 1030 p.

98 1037 185 1114 3νιν)

380 1163 487 1224 XLVI.

95 1283 156 1340 Νῦν
172 1281 195 1338 δ’
210 1281 257 1358 όγι
276 1305 320 1356 μοι
340 1280 421 1360 κούρη
437 1281 594 1358 Πιμπληῖδις
608 1285 697 1344 ἔννεπε
714 1288 818 1346 Μοῦσα.

139 1394 265 1468 (Ττοῑαεε
283 1395 320 1450 ad
338 1397 483 1471 Lycophr.
500 1416 542 1457 vs.
563 1397 631 1468 275,
651 1399 701 1452 ubi
720 1399 823 1474 legitur

96 1477 259 1557 Λειόηθρίην
284 1482 306 1538 δ’
321 1480 417 1566 ύπερθε1
442 1481 592 1558 Πιμπλείας
615 1483 727 1554 σκοπήν,
744 1488 823 1542 mitat

97 1569 207 1641 Orphei
222 1587 332 1624 versum
342 1573 387 1626 νῦν
399 1569 421 1624 δ’
432 1568 477 1645 όγε
488 1572 546 1628 κτλ.
557 1572 665 1628 addens
675 1591 681 1627 :
691 1570 819 1650 Ἐπείπερ

96 1651 226 1732 Ὀρφεύς,
245 1653 314 1732 ἀρχὴ
329 1653 376 1712 καί
391 1654 480 1731 πατὴρ
495 1655 620 1733 ύποίρχων
632 1659 683 1713 τῶν
694 1662 820 1730 ποιητῶν,

97 1737 214 1818 κατῴκει
236 1741 296 1817 περὶ
316 1741 360 1798 τὸν
382 1740 513 1800 Ἑλικῶνα
534 1743 579 1799 καί
602 1743 631 1800 τὸ
654 1742 820 1823 Λειθήθριον,

98 1827 296 1901 ἐμυθολογήθη,
312 1829 348 1895 ὡς
362 1831 388 1884 αί
405 1833 508 1886 Μοῦσαι
524 1828 582 1907 περί
601 1829 659 1895 τοὺς
678 1832 761 1888 ἐκεῖσε
777 1832 822 1888 τό-

96 1935 164 1978 πους
176 1915 286 1974 οἰκοῦσι.
303 1915 383 1972 Idem
398 1917 435 1972 ad
448 1937 491 1974 vs.
512 1925 568 1982 41⁰
582 1920 739 1992 Orphicum
759 1939 821 1975 ver·

96 2023 161 2058 sum
175 2016 305 2077 repetens
318 2024 372 2078 pro
387 2001 543 2078 Πιμπληϊύς
556 2006 642 2062 hahet
655 2003 820 2083 Λειύηθριοίς.

96 2097 136 2146 At
168 2089 291 2148 Chiliad.
327 2091 388 2162 VII,
419 2101 478 2167 949
519 2091 678 2169 Λειόηθριίς.
715 2097 822 2152 Rursus

97 2175 258 2250 Πιμπληϊίις
268 2190 308 2234 est
319 2181 347 2232 in
359 2181 484 2235 carmine
493 2181 610 2236 Maximi
624 2199 662 2238 vs.
677 2187 728 2246 τό]
742 2183 820 2256 apud

97 2266 260 2322 fabricium
284 2267 359 2324 BibI.
381 2268 429 2324 Gr.
446 2269 509 2324 Vol.
535 2265 602 2324 VIII
616 2287 647 2342 p.
670 2274 739 2333 [γοα.
756 2272 820 2326 IIuc

96 2351 210 2407 accedit
224 2353 304 2426 quod
317 2354 363 2411 Jo.
377 2357 487 2409 Tzetzes
501 2357 588 2429 Exeg.
607 2358 691 2414 Hom.
704 2374 758 2414 ms.
769 2357 820 2416 IuI.

96 2458 127 2512 9,
138 2441 232 2512 a‚ait:
249 2441 274 2498 T
276 2444 335 2497 οῦτο
348 2437 375 2496 δὲ
389 2437 500 2518 Ὀρφεύς
521 2438 680 2521 σαφέστερον
695 2443 822 2519 παραδεί-

96 2546 189 2582 κνυσι·
208 2523 362 2604 Δειθήθριος
384 2525 436 2605 γδιρ
454 2523 491 2584 ὢν
510 2527 588 2608 φησί·
604 2532 648 2585 νῦν
670 2527 691 2585 δ’
709 2528 755 2605 οίγι
777 2552 821 2607 μοι

94 2609 178 2691 κούρη
194 2611 350 2692 Λειὸηθριθς
364 2611 453 2671 ἔννεπε
473 2617 580 2672 Μοῦσα·
595 2628 623 2672 et
643 2616 695 2674 sol.
716 2617 817 2689 13,b:

94 2699 161 2778 φησὶ
190 2701 241 2779 γὰρ
267 2701 361 2766 ἐκεῖνος
384 2699 409 2783 [ὁ
441 2698 563 2782 Ὀρφεύς]
596 2701 750 2782 Κειύήθριος
771 2703 819 2780 ὤν,

93 2791 139 2844 νῦν
153 2787 175 2844 δ’
187 2787 235 2865 όγε
249 2809 294 2864 μοι
308 2787 389 2866 κούρη
402 2788 588 2856 Κωνσταντιδς
602 2789 691 2849 ίννεπι
703 2795 819 2870 Μοῦσα.)

368 2912 487 2973 XLVII.

94 3019 160 3088 Εἶτ’
174 3027 207 3088 δν
219 3028 252 3101 δή
267 3053 311 3106 μιν
322 3030 394 3102 ίδηαι
409 3032 459 3090 ὑπὸ
471 3034 559 3112 δρυσίν
571 3033 736 3112 ὑψικόμοισιν

94 3116 209 3195 ἔργοισιν
223 3117 350 3194 μεθύοντα
364 3119 514 3196 μελισσάων
526 3121 686 3201 έριύύμόων,

95 3206 191 3264 αὐτίκα
204 3229 248 3282 μιν
264 3207 353 3278 δῆσον.

135 3325 322 3402 (Ροιῳθγτίαε
342 3328 377 3384 de
400 3341 482 3386 antro
497 3332 620 3406 Nymph.
636 3351 666 3405 p.
692 3332 747 3390 118
773 3333 818 3392 ed.

95 3413 213 3472 Barnes.
231 3433 237 3467 :
255 3410 334 3472 Οὕτω
348 3413 421 3494 παρὰ
442 3419 480 3494 τῷ
493 3415 589 3495 Ὀρφεῖ
610 3419 627 3487 ἡ
644 3417 735 3495 Κόρη,
751 3416 819 3497 ἤπερ

96 3497 149 3554 ἐστὶ
163 3497 264 3564 παντὸς
278 3505 324 3558 τοῦ
341 3501 513 3577 σπειρομένου
527 3501 632 3582 ἔφορος,
646 3505 819 3584 ίστουργοῦσα

94 3583 282 3662 παραδίδοται.
302 3629 309 3646 .
326 3631 332 3645 .
348 3629 354 3642 .
374 3588 455 3665 Παρδι
469 3592 506 3668 τῷ
518 3589 612 3668 Ὀρφεῖ
626 3593 640 3649 δ
655 3589 752 3668 Κρόνος
769 3591 819 3669 μί-

93 3671 143 3728 λιτι
155 3669 208 3728 ὑπὸ
224 3669 285 3739 Διὸς
301 3672 470 3749 ἐνεδρεύεται.
492 3676 622 3746 Πλησθείς
640 3676 691 3754 γὰρ
713 3677 818 3753 μέλιτος

93 3759 184 3832 μεθύει
203 3761 249 3816 καί
261 3767 413 3832 σκοτοῖῖται,
429 3764 464 3828 ὡς
483 3763 535 3819 ιἰπδ
548 3762 629 3838 οίνου,
643 3764 688 3824 καί
705 3768 819 3824 ὑπνοῖ-

93 3843 165 3904 ούπω
179 3846 231 3926 γίιρ
248 3838 313 3914 οἶνος
327 3841 369 3920 ἦν.
388 3849 463 3920 Φησὶ
481 3849 532 3930 γὰρ
547 3855 610 3930 παρ’
624 3852 716 3930 Ὀρφεῖ
730 3857 745 3922 ἡ
764 3853 818 3922 Νὺξ

93 3936 128 4010 τῷ
143 3933 189 3991 Διί
200 3935 374 4010 ύποτιθεμίνη
389 3934 432 3994 τὸν
445 3936 488 3997 δεδι
504 3938 608 4012 μέλιτος
622 3939 705 3998 δόλον·
721 3931 773 3997 εὖτ’
786 3939 816 3998 διν

94 4018 124 4089 δή
139 4042 185 4094 μιν
198 4023 259 4081 κτλ.
274 4021 288 4082 δ
303 4023 347 4080 καὶ
362 4022 459 4102 πύσχει
469 4027 483 4082 ὁ
494 4022 607 4103 Κρόνος,
621 4026 665 4084 καί
678 4026 757 4092 δεθεὶς
771 4028 816 4083 ε’κ-

93 4105 217 4181 τέμνεται
229 4109 264 4173 ύις
276 4107 415 4188 Οὐρανός.)

358 4215 492 4275 XLVIII.

94 4329 146 4397 Οθς
160 4331 286 4391 καλέουσι
299 4332 421 4411 γίγαντας
435 4333 572 4412 ἐπώνυμον
584 4337 609 4394 ἐν
622 4334 795 4415 μακάρεσσιν,

1596 409 1649 460 185

928 519 1021 580 ούνεκα
1034 523 1086 590 Γῆς
1100 519 1217 598 ἐγίνοντο
1231 521 1276 580 καί
1288 521 1398 599 αίματος
1412 527 1574 604 Οὐρανίοιο·
1654 585 1657 590 ,

968 635 1071 710 (Ειγιιι.
1085 637 1125 693 Μ.
1139 633 1217 712 Γίγας
1228 635 1300 714 πορθ
1309 635 1339 695 τὸ
1348 641 1378 696 ἐκ
1389 642 1435 706 τῆς
1446 644 1493 718 γῆς
1504 642 1568 699 ἰέναι
1581 641 1647 724 [leg.

930 719 1015 802 φῦναι]
1036 711 1096 778 οἷον·
1109 719 1152 788 οθς
1166 721 1287 779 καλέουσι
1309 725 1369 784 κτλ.
1386 725 1477 793 Ούτως
1497 728 1607 808 Ὀρφεύς
1623 734 1648 788 ἐν

927 812 964 887 τῷ
980 808 1063 888 ὀγδόῳ
1077 815 1122 867 τοῦ
1134 811 1204 887 ἱεροῦ
1219 808 1321 889 λόγου.)

1205 935 1309 994 XLIX.

1263 1044 1317 1104 Τὸν
1332 1045 1363 1117 δὴ
1377 1048 1500 1108 καλέουσι
1515 1051 1645 1124 Φοίνητα,

929 1129 1073 1208 (ἀθάνατοι)
1088 1128 1128 1188 ότι
1142 1133 1245 1212 πρῶτος
1258 1135 1285 1190 έν
1301 1135 1383 1214 αἰθέρι
1397 1137 1490 1214 φαντὸς
1505 1139 1601 1214 ἔγεντο.

967 1263 1071 1342 (Etym.
1089 1267 1126 1323 M.
1139 1286 1160 1324 s.
1174 1287 1199 1321 v.
1212 1263 1316 1337 Φοίνης·
1332 1267 1375 1325 τὸν
1398 1267 1429 1339 δὴ
1444 1271 1566 1330 καλέουσι
1585 1272 1646 1332 Φοί-

926 1377 1011 1433 νητα,
1027 1356 1067 1415 ότι
1081 1359 1182 1435 πρῶτος
1199 1360 1225 1416 ἐν
1241 1357 1324 1438 αἰθέρι
1343 1360 1437 1440 φαντὸς
1456 1361 1566 1438 ἐγένετο.
1583 1362 1648 1443 ’ορ-

926 1449 999 1531 φεύς·
1024 1450 1105 1520 ούτως
1134 1443 1224 1531 Ὧρος.
1258 1455 1369 1513 Inserui
1405 1479 1470 1514 cum
1500 1460 1646 1518 Lobeckio

926 1541 1067 1616 Aglaoph.
1086 1539 1140 1613 Ip.
1159 1541 1212 1606 481
1231 1541 1356 1600 ἀθάνατοι
1371 1548 1536 1620 πιιιιιινίιμιο
1547 1545 1647 1624 ἐγένετο

926 1631 956 1683 in
971 1627 1069 1703 ἔγεντο.
1088 1627 1159 1684 IIuic
1172 1630 1249 1684 dicto
1264 1633 1432 1707 subjungam
1447 1637 1502 1706 ulia
1517 1637 1645 1708 quaedam

925 1718 1041 1792 Orpheo
1057 1717 1172 1773 tributa.
1192 1715 1295 1773 Suidas
1318 1740 1346 1776 v.
1362 1719 1566 1799 Τριτοπιίτορες.
1585 1723 1646 1793 Δή-

927 1825 983 1878 μων
999 1803 1026 1858 ἐν
1045 1806 1078 1881 τῇ
1098 1799 1193 1860 Ἀτθίδι
1214 1804 1293 1882 φησὶν
1307 1804 1416 1881 ἀνέμους
1435 1796 1500 1864 εἶναι
1522 1807 1581 1875 τούς
1596 1833 1647 1887 τρι·

927 1889 1086 1968 τοποίτορας.
1138 1889 1285 1967 Φιλόχορος
1315 1889 1342 1949 δέ
1373 1891 1431 1960 τούς
1465 1895 1646 1973 τριτοποίτρεις

925 1977 1028 2038 πάντων
1044 1977 1176 2055 γεγονέναι
1190 1975 1317 2054 πρώτους.
1333 1977 1390 2048 Τὴν
1407 1978 1453 2054 μέν
1472 1981 1524 2060 γὰρ
1538 1983 1644 2058 γῆνκαὶ

923 2066 967 2123 τὸν
982 2065 1064 2136 ἥλιον,
1079 2063 1166 2142 φησίν,
1181 2062 1208 2121 δν
1229 2065 1273 2122 καί
1290 2065 1441 2125 Ἀπόλλωνα
1455 2069 1547 2140 καλεῖ,
1562 2078 1644 2146 γονεῖς

925 2156 1010 2211 αὐτῶν
1033 2151 1177 2224 ἠπίσταντο
1197 2153 1220 2208 οἱ
1245 2150 1304 2209 τότε
1328 2152 1472 2230 ἄνθρωποι·
1491 2154 1550 2222 τούς
1569 2155 1596 2215 δέ
1615 2160 1645 2216 ίκ

926 2240 1023 2298 τούτων
1045 2238 1146 2316 τρίτους
1170 2237 1296 2316 πατέρας.
1318 2240 1476 2318 Φανόδημος
1490 2241 1518 2301 δέ
1536 2244 1561 2300 ἐν
1577 2245 1645 2324 ἕκτῳ

925 2327 1002 2406 φησίν
1013 2325 1052 2384 ὅτι
1066 2325 1138 2399 μόνοι
1152 2327 1176 2383 ot
1187 2326 1317 2396 Ἀθηναῖοι
1327 2325 1416 2385 θύουσί
1425 2352 1452 2386 τε
1462 2329 1507 2388 καί
1521 2329 1644 2408 εὔχονται

926 2416 1012 2481 αὐτοῖς
1035 2411 1101 2493 ὑπέρ
1125 2413 1248 2490 γενέσεως
1261 2414 1372 2486 παίδων,
1387 2415 1449 2474 ὅταν
1470 2425 1564 2494 γαμεῖν
1580 2420 1644 2494 μίλ-

924 2505 1015 2562 λωσιν.
1033 2501 1079 2560 Ἐν
1095 2501 1122 2560 δὲ
1138 2500 1255 2580 Ὀρφέως
1273 2505 1375 2580 φυσικῷ
1397 2505 1571 2579 ὀνομάζεσθαι
1584 2504 1644 2572 τούς

924 2589 1113 2668 τριτοποίτοροις
1137 2588 1311 2663 Ἄμαλκείδην
1336 2589 1380 2646 καί
1409 2591 1569 2669 Ιίροιτοκλέα
1598 2593 1644 2652 καί

924 2676 1144 2756 Πρωτοκρέοντα,
1157 2675 1284 2754 θυρωροὺς
1306 2676 1352 2735 καί
1367 2677 1484 2756 φύλακας
1497 2677 1573 2745 ὄντας
1590 2684 1643 2740 τῶν

925 2764 1039 2841 ἀνέμων.
1060 2764 1094 2824 Ὁ
1118 2764 1144 2822 δὲ
1160 2765 1190 2823 τθ
1213 2763 1362 2842 έξηγητικδν
1387 2768 1498 2837 ποιήσας
1522 2772 1643 2848 Οὐρανοῦ

924 2855 968 2912 καὶ
992 2856 1044 2924 Γῆς
1058 2876 1135 2930 φησιν
1156 2850 1249 2918 αὐτούς
1274 2842 1340 2911 εἶναι
1361 2857 1469 2926 παῖδας,
1485 2855 1601 2930 ὀνόματα
1616 2857 1643 2914 δὲ

926 2943 1012 3008 αὐτοῖς
1029 2941 1140 3014 Κόττον,
1152 2939 1297 3018 Βριάρεων,
1312 2941 1357 2998 καί
1369 2941 1466 3018 Γύγην.
1485 2946 1528 3004 Cf.
1548 2948 1640 3019 Etym.

923 3034 963 3088 III.
979 3051 1010 3106 p.
1026 3031 1091 3102 768.
1105 3031 1186 3086 Adde
1201 3031 1337 3085 Lobeckii
1351 3034 1490 3107 Aglaoph.
1508 3031 1563 3106 Ip.
1584 3035 1640 3104 760

923 3139 1001 3193 seqq.
1016 3150 1055 3163 -
1064 3119 1164 3174 Suidas
1177 3137 1206 3176 v.
1225 3114 1304 3182 ἵππος
1319 3119 1437 3184 Νισσῑος.
1451 3119 1495 3177 Ἐν
1509 3118 1536 3176 δέ
1549 3118 1641 3178 Δίκτυϊ

923 3204 1034 3284 Ὀρφεύς
1058 3203 1142 3281 λέγει·
1166 3207 1183 3274 ἡ
1209 3202 1279 3262 NL«
1300 3204 1378 3269 τόπος
1390 3206 1459 3264 ἐστὶν
1474 3207 1501 3262 έν
1522 3205 1641 3287 ’Κρυθρῷ

923 3289 1048 3365 κείμενος.
1059 3289 1380 3365 Sch01.1¹ind.ad1‘yth.
1395 3290 1450 3362 III,
1460 3295 1497 3368 96
1509 3314 1515 3348 :
1528 3292 1641 3370 Λέγεται

923 3377 951 3435 δὲ
966 3381 980 3434 ὁ
995 3377 1151 3449 Ἀσκληπιὸς
1164 3378 1256 3457 χρυσῷ
1272 3378 1416 3444 δελεασθεὶς
1430 3382 1576 3451 ἀναστῆσαι
1587 3379 1643 3439 Ἱπ·

924 3464 1035 3523 πόλυτον
1049 3463 1203 3535 τεθνηκότα·
1215 3465 1240 3521 οί
1254 3463 1281 3521 δέ
1296 3465 1462 3544 Τυνδόρεων·
1477 3465 1559 3544 ἕτερον
1581 3470 1641 3526 Κα-

922 3551 1021 3610 πανέα·
1037 3554 1060 3609 οἱ
1077 3549 1103 3608 II
1124 3552 1250 3611 Γλαῦκον·
1267 3553 1290 3608 οί
1311 3550 1339 3609 δὲ
1354 3550 1473 3631 Ὀρφικοὶ
1488 3551 1640 3627 ’λ’μίντιιον.

924 3641 1021 3698 Schul.
1035 3642 1107 3698 Vict.
1123 3639 1159 3694 ud
1183 3641 1269 3698 Hom.
1288 3638 1371 3699 Iliad.
1394 3639 1502 3710 XVIII,
1519 3641 1576 3713 570
1591 3661 1641 3716 ap,

922 3729 1066 3799 Heynium
1086 3727 1145 3783 voI.
1166 3724 1220 3783 VII
1240 3745 1269 3800 p.
1290 3726 1347 3782 803
1368 3746 1375 3781 :
1393 3724 1428 3784 ‘II
1446 3725 1473 3784 δέ
1491 3727 1639 3803 καλουμένη

922 3815 1027 3891 Σφαῖρα
1044 3811 1147 3888 ποίημεί
1170 3813 1240 3870 ἔστιν
1264 3815 1299 3879 είς
1323 3811 1367 3870 τὸν
1382 3812 1469 3887 Λίνον,
1483 3813 1640 3894 ἀναφέρεται

922 3898 949 3956 δέ
964 3901 999 3964 είς
1014 3897 1133 3978 Ὀρφέα.)

1231 4019 1265 4078 L.

920 4122 998 4188 ’Κατ’
1011 4126 1042 4186 διν
1053 4125 1127 4199 Ῥείη
1140 4127 1223 4186 παῖδα
1235 4127 1306 4187 τέκοι
1321 4128 1415 4210 Κρόνῳ
1428 4133 1454 4190 έν
1468 4132 1598 4210 φιλότητι.

962 4251 1088 4326 (Proclus
1099 4253 1127 4305 iu
1142 4253 1211 4306 Tim.
1224 4249 1252 4306 II
1266 4272 1295 4326 p.
1316 4272 1367 4308 τοι
1386 4255 1411 4309 Α
1426 4274 1433 4310 ι
1448 4252 1496 4312 Διδ
1510 4253 1555 4312 καί
1568 4251 1640 4327 μένει

922 4335 969 4412 μὲν
985 4339 1011 4412 (ἡ
1031 4335 1124 4414 Θέμις)
1139 4336 1265 4416 παρθένος
1280 4336 1332 4417 πρὸ
1353 4342 1400 4410 τῆς
1418 4345 1463 4398 τοῦ
1482 4341 1641 4418 δημιουργοῦ

421 4534 444 4586 V
462 4573 469 4588 .

37 4629 104 4680 uum
112 4644 169 4680 τετο
180 4644 237 4696 age,
251 4633 329 4696 puella
340 4527 466 4697 ΙθτΓόίεῖσΙ,
479 4635 518 4686 dic
529 4635 588 4686 mihi
600 4637 676 4688 Musa.

360 4722 481 4780 XLVII.

37 4819 119 4874 Quum
130 4832 185 4868 eum
196 4820 340 4870 τιταίνων
351 4823 477 4872 arboribus
489 4826 536 4875 ulte
545 4824 646 4874 οοιοοεῖε

35 4903 128 4953 ebrium
140 4906 290 4957 stridentium
305 4921 377 4971 ερυιιι
387 4911 510 4974 operibus,

36 4992 119 5041 εΙεΙῖω
130 5006 183 5044 eum
191 4994 295 5058 alligato.

857 4531 914 4593 quia
925 4533 997 4582 Terra
1006 4536 1030 4582 οῖ
1043 4531 1157 4594 sauguine
1167 4532 1263 4583 coelesti
1274 4533 1323 4583 nali
1332 4535 1396 4582 suut.
1472 4567 1475 4575 ·

1209 4673 1292 4722 xmx.

1043 4813 1122 4867 Quem
1134 4811 1222 4860 ιοοεοῖ
1235 4811 1362 4862 Phanetou

858 4925 1012 4985 immortales,
1024 4924 1081 4986 quin
1091 4923 1181 4986 ρτίιιιιιε
1191 4923 1214 4973 iu
1225 4923 1315 4974 ιεθιειο
1326 4924 1445 4986 apparuit.

352 5088 489 5147 κινιιι.
604 5124 611 5132 -
1095 5157 1097 5162 ,
1236 5065 1264 5113 '⁴'

35 5182 173 5237 ίὶιιοεῖιιιετ
182 5185 237 5238 deos
248 5191 405 5251 cognomento
417 5190 544 5253 pernibent
552 5191 673 5254 ματαίω,
860 5197 941 5245 Donec
953 5195 1017 5246 Rhea
1028 5193 1104 5245 filium
1118 5195 1246 5258 peperisset
1255 5194 1361 5246 saturno
1371 5203 1401 5243 εκ
1412 5189 1577 5240 wucubilu-
