3696 5922
624 397 676 458 Dll
693 398 932 460 osuocutto
1531 403 1588 458 1311

12 543 53 589 tur
64 549 106 607 ap.
119 527 224 587 buton.
238 539 266 586 et
278 526 352 587 llax.
366 547 396 606 p.
411 547 446 601 27
464 525 520 608 (ap.
533 529 624 591 Orell.
635 549 664 589 n.
680 533 764 608 κιρ),
811 543 854 588 ter
878 529 1078 609 supposititias
1104 528 1226 608 recepit.
1252 525 1307 588 Sed
1330 529 1366 588 de
1385 529 1439 588 hac
1466 533 1588 590 materia

11 634 119 694 quaque
142 635 159 672 a
182 613 268 673 nobis
291 614 323 674 in
346 616 511 693 spuriorum
543 618 767 693 fragmentorum
812 616 930 676 uberius
944 617 1067 694 singulis
1085 617 1157 675 locis
1179 617 1300 692 egimus.
1316 616 1400 676 Nunc
1422 617 1458 675 de
1480 617 1585 676 Douro-

11 704 101 760 ordine
116 701 155 778 (n.
170 702 199 777 9)
221 701 315 778 posita
328 714 395 760 sunt
414 721 480 781 pag.
505 723 550 774 ro,
570 716 603 762 ut
615 705 769 780 genuinam
813 715 905 775 erate,
918 704 1116 762 commentitio
1130 704 1215 782 plane
1231 704 1416 782 philosopho,
1431 723 1523 779 pauca
1539 706 1588 764 di-

12 787 161 868 philosophi
175 789 344 847 sententiam
356 787 468 864 citavit,
481 807 548 868 pag.
565 789 602 848 55
615 801 709 848 autem
724 790 770 850 in·
814 789 903 850 oenda
916 802 994 849 sunt.

458 999 545 1078 ne
575 1000 1114 1080 Pseudodemoerate.

44 1209 74 1267 ln
89 1207 219 1287 pluribus
239 1207 431 1282 membranis,
447 1229 512 1287 rpite
530 1223 659 1270 veterum
674 1211 769 1290 philo·
785 1231 790 1288 t
811 1215 1205 1284 Democratisessel'eruntur,
1215 1207 1587 1290 velinStohaeiFlorilegio‚

13 1299 150 1375 sophorum
171 1297 328 1355 sententias
348 1317 385 1354 ex
406 1299 497 1356 variis
511 1317 612 1356 eorum
632 1299 769 1376 operibus
812 1303 890 1378 quod
904 1302 973 1359 olim
988 1300 1073 1376 longe
1087 1301 1227 1374 integrius
1251 1301 1305 1359 tuit
1324 1299 1380 1378 (7),
1403 1302 1448 1358 vel
1467 1303 1499 1360 in
1527 1303 1587 1359 lra-

13 1387 128 1443 collectas
145 1385 306 1452 continent,
326 1385 511 1463 reperiuntur
523 1387 701 1446 Democratis
719 1409 768 1446 cu·
812 1401 927 1462 gmento
937 1387 1063 1458 Stoboei,
1079 1387 1158 1463 quod
1172 1406 1188 1444 e
1201 1386 1322 1446 loannis
1337 1388 1505 1446 Damasceni
1520 1390 1584 1446 cod.

11 1475 107 1550 jusdam
121 1472 265 1532 sententiar
278 1491 373 1530 aureae
391 1473 507 1550 (γνῶμαι
520 1472 628 1552 χρυσαῖ)
647 1493 768 1533 numero
812 1473 978 1532 Florentino
991 1488 1104 1532 erutum
1114 1486 1217 1551 quarto
1228 1474 1365 1533 editionis
1374 1493 1433 1532 suae
1445 1476 1588 1534 volumini

13 1565 137 1635 octoginta
149 1578 215 1629 sex,
228 1578 301 1635 quas
317 1578 382 1616 cum
403 1559 469 1618 aliis
484 1560 632 1638 opusculis
653 1575 769 1621 senten·
811 1561 933 1620 inseruit
950 1561 1131 1620 Gaislordius
1142 1564 1216 1638 (pag.
1234 1561 1288 1632 375
1312 1579 1393 1638 seqq.
1408 1561 1453 1619 ed.
1477 1560 1585 1639 lips),

13 1647 80 1705 tiosis
94 1647 128 1721 (1)
146 1646 257 1724 primus
280 1644 378 1703 llomae
399 1665 477 1704 anno
499 1648 572 1704 1638
588 1645 680 1706 Lucas
700 1648 769 1706 llol-
811 1649 857 1708 vel
870 1650 948 1726 apud
961 1650 1117 1707 Antonium
1132 1661 1160 1706 et
1179 1649 1336 1707 hlaximum
1357 1653 1409 1725 qui
1423 1650 1545 1725 septimo
1559 1664 1588 1709 et

13 1736 104 1792 sterius
116 1733 213 1790 edidit.
229 1733 272 1790 De
288 1732 336 1790 his
348 1734 389 1790 ita
408 1733 443 1790 ad
459 1733 591 1792 lectores
607 1735 743 1812 praelatur
759 1757 766 1792 ι
811 1749 914 1794 octavo
928 1736 1033 1794 saeculo
1045 1757 1109 1794 cum
1123 1755 1158 1794 ex
1172 1736 1237 1794 aliis
1251 1748 1310 1794 tum
1322 1756 1359 1798 ex
1376 1736 1490 1794 Stohaeo
1504 1737 1587 1795 flori-

16 1820 202 1878 ·Democratis
222 1831 349 1888 aetatem,
366 1821 488 1898 patriam
513 1832 542 1878 et
562 1834 667 1879 sectam
686 1835 769 1880 retu·
810 1820 916 1897 legium
934 1842 1017 1881 suunt
1039 1823 1291 1899 conscripserunt,
1312 1822 1410 1880 addito
1429 1823 1586 1882 Democriti

13 1909 135 1966 stissimus
144 1906 236 1965 lonici
248 1907 685 1968 sermonischaracterostendit.
698 1909 768 1986 Ejus
811 1909 928 1968 nomine
940 1911 1096 1968 invenitur.
1111 1909 1253 1967 Praeterea
1265 1909 1370 1968 accidit
1381 1923 1413 1966 ut
1432 1909 1586 1987 aliquoties

13 1995 266 2052 dictaetsententias
278 1995 434 2053 nonnullas
445 1993 576 2054 Stobaeas
586 2009 614 2054 et
625 1997 767 2058 Antonius
811 1993 996 2054 librariorum
1025 2015 1140 2066 errore,
1163 1996 1213 2072 qui
1241 1996 1390 2074 scripturae
1414 1997 1587 2073 compendia

13 2081 154 2156 pmlerunt,
169 2079 246 2155 apud
259 2099 334 2155 quos
347 2081 453 2158 saepius
469 2099 535 2138 curu
551 2079 714 2141 Democrito
731 2085 767 2141 li·
809 2083 929 2160 Δημοκρ.
942 2095 972 2140 et
983 2085 1070 2158 Δημο.
1082 2083 1121 2160 (8)
1135 2103 1192 2140 nou
1206 2084 1420 2158 intellexerant,
1434 2081 1510 2162 apud
1526 2085 1585 2141 An·

14 2164 152 2224 brariomm
162 2166 311 2244 imperitia
323 2167 512 2226 confunditur
524 2189 531 2225 ι
546 2187 668 2245 quorum
683 2189 767 2229 error
809 2169 920 2226 tonium
931 2181 959 2226 et
968 2169 1124 2228 Maximum
1140 2169 1314 2250 Δημοκράτης
1324 2171 1463 2248 scriptum
1475 2174 1522 2242 sit,
1533 2169 1585 2230 ubi

14 2255 37 2309 in
56 2266 123 2312 tauta
145 2271 239 2312 rerum
268 2253 455 2332 antiquarum
480 2255 663 2331 ignoratione
689 2254 765 2316 haud
809 2251 914 2314 Stohoei
922 2255 1176 2326 coddDemocriti
1184 2275 1288 2314 nomen
1297 2255 1444 2314 exhibent.
1454 2256 1586 2333 Denique

14 2339 80 2398 lacile
100 2341 242 2400 emendari
267 2353 372 2420 potest.
398 2341 569 2400 Plutarchus
594 2362 710 2420 quoque
734 2345 765 2403 in
809 2341 840 2399 in
857 2341 961 2401 Stobari
985 2343 1160 2418 fragmento,
1176 2342 1254 2420 quod
1277 2343 1308 2400 in
1331 2341 1396 2399 cod.
1418 2341 1585 2400 Florentino

13 2423 121 2487 Politicis
131 2427 283 2506 preceptis
298 2427 476 2488 Dernocratis
493 2427 644 2505 cujusdam
660 2432 767 2488 merui·
808 2440 915 2500 exstat,
934 2428 1069 2506 pluribus
1081 2429 1155 2486 locis
1167 2429 1341 2505 Δημοκράτης
1354 2441 1500 2486 exaratum
1521 2441 1583 2500 est,

13 2515 58 2584 uit,
67 2516 111 2592 qui
123 2521 151 2574 in
166 2516 336 2575 Atheniensi
349 2515 499 2594 republica
510 2516 679 2575 versabatur
688 2518 766 2576 circa
808 2514 859 2572 ubi
873 2516 1035 2594 Δημόκριτοι
1048 2513 1138 2574 scribi
1159 2513 1295 2586 debehat,
1307 2527 1339 2572 ut
1355 2533 1390 2572 ex
1411 2511 1516 2572 SlObaei
1532 2515 1584 2573 llo·

11 2599 186 2679 Olympiadem
199 2601 260 2675 CX,
276 2622 371 2680 neque
384 2601 488 2661 abhoc
502 2604 620 2662 tortasse
632 2603 766 2664 diversus
808 2601 924 2676 rilegio,
939 2601 1075 2672 Antonii,
1088 2601 1207 2659 Maximi
1219 2601 1399 2676 aliorumque
1410 2601 1584 2678 scriptorum

13 2699 47 2745 est
58 2690 111 2764 ille,
127 2709 208 2766 quem
222 2690 261 2749 ab
278 2689 404 2767 Epicuro
419 2689 458 2748 ob
469 2689 564 2748 libros
577 2691 765 2769 transcriptos
808 2685 894 2746 libris
905 2687 1077 2762 intelligitur
1089 2685 1140 2764 (9).
1150 2687 1191 2744 Er
1198 2686 1244 2744 his
1254 2687 1488 2760 signisacmagis
1497 2686 1582 2744 etiam

15 2777 161 2850 exagitatum
186 2777 218 2836 in
241 2777 346 2836 libello
371 2791 472 2836 contra
499 2776 656 2856 Epicurum
687 2779 763 2838 idem
807 2773 916 2852 eripsa
927 2775 970 2831 rei
980 2787 1081 2832 natura
1093 2787 1170 2831 recte
1181 2767 1322 2831 conclusit
1333 2771 1582 2850 Burcharduslro)

14 2859 158 2923 Plutarchus
177 2867 274 2924 refert.
292 2864 425 2924 Cetmurn
440 2865 637 2924 Democratem
653 2865 765 2925 barbe·
807 2861 962 2919 sententias
996 2860 1221 2932 Democraticas,
1250 2877 1322 2935 quas
1351 2877 1387 2916 ex
1417 2872 1500 2936 parte
1521 2859 1583 2937 jam

15 2949 70 3005 rina
83 2950 256 3010 bibliothecae
271 2951 369 3010 debes.
382 2977 395 3004 υ
807 2947 935 3024 ipsarum
959 2947 1192 3007 membranarum
1224 2947 1392 3005 aucmritate
1425 2948 1583 3006 Democriti
1643 3003 1651 3012 ,

43 3035 88 3092 Sed
101 3037 191 3096 nultus
203 3051 247 3096 est
257 3038 444 3096 Democrates
458 3056 494 3096 ex
507 3037 546 3096 iis
562 3036 699 3096 omnibus
712 3042 764 3116 qui
807 3051 870 3091 esse
883 3033 990 3112 liquet,
1006 3053 1098 3112 prope
1113 3053 1210 3092 omnes
1226 3052 1288 3091 esse
1309 3034 1477 3091 Democrito
1496 3036 1583 3092 resti-

15 3117 56 3176 hoe
66 3125 170 3182 nomine
182 3144 199 3182 a
212 3125 363 3183 veteribus
376 3125 514 3196 citantur,
529 3123 565 3182 ad
581 3143 666 3199 quem
681 3145 762 3182 com-
808 3119 945 3191 mendas,
962 3121 1121 3197 praesertim
1139 3140 1227 3195 quum
1249 3121 1279 3176 in
1295 3121 1333 3177 iis
1349 3118 1447 3176 cadem
1469 3139 1533 3197 quae
1552 3121 1582 3178 in

15 3207 80 3264 mode
94 3223 124 3266 ut
141 3210 174 3268 arl
192 3223 340 3269 auctorem
363 3229 447 3269 suum
468 3211 511 3290 (ιωΙ
532 3209 680 3269 sententiae
697 3232 762 3290 pos·
807 3206 997 3265 Democriteis
1010 3208 1151 3264 sermonis
1165 3207 1253 3264 ionici
1269 3219 1406 3278 venetas,
1424 3207 1522 3264 cadem
1541 3208 1582 3264 sa-

16 3291 59 3347 siut
71 3295 161 3352 referri
175 3297 224 3372 (5).
238 3295 310 3354 Nam
330 3315 423 3373 neque
436 3296 549 3354 medico
569 3297 760 3369 conveniunt,
807 3293 916 3364 cilitas,
932 3293 1007 3352 idem
1024 3293 1059 3351 de
1073 3291 1159 3351 rebus
1172 3293 1304 3350 humanis
1319 3305 1348 3350 et
1362 3293 1421 3350 vita
1437 3295 1580 3351 communi

16 3382 53 3454 qui
72 3385 118 3440 suh
139 3383 265 3460 hugusto
291 3384 382 3456 rixir;
404 3402 498 3461 neque
529 3383 659 3456 athletae,
681 3385 764 3462 cujus
805 3379 948 3455 judicium
971 3379 1080 3456 ubique
1101 3391 1245 3456 appareat.
1271 3379 1420 3436 Postremo
1434 3379 1465 3436 in
1489 3378 1582 3437 trihus

17 3463 118 3527 AElianus
136 3472 308 3529 mentionem
334 3483 447 3542 movet5
470 3489 564 3547 neque
585 3470 709 3542 rhetori,
726 3475 762 3531 D.
808 3466 892 3526 codd.
920 3467 971 3543 qui
998 3465 1075 3523 dicta
1112 3464 1415 3523 Pseudodemocratica
1449 3480 1581 3544 seruant,

17 3549 140 3626 Augustini
167 3557 323 3631 magistro3
349 3575 443 3632 neque
473 3555 589 3633 Lysidis
621 3555 763 3614 Platonici
807 3573 867 3611 non
885 3551 1085 3630 Δημοκράτους,
1101 3553 1150 3609 sed
1164 3550 1327 3630 Δημοκρίτου
1343 3573 1445 3611 ιιοιιιοιι
1462 3553 1506 3611 lais
1526 3555 1584 3612 sra-
1607 3549 1611 3556 '

18 3642 187 3719 patruusque
206 3644 274 3713 illi,
291 3641 342 3720 qui
365 3644 443 3700 circa
460 3641 578 3719 Olymp.
602 3640 651 3698 cx
674 3641 762 3699 arue-
806 3641 929 3716 gmentis
950 3640 1120 3716 inscriptum
1135 3652 1187 3698 est.
1213 3637 1255 3698 Cl.
1283 3639 1443 3698 Harlesam
1468 3639 1579 3702 Fabric.

17 3724 132 3784 niensium
157 3730 365 3808 rempublicam
391 3729 694 3802 administravit,non
717 3731 763 3788 di·
807 3725 1267 3804 Dibl.Gr.lp.86d.ltaquecum
1279 3726 1582 3787 llurchardohassen·

18 3825 95 3870 venus
107 3815 219 3874 forsitan
234 3836 250 3874 a
261 3815 439 3894 philosopho
449 3815 568 3894 Epicuri
578 3815 762 3874 acerbitatem
807 3817 909 3874 tentius
920 3813 1123 3871 Democriticis
1136 3813 1266 3884 intexui,
1281 3812 1321 3871 ita
1334 3827 1446 3884 tamen,
1460 3827 1492 3872 ut
1504 3815 1581 3873 indi·

18 3893 45 3950 oh
56 3899 216 3977 compilatam
236 3903 302 3980 ejus
322 3903 491 3982 sapientiam
512 3916 648 3980 experto;
670 3921 764 3978 neque
807 3899 1250 3978 carem,quaeapop‡1thegmata
1268 3899 1299 3958 in
1316 3900 1490 3960 membranis
1508 3921 1580 3960 non·

18 3981 37 4038 ei
47 3983 167 4064 denique,
181 3989 263 4067 cujus
278 3989 326 4049 bis
340 3991 471 4048 meminit
484 3989 616 4048 Stobaeus
635 3992 683 4066 (6).
699 3989 763 4048 Ηιιο
808 3988 898 4046 nullis
909 3988 1072 4045 Democrati
1086 3987 1408 4044 tribuerentur-tun
1425 3988 1582 4064 lragmeuta

18 4071 117 4143 secedit,
136 4077 210 4152 quod
233 4096 339 4154 magna
360 4097 428 4156 pars
451 4076 674 4148 sententiarum,
698 4096 763 4154 quae
808 4075 967 4134 Democriti
981 4073 1193 4132 exhibebimus.

28 4181 1574 4206 W

40 4236 64 4294 tu
75 4239 121 4289 Vld.
134 4243 220 4294 Fabric.
232 4245 294 4295 nibt.
307 4248 386 4295 Graec.
397 4245 408 4293 1
419 4258 445 4307 p.
455 4248 500 4294 tos
512 4243 550 4293 ed.
565 4245 631 4294 Harl.
808 4245 855 4292 test
865 4242 931 4304 (vtd.
941 4241 970 4292 ad
982 4241 1064 4302 fragm.
1079 4253 1145 4303 spur.
1161 4242 1185 4300 2)
1193 4241 1293 4303 quodad
1303 4239 1419 4290 lrorroram
1428 4241 1498 4292 codd.
1510 4243 1580 4292 tutem

40 4305 67 4363 tu
75 4309 105 4357 el.
118 4313 200 4362 usum
213 4315 243 4363 ad
254 4315 347 4365 Fabric.
359 4313 416 4364 suu.
427 4317 469 4364 Gr.
481 4314 497 4362 1.
514 4315 530 4363 1.
806 4325 958 4374 siparum,
970 4311 1161 4362 Gestordianum
1176 4311 1263 4362 suhart
1276 4313 1369 4362 testum
1383 4311 1452 4373 eopia
1462 4316 1566 4374 superat.

42 4377 67 4436 ll)
81 4381 177 4434 Slohtetrs
191 4383 252 4434 Flor.
266 4387 333 4447 stu,
351 4389 381 4435 ³0
396 4403 402 4433 ι
415 4383 566 4447 aunulfo:
587 4383 643 4434 ἰδὼν
663 4382 762 4440 atdraus
838 4383 872 4447 (8)
889 4383 980 4434 ideireo
996 4385 1021 4432 et
1039 4381 1085 4431 alla
1094 4381 1281 4442 confunduntur,
1294 4386 1321 4430 ut
1331 4394 1370 4446 ap.
1384 4383 1472 4432 anton.
1482 4386 1506 4432 et
1517 4385 1581 4433 llas.

19 4445 98 4494 tum
110 4451 184 4502 ludera
196 4455 352 4517 ὰιογάμικοκ,
365 4455 448 4514 'atum
459 4455 527 4517 altra,
539 4455 562 4502 τά
583 4456 627 4516 γὰρ
642 4453 672 4504 sd
692 4456 762 4516 μικρὰ
806 4467 829 4516 p.
849 4458 895 4505 933
910 4454 1069 4516 Δημοσθένους
1087 4452 1333 4515 saepenumero
1352 4466 1375 4516 p.
1397 4457 1442 4503 301
1461 4455 1582 4518 asiduus·

21 4511 114 4578 hiram,
125 4521 205 4572 etum
216 4525 245 4574 τὰ
259 4526 362 4587 μεγάλα,
379 4525 418 4574 lue
429 4525 512 4574 καὶσὺ
527 4525 608 4579 ἄλλους
622 4523 723 4585 daupu
737 4527 762 4572 el
805 4523 893 4586 κρίιου.
905 4525 1029 4588 Ἀγρυπυός
1049 4523 1090 4571 loo
1108 4523 1169 4572 κατά
1187 4527 1240 4572 νοῦν
1250 4540 1273 4572 κ.
1291 4539 1314 4573 τ.
1338 4525 1359 4574 l..
1379 4536 1422 4586 pro
1439 4525 1582 4587 dapar-hou,

21 4583 82 4647 1111,
91 4593 130 4640 13ι
140 4594 285 4659 Δημοκράτης
296 4595 426 4644 tarsum
437 4596 468 4650 rt<
479 4595 521 4652 τὴν
533 4593 656 4658 άκράοο1ιυ
666 4593 690 4640 ἐν
702 4594 761 4655 γήρᾳ
805 4604 829 4640 ι.
844 4593 917 4641 orell.
930 4594 1019 4654 opusc.
1032 4593 1093 4642 sent.
1109 4593 1154 4654 lp.
1172 4598 1201 4641 to
1214 4593 1274 4641 luter
1290 4593 1422 4654 Demophlll
1438 4593 1579 4644 mntsatiat.

20 4653 251 4722 1ιὶικιυοικῑιυηιοιιῑυ
263 4665 306 4726 ἐφη
317 4663 374 4728 drap
384 4664 424 4712 καὶ
434 4659 544 4725 ligneae
554 4666 569 4720 ἡ
580 4667 626 4710 τῶν
638 4663 760 4719 aequatos
805 4661 874 4723 apud
887 4662 951 4723 orig.
964 4675 985 4710 o.
1001 4661 1065 4711 Cels.
1083 4675 1106 4722 p.
1122 4667 1151 4710 ³¹2
1165 4663 1311 4724 (Osohhtlss)
1323 4663 1338 4720 ἡ
1354 4663 1511 4726 Ἐπικούρειος
1523 4662 1582 4714 εἶναι

20 4722 74 4780 llll?
90 4737 148 4780 msir
165 4733 204 4794 palu
221 4734 266 4797 γάρ
288 4735 361 4796 μέγα,
376 4734 465 4796 ἰσχύον
479 4734 504 4782 di
524 4731 613 4794 μικράν.
635 4731 688 4782 Allo
708 4731 761 4780 looo
804 4733 1028 4796 ἡΔημοκράτιιυςῆ
1039 4732 1222 4795 Περιπατητικός
1235 4745 1299 4781 oon.
1317 4733 1489 4794 Δημοκρίτειος.
1511 4732 1580 4793 Apud

21 4789 89 4855 lettt,
99 4802 124 4848 to
137 4803 296 4866 Δημοκράτους
310 4815 396 4853 nomen
411 4815 425 4851 e
439 4801 509 4852 oodd.
522 4801 568 4852 lide
583 4805 646 4850 recte
660 4813 724 4850 nunc
735 4801 759 4850 iu
804 4801 871 4852 sloh.
888 4803 931 4851 ecl.
945 4800 1013 4863 phys.
1037 4804 1045 4850 Ι
1064 4813 1090 4862 p.
1115 4805 1161 4850 :tot
1180 4801 1218 4851 ed.
1232 4805 1301 4852 itaer.
1314 4801 1354 4849 alli
1375 4814 1418 4863 pro
1439 4801 1582 4864 Δημόκριτος

20 4857 127 4924 &rursu
139 4876 251 4921 nautum
263 4878 314 4932 est,
330 4871 460 4935 presertim
472 4884 546 4934 quum
558 4869 674 4919 sententia
687 4869 760 4918 attioo
804 4870 884 4930 legunt
895 4871 1044 4936 baptimate<
1060 4873 1083 4919 et
1095 4869 1257 4932 Δημοκράτου.
1278 4870 1316 4920 ct.
1330 4882 1380 4919 rar.
1400 4869 1455 4918 lect.
1476 4881 1527 4931 pag.
1541 4872 1580 4919 27.

20 4937 103 4984 emona
113 4939 191 5002 scripta
201 4943 346 4992 atheniensis
358 4941 489 5004 philosophi
500 4951 551 4989 esse
562 4940 679 4989 rideatur.
690 4937 758 4999 Apud
803 4941 970 5003 'Ommapdmr
985 4953 1106 5002 perperam
1120 4940 1235 5000 scriptum
1247 4943 1284 4989 est
1294 4951 1332 5001 ap.
1346 4938 1467 4988 Plutarch.
1481 4937 1548 4988 ΔΙυιι.
1566 4945 1580 4988 t

20 4997 110 5053 (tulliam
126 5007 194 5070 bajus
207 5011 241 5061 ro·
258 5025 306 5061 non
323 5023 454 5061 memorem
474 5009 593 5072 reperttm
609 5010 654 5058 troo
666 5007 759 5057 dictum
804 5012 828 5061 tn
840 5011 960 5062 nonnullis
967 5009 1037 5059 codd.
1050 5009 1268 5072 ριοὈνηοίκριτος.

21 5061 38 5112 ¹⁸
55 5073 106 5133 011·
117 5083 172 5126 ttal.
184 5081 195 5127 1
208 5093 233 5142 ιι.
254 5089 269 5132 e
281 5083 341 5133 htsr
356 5080 491 5144 Damophili
503 5080 631 5132 similttnd.
654 5080 755 5142 rrum.
834 5081 869 5140 (9)
882 5079 919 5128 Gt.
931 5077 1077 5139 irruptos
1089 5090 1144 5127 mm
1153 5077 1270 5128 clement.
1279 5077 1343 5127 Alex.
1354 5077 1442 5126 strom.
1453 5079 1485 5124 tv
1496 5089 1519 5138 p.
1528 5080 1579 5126 131.

42 5137 68 5198 tu
82 5145 201 5200 urorum
215 5151 538 5204 thrnianosententlarum
545 5151 703 5215 corporeoogl
715 5161 758 5212 po·
836 5149 886 5210 (to)
904 5151 961 5209 Pag.
977 5152 1056 5196 ιι-ιο.

1461 5229 1496 5273 22.
