<?xml version="1.0" encoding="UTF-8"?>
<!DOCTYPE html PUBLIC "-//W3C//DTD XHTML 1.0 Transitional//EN"
    "http://www.w3.org/TR/xhtml1/DTD/xhtml1-transitional.dtd">
<html xmlns="http://www.w3.org/1999/xhtml" xml:lang="en" lang="en">
 <head>
  <title>
</title>
<meta http-equiv="Content-Type" content="text/html;charset=utf-8" />
  <meta name='ocr-system' content='tesseract 3.04.00' />
  <meta name='ocr-capabilities' content='ocr_page ocr_carea ocr_par ocr_line ocrx_word'/>
</head>
<body>
  <div class='ocr_page' id='page_1' title='image "./fragmentaphilos03mullgoog/fragmentaphilos03mullgoog_0501.png"; bbox 0 0 3708 5916; ppageno 0'>
   <div class='ocr_carea' id='block_1_1' title="bbox 275 395 1355 466">
    <p class='ocr_par' dir='ltr' id='par_1_1' title="bbox 275 395 1355 466">
     <span class='ocr_line' id='line_1_1' title="bbox 275 395 1355 466; baseline -0.01 0"><span class='ocrx_word' id='word_1_1' title='bbox 275 415 333 466; x_wconf 71' lang='lat'><strong>⁴86</strong></span> <span class='ocrx_word' id='word_1_2' title='bbox 826 397 1030 459; x_wconf 78' lang='lat' dir='ltr'><strong>ntenoctts</strong></span> <span class='ocrx_word' id='word_1_3' title='bbox 1051 395 1355 458; x_wconf 76' lang='lat' dir='ltr'><strong>COMMENTARIUS</strong></span> 
     </span>
    </p>
   </div>
   <div class='ocr_carea' id='block_1_2' title="bbox 221 519 1844 1571">
    <p class='ocr_par' dir='ltr' id='par_1_2' title="bbox 221 519 1843 1571">
     <span class='ocr_line' id='line_1_2' title="bbox 272 519 1843 636; baseline -0.01 -43"><span class='ocrx_word' id='word_1_4' title='bbox 272 538 325 615; x_wconf 79' lang='grc' dir='ltr'><strong>τῷ,</strong></span> <span class='ocrx_word' id='word_1_5' title='bbox 340 531 532 603; x_wconf 85' lang='grc' dir='ltr'>δικαιοσύνην</span> <span class='ocrx_word' id='word_1_6' title='bbox 515 553 603 602; x_wconf 89' lang='grc' dir='ltr'>ασκει,</span> <span class='ocrx_word' id='word_1_7' title='bbox 617 529 676 589; x_wconf 75' lang='grc' dir='ltr'>ε’πέ·</span> <span class='ocrx_word' id='word_1_8' title='bbox 661 552 747 608; x_wconf 76' lang='grc' dir='ltr'>,γαγι,</span> <span class='ocrx_word' id='word_1_9' title='bbox 761 531 814 606; x_wconf 99' lang='grc' dir='ltr'><strong>μηδ</strong></span> <span class='ocrx_word' id='word_1_10' title='bbox 815 529 977 608; x_wconf 81' lang='grc' dir='ltr'>’θλογέατως</span> <span class='ocrx_word' id='word_1_11' title='bbox 991 552 1052 587; x_wconf 81' lang='grc' dir='ltr'>σου·</span> <span class='ocrx_word' id='word_1_12' title='bbox 1097 531 1131 595; x_wconf 82' lang='grc' dir='ltr'>ὡς</span> <span class='ocrx_word' id='word_1_13' title='bbox 1146 527 1199 588; x_wconf 75' lang='grc' dir='ltr'>ἀπὸ</span> <span class='ocrx_word' id='word_1_14' title='bbox 1214 551 1300 636; x_wconf 82' lang='grc' dir='ltr'>πηγης</span> <span class='ocrx_word' id='word_1_15' title='bbox 1314 527 1359 585; x_wconf 83' lang='grc' dir='ltr'>καὶ</span> <span class='ocrx_word' id='word_1_16' title='bbox 1378 527 1461 606; x_wconf 72' lang='grc' dir='ltr'>ἀρχῆς</span> <span class='ocrx_word' id='word_1_17' title='bbox 1479 523 1600 602; x_wconf 77' lang='grc' dir='ltr'><strong>πρώτης,</strong></span> <span class='ocrx_word' id='word_1_18' title='bbox 1616 545 1663 581; x_wconf 90' lang='grc' dir='ltr'><strong>ταν</strong></span> <span class='ocrx_word' id='word_1_19' title='bbox 1646 519 1810 581; x_wconf 49' lang='lat' dir='ltr'><strong>{mutes</strong></span> <span class='ocrx_word' id='word_1_20' title='bbox 1790 545 1822 576; x_wconf 82' lang='lat' dir='ltr'><strong>a·</strong></span> <span class='ocrx_word' id='word_1_21' title='bbox 1806 543 1843 616; x_wconf 78' lang='lat' dir='ltr'><strong>:p</strong></span> 
     </span>
     <span class='ocr_line' id='line_1_3' title="bbox 273 608 1843 699; baseline -0.009 -20"><span class='ocrx_word' id='word_1_22' title='bbox 273 621 318 679; x_wconf 81' lang='grc' dir='ltr'><strong>τὸν</strong></span> <span class='ocrx_word' id='word_1_23' title='bbox 332 619 401 699; x_wconf 81' lang='grc' dir='ltr'>ἔχειν</span> <span class='ocrx_word' id='word_1_24' title='bbox 415 642 465 698; x_wconf 88' lang='grc' dir='ltr'><strong>περ</strong></span> <span class='ocrx_word' id='word_1_25' title='bbox 466 618 476 676; x_wconf 90' lang='grc' dir='ltr'>ὶ</span> <span class='ocrx_word' id='word_1_26' title='bbox 491 617 571 694; x_wconf 84' lang='grc' dir='ltr'>μηδὲν</span> <span class='ocrx_word' id='word_1_27' title='bbox 587 616 691 684; x_wconf 76' lang='grc' dir='ltr'>ἔθιζι·“</span> <span class='ocrx_word' id='word_1_28' title='bbox 679 641 713 681; x_wconf 88' lang='grc' dir='ltr'>ως</span> <span class='ocrx_word' id='word_1_29' title='bbox 728 615 764 691; x_wconf 78' lang='grc' dir='ltr'><strong>μὴ</strong></span> <span class='ocrx_word' id='word_1_30' title='bbox 780 616 922 692; x_wconf 80' lang='grc' dir='ltr'>δυναμένης</span> <span class='ocrx_word' id='word_1_31' title='bbox 940 618 1054 686; x_wconf 79' lang='grc' dir='ltr'>θποατῆ-</span> <span class='ocrx_word' id='word_1_32' title='bbox 1097 623 1217 675; x_wconf 83' lang='grc' dir='ltr'>νεαθαιπ</span> <span class='ocrx_word' id='word_1_33' title='bbox 1197 613 1348 693; x_wconf 82' lang='grc' dir='ltr'>ρποοέγεται.</span> <span class='ocrx_word' id='word_1_34' title='bbox 1388 611 1549 673; x_wconf 77' lang='grc' dir='ltr'>Τοῖτοδὶ</span> <span class='ocrx_word' id='word_1_35' title='bbox 1524 608 1843 690; x_wconf 63' lang='grc' dir='ltr'>τοπαριέγγελμαπροεῦ,</span> 
     </span>
     <span class='ocr_line' id='line_1_4' title="bbox 273 694 1828 848; baseline -0.01 -82"><span class='ocrx_word' id='word_1_36' title='bbox 273 729 316 766; x_wconf 85' lang='grc' dir='ltr'><strong>ναι</strong></span> <span class='ocrx_word' id='word_1_37' title='bbox 340 704 536 775; x_wconf 79' lang='grc' dir='ltr'>δικαιοσύνης</span> <span class='ocrx_word' id='word_1_38' title='bbox 520 726 581 761; x_wconf 83' lang='grc' dir='ltr'>ανιυ</span> <span class='ocrx_word' id='word_1_39' title='bbox 604 703 762 782; x_wconf 78' lang='grc' dir='ltr'>φρονήσεως.</span> <span class='ocrx_word' id='word_1_40' title='bbox 803 706 889 762; x_wconf 84' lang='grc' dir='ltr'>’ὶοῦτο</span> <span class='ocrx_word' id='word_1_41' title='bbox 907 702 957 781; x_wconf 75' lang='grc' dir='ltr'><strong>γάρ</strong></span> <span class='ocrx_word' id='word_1_42' title='bbox 983 704 1053 760; x_wconf 75' lang='grc' dir='ltr'>ἐστιν</span> <span class='ocrx_word' id='word_1_43' title='bbox 1098 726 1143 848; x_wconf 73' lang='grc' dir='ltr'><strong>ριν</strong></span> <span class='ocrx_word' id='word_1_44' title='bbox 1158 705 1184 762; x_wconf 78' lang='grc' dir='ltr'><strong>ἐν</strong></span> <span class='ocrx_word' id='word_1_45' title='bbox 1201 701 1332 782; x_wconf 84' lang='grc' dir='ltr'>έαυτῷ</span> <span class='ocrx_word' id='word_1_46' title='bbox 1308 725 1338 760; x_wconf 88' lang='grc' dir='ltr'><strong>το</strong></span> <span class='ocrx_word' id='word_1_47' title='bbox 1354 699 1455 762; x_wconf 80' lang='grc' dir='ltr'>Σαυτδν</span> <span class='ocrx_word' id='word_1_48' title='bbox 1472 704 1568 776; x_wconf 90' lang='grc' dir='ltr'>γνῶθι,</span> <span class='ocrx_word' id='word_1_49' title='bbox 1583 699 1714 756; x_wconf 83' lang='grc' dir='ltr'>θπααῶν</span> <span class='ocrx_word' id='word_1_50' title='bbox 1731 694 1828 770; x_wconf 73' lang='grc' dir='ltr'>μένα</span> 
     </span>
     <span class='ocr_line' id='line_1_5' title="bbox 274 763 1735 868; baseline -0.011 -13"><span class='ocrx_word' id='word_1_51' title='bbox 274 795 393 860; x_wconf 82' lang='grc' dir='ltr'>δντωςδ’</span> <span class='ocrx_word' id='word_1_52' title='bbox 386 816 484 866; x_wconf 90' lang='grc' dir='ltr'>ικαιον,</span> <span class='ocrx_word' id='word_1_53' title='bbox 499 789 543 860; x_wconf 82' lang='grc' dir='ltr'><strong>δή</strong></span> <span class='ocrx_word' id='word_1_54' title='bbox 568 789 653 848; x_wconf 81' lang='grc' dir='ltr'>τελεία</span> <span class='ocrx_word' id='word_1_55' title='bbox 675 787 796 868; x_wconf 73' lang='grc' dir='ltr'>φρόνησις</span> <span class='ocrx_word' id='word_1_56' title='bbox 814 789 902 868; x_wconf 80' lang='grc' dir='ltr'>θρέζει.</span> <span class='ocrx_word' id='word_1_57' title='bbox 946 786 1053 858; x_wconf 64' lang='lat' dir='ltr'><strong>alme·</strong></span> <span class='ocrx_word' id='word_1_58' title='bbox 1099 789 1177 848; x_wconf 88' lang='grc' dir='ltr'>δαίων</span> <span class='ocrx_word' id='word_1_59' title='bbox 1207 812 1227 846; x_wconf 88' lang='grc' dir='ltr'>π</span> <span class='ocrx_word' id='word_1_60' title='bbox 1231 763 1345 868; x_wconf 72' lang='lat' dir='ltr'><strong>p88eoss,</strong></span> <span class='ocrx_word' id='word_1_61' title='bbox 1376 789 1468 846; x_wconf 83' lang='grc' dir='ltr'>πασῶν</span> <span class='ocrx_word' id='word_1_62' title='bbox 1505 785 1532 844; x_wconf 79' lang='lat'><strong>88</strong></span> <span class='ocrx_word' id='word_1_63' title='bbox 1567 787 1735 865; x_wconf 76' lang='grc' dir='ltr'>θεωρητικῶν</span> 
     </span>
     <span class='ocr_line' id='line_1_6' title="bbox 274 871 1844 960; baseline -0.012 -18"><span class='ocrx_word' id='word_1_64' title='bbox 274 885 305 942; x_wconf 72' lang='grc' dir='ltr'><strong>ἂν</strong></span> <span class='ocrx_word' id='word_1_65' title='bbox 320 884 387 954; x_wconf 80' lang='grc' dir='ltr'>εῖηὴ</span> <span class='ocrx_word' id='word_1_66' title='bbox 402 905 451 960; x_wconf 83' lang='grc' dir='ltr'><strong>περ</strong></span> <span class='ocrx_word' id='word_1_67' title='bbox 452 881 462 939; x_wconf 95' lang='grc' dir='ltr'>ὶ</span> <span class='ocrx_word' id='word_1_68' title='bbox 477 877 557 957; x_wconf 83' lang='grc' dir='ltr'>μηδὲν</span> <span class='ocrx_word' id='word_1_69' title='bbox 571 875 834 954; x_wconf 76' lang='grc' dir='ltr'>ἅλογέστιυςέχουσα,</span> <span class='ocrx_word' id='word_1_70' title='bbox 848 878 906 934; x_wconf 76' lang='grc' dir='ltr'>ἀλλ’</span> <span class='ocrx_word' id='word_1_71' title='bbox 923 881 1054 951; x_wconf 79' lang='grc' dir='ltr'>θπεσκεμ-</span> <span class='ocrx_word' id='word_1_72' title='bbox 1098 881 1303 956; x_wconf 77' lang='grc' dir='ltr'>προθποκεῖσθαι</span> <span class='ocrx_word' id='word_1_73' title='bbox 1323 878 1371 938; x_wconf 88' lang='grc' dir='ltr'>δεῖ.</span> <span class='ocrx_word' id='word_1_74' title='bbox 1408 873 1482 935; x_wconf 87' lang='grc' dir='ltr'>Ἐπιὶ</span> <span class='ocrx_word' id='word_1_75' title='bbox 1498 871 1764 948; x_wconf 83' lang='grc' dir='ltr'>πόθινεὶσόμεθα,</span> <span class='ocrx_word' id='word_1_76' title='bbox 1747 895 1788 929; x_wconf 89' lang='grc' dir='ltr'><strong>οτι</strong></span> <span class='ocrx_word' id='word_1_77' title='bbox 1801 893 1844 924; x_wconf 83' lang='grc' dir='ltr'>π·</span> 
     </span>
     <span class='ocr_line' id='line_1_7' title="bbox 275 960 1823 1078; baseline -0.008 -50"><span class='ocrx_word' id='word_1_78' title='bbox 275 971 359 1046; x_wconf 86' lang='grc' dir='ltr'>μένως</span> <span class='ocrx_word' id='word_1_79' title='bbox 375 969 422 1047; x_wconf 86' lang='grc' dir='ltr'><strong>μὲν</strong></span> <span class='ocrx_word' id='word_1_80' title='bbox 431 967 501 1078; x_wconf 84' lang='grc' dir='ltr'>περὶ</span> <span class='ocrx_word' id='word_1_81' title='bbox 516 970 561 1024; x_wconf 77' lang='grc' dir='ltr'><strong>τοῦ</strong></span> <span class='ocrx_word' id='word_1_82' title='bbox 582 965 704 1070; x_wconf 81' lang='grc' dir='ltr'>αώματρς</span> <span class='ocrx_word' id='word_1_83' title='bbox 727 963 841 1074; x_wconf 77' lang='grc' dir='ltr'>έχουρα,</span> <span class='ocrx_word' id='word_1_84' title='bbox 856 963 1055 1040; x_wconf 81' lang='grc' dir='ltr'>έπεσκεμμένως</span> <span class='ocrx_word' id='word_1_85' title='bbox 1099 963 1157 1034; x_wconf 77' lang='grc' dir='ltr'>ήκει</span> <span class='ocrx_word' id='word_1_86' title='bbox 1181 964 1245 1039; x_wconf 73' lang='grc' dir='ltr'>ἡμῖν</span> <span class='ocrx_word' id='word_1_87' title='bbox 1268 964 1406 1043; x_wconf 79' lang='grc' dir='ltr'>μετριάσαι</span> <span class='ocrx_word' id='word_1_88' title='bbox 1429 963 1481 1019; x_wconf 87' lang='grc' dir='ltr'><strong>τῶν</strong></span> <span class='ocrx_word' id='word_1_89' title='bbox 1515 963 1622 1037; x_wconf 85' lang='grc' dir='ltr'>παθῶν,</span> <span class='ocrx_word' id='word_1_90' title='bbox 1646 960 1694 1016; x_wconf 90' lang='grc' dir='ltr'>καὶ</span> <span class='ocrx_word' id='word_1_91' title='bbox 1721 981 1823 1066; x_wconf 75' lang='grc' dir='ltr'>γνριντι</span> 
     </span>
     <span class='ocr_line' id='line_1_8' title="bbox 275 1044 1823 1134; baseline -0.01 -18"><span class='ocrx_word' id='word_1_92' title='bbox 275 1057 302 1116; x_wconf 81' lang='lat'><strong>88</strong></span> <span class='ocrx_word' id='word_1_93' title='bbox 318 1057 363 1115; x_wconf 81' lang='grc' dir='ltr'>καὶ</span> <span class='ocrx_word' id='word_1_94' title='bbox 381 1055 441 1134; x_wconf 86' lang='grc' dir='ltr'>περὶ</span> <span class='ocrx_word' id='word_1_95' title='bbox 456 1058 507 1112; x_wconf 87' lang='grc' dir='ltr'><strong>τῶν</strong></span> <span class='ocrx_word' id='word_1_96' title='bbox 523 1055 558 1118; x_wconf 85' lang='grc' dir='ltr'><strong>εὶς</strong></span> <span class='ocrx_word' id='word_1_97' title='bbox 573 1049 620 1122; x_wconf 73' lang='grc' dir='ltr'><strong>τὴν</strong></span> <span class='ocrx_word' id='word_1_98' title='bbox 637 1072 729 1110; x_wconf 86' lang='grc' dir='ltr'>τουτου</span> <span class='ocrx_word' id='word_1_99' title='bbox 742 1051 834 1130; x_wconf 79' lang='grc' dir='ltr'>γριιαν</span> <span class='ocrx_word' id='word_1_100' title='bbox 849 1051 1054 1110; x_wconf 86' lang='grc' dir='ltr'>συντελούντων·</span> <span class='ocrx_word' id='word_1_101' title='bbox 1099 1049 1177 1124; x_wconf 76' lang='grc' dir='ltr'>ὄντα;</span> <span class='ocrx_word' id='word_1_102' title='bbox 1192 1049 1295 1128; x_wconf 78' lang='grc' dir='ltr'>’ρἈπο</span> <span class='ocrx_word' id='word_1_103' title='bbox 1272 1074 1310 1107; x_wconf 86' lang='grc' dir='ltr'><strong>ιιτ</strong></span> <span class='ocrx_word' id='word_1_104' title='bbox 1311 1074 1337 1109; x_wconf 89' lang='grc' dir='ltr'><strong>αι</strong></span> <span class='ocrx_word' id='word_1_105' title='bbox 1350 1047 1400 1129; x_wconf 79' lang='grc' dir='ltr'>γθο</span> <span class='ocrx_word' id='word_1_106' title='bbox 1414 1071 1474 1128; x_wconf 88' lang='grc' dir='ltr'>περι</span> <span class='ocrx_word' id='word_1_107' title='bbox 1489 1049 1588 1106; x_wconf 77' lang='grc' dir='ltr'>αὐτῶν·</span> <span class='ocrx_word' id='word_1_108' title='bbox 1601 1051 1709 1125; x_wconf 86' lang='grc' dir='ltr'>πρῶτον</span> <span class='ocrx_word' id='word_1_109' title='bbox 1725 1044 1823 1120; x_wconf 90' lang='grc' dir='ltr'>μέν,ει</span> 
     </span>
     <span class='ocr_line' id='line_1_9' title="bbox 275 1134 1838 1218; baseline -0.01 -15"><span class='ocrx_word' id='word_1_110' title='bbox 275 1145 364 1203; x_wconf 77' lang='grc' dir='ltr'>πάντα</span> <span class='ocrx_word' id='word_1_111' title='bbox 384 1143 444 1202; x_wconf 79' lang='grc' dir='ltr'><strong>δὲ’</strong></span> <span class='ocrx_word' id='word_1_112' title='bbox 430 1140 573 1218; x_wconf 85' lang='grc' dir='ltr'>ατιμότερα</span> <span class='ocrx_word' id='word_1_113' title='bbox 597 1141 690 1218; x_wconf 73' lang='grc' dir='ltr'>ἀρετῆς</span> <span class='ocrx_word' id='word_1_114' title='bbox 709 1136 906 1214; x_wconf 81' lang='grc' dir='ltr'>τιθεμένη,καὶ</span> <span class='ocrx_word' id='word_1_115' title='bbox 929 1137 1054 1216; x_wconf 79' lang='grc' dir='ltr'>μεγίστην</span> <span class='ocrx_word' id='word_1_116' title='bbox 1100 1137 1165 1197; x_wconf 80' lang='grc' dir='ltr'>νατὶι</span> <span class='ocrx_word' id='word_1_117' title='bbox 1194 1135 1274 1194; x_wconf 73' lang='grc' dir='ltr'>ἀνθ’</span> <span class='ocrx_word' id='word_1_118' title='bbox 1243 1161 1337 1216; x_wconf 88' lang='grc' dir='ltr'>ρωπαις</span> <span class='ocrx_word' id='word_1_119' title='bbox 1367 1143 1467 1195; x_wconf 84' lang='grc' dir='ltr'>ταῦτα·</span> <span class='ocrx_word' id='word_1_120' title='bbox 1498 1134 1605 1206; x_wconf 86' lang='grc' dir='ltr'>ἔπειτα,</span> <span class='ocrx_word' id='word_1_121' title='bbox 1630 1138 1654 1193; x_wconf 82' lang='grc' dir='ltr'>εἰ</span> <span class='ocrx_word' id='word_1_122' title='bbox 1679 1135 1838 1211; x_wconf 67' lang='grc' dir='ltr'>ὠφέλιμα.</span> 
     </span>
     <span class='ocr_line' id='line_1_10' title="bbox 275 1223 1827 1311; baseline -0.006 -23"><span class='ocrx_word' id='word_1_123' title='bbox 275 1229 453 1311; x_wconf 73' lang='grc' dir='ltr'>ὠφέλειαν</span> <span class='ocrx_word' id='word_1_124' title='bbox 425 1253 474 1300; x_wconf 85' lang='grc' dir='ltr'><strong>την</strong></span> <span class='ocrx_word' id='word_1_125' title='bbox 499 1229 609 1305; x_wconf 80' lang='grc' dir='ltr'>ἀρίστην</span> <span class='ocrx_word' id='word_1_126' title='bbox 626 1225 683 1285; x_wconf 81' lang='grc' dir='ltr'>διάθ</span> <span class='ocrx_word' id='word_1_127' title='bbox 670 1231 739 1285; x_wconf 91' lang='grc' dir='ltr'>θεσιν</span> <span class='ocrx_word' id='word_1_128' title='bbox 765 1229 812 1296; x_wconf 82' lang='grc' dir='ltr'><strong>τῆς</strong></span> <span class='ocrx_word' id='word_1_129' title='bbox 834 1227 939 1302; x_wconf 78' lang='grc' dir='ltr'>λογικῆς</span> <span class='ocrx_word' id='word_1_130' title='bbox 953 1228 1054 1306; x_wconf 79' lang='grc' dir='ltr'>ψυχῆς,</span> <span class='ocrx_word' id='word_1_131' title='bbox 1102 1227 1314 1307; x_wconf 82' lang='grc' dir='ltr'>έχουσιγένεται.</span> <span class='ocrx_word' id='word_1_132' title='bbox 1358 1223 1530 1286; x_wconf 73' lang='grc' dir='ltr'>Φαίνεται</span> <span class='ocrx_word' id='word_1_133' title='bbox 1502 1231 1616 1300; x_wconf 81' lang='grc' dir='ltr'>γαρπθὶν</span> <span class='ocrx_word' id='word_1_134' title='bbox 1637 1223 1792 1278; x_wconf 78' lang='grc' dir='ltr'>τούναντίον</span> <span class='ocrx_word' id='word_1_135' title='bbox 1806 1223 1827 1278; x_wconf 74' lang='grc' dir='ltr'>ελ</span> 
     </span>
     <span class='ocr_line' id='line_1_11' title="bbox 277 1309 1824 1455; baseline -0.008 -79.851"><span class='ocrx_word' id='word_1_136' title='bbox 277 1309 363 1398; x_wconf 72' lang='grc' dir='ltr'>ρῆς</span> <span class='ocrx_word' id='word_1_137' title='bbox 376 1339 421 1374; x_wconf 86' lang='grc' dir='ltr'><strong>και</strong></span> <span class='ocrx_word' id='word_1_138' title='bbox 412 1315 469 1374; x_wconf 71' lang='lat' dir='ltr'><strong>et</strong></span> <span class='ocrx_word' id='word_1_139' title='bbox 486 1315 555 1372; x_wconf 75' lang='grc' dir='ltr'>ἄλλα</span> <span class='ocrx_word' id='word_1_140' title='bbox 567 1335 703 1388; x_wconf 87' lang='grc' dir='ltr'>κοσμειται</span> <span class='ocrx_word' id='word_1_141' title='bbox 718 1311 787 1372; x_wconf 67' lang='lat' dir='ltr'><strong>asel</strong></span> <span class='ocrx_word' id='word_1_142' title='bbox 802 1312 921 1422; x_wconf 85' lang='grc' dir='ltr'>δύγαμιν.</span> <span class='ocrx_word' id='word_1_143' title='bbox 964 1314 1057 1455; x_wconf 80' lang='grc' dir='ltr'>’ὶοιρῦ-</span> <span class='ocrx_word' id='word_1_144' title='bbox 1104 1314 1224 1390; x_wconf 87' lang='grc' dir='ltr'>τούμενος</span> <span class='ocrx_word' id='word_1_145' title='bbox 1240 1315 1265 1372; x_wconf 75' lang='grc' dir='ltr'><strong>έν</strong></span> <span class='ocrx_word' id='word_1_146' title='bbox 1286 1317 1339 1380; x_wconf 86' lang='grc' dir='ltr'>τοῖς</span> <span class='ocrx_word' id='word_1_147' title='bbox 1360 1309 1493 1372; x_wconf 76' lang='grc' dir='ltr'>κατέκταν</span> <span class='ocrx_word' id='word_1_148' title='bbox 1509 1311 1562 1388; x_wconf 77' lang='grc' dir='ltr'>βίον</span> <span class='ocrx_word' id='word_1_149' title='bbox 1585 1311 1779 1378; x_wconf 75' lang='grc' dir='ltr'>θοπουδαῑος,</span> <span class='ocrx_word' id='word_1_150' title='bbox 1792 1312 1824 1384; x_wconf 67' lang='grc' dir='ltr'>τδρ</span> 
     </span>
     <span class='ocr_line' id='line_1_12' title="bbox 276 1393 1844 1480; baseline -0.01 -15"><span class='ocrx_word' id='word_1_151' title='bbox 276 1429 320 1472; x_wconf 86' lang='grc' dir='ltr'><strong>τος</strong></span> <span class='ocrx_word' id='word_1_152' title='bbox 331 1403 438 1480; x_wconf 79' lang='grc' dir='ltr'>μέντων</span> <span class='ocrx_word' id='word_1_153' title='bbox 454 1399 632 1480; x_wconf 74' lang='grc' dir='ltr'>προκειμένων</span> <span class='ocrx_word' id='word_1_154' title='bbox 648 1398 872 1470; x_wconf 74' lang='grc' dir='ltr'>ἐπῶνθσκοπός,</span> <span class='ocrx_word' id='word_1_155' title='bbox 887 1398 934 1468; x_wconf 72' lang='grc' dir='ltr'><strong>τὶν</strong></span> <span class='ocrx_word' id='word_1_156' title='bbox 946 1397 1249 1478; x_wconf 79' lang='grc' dir='ltr'>τετθαλαμόιένειν</span> <span class='ocrx_word' id='word_1_157' title='bbox 1267 1401 1362 1466; x_wconf 78' lang='grc' dir='ltr'>ἀδίκως</span> <span class='ocrx_word' id='word_1_158' title='bbox 1375 1401 1430 1458; x_wconf 85' lang='grc' dir='ltr'>θθεν</span> <span class='ocrx_word' id='word_1_159' title='bbox 1445 1399 1474 1456; x_wconf 85' lang='grc' dir='ltr'>ού</span> <span class='ocrx_word' id='word_1_160' title='bbox 1496 1400 1549 1468; x_wconf 85' lang='grc' dir='ltr'><strong>δεῖ,</strong></span> <span class='ocrx_word' id='word_1_161' title='bbox 1563 1397 1664 1476; x_wconf 79' lang='grc' dir='ltr'>καῖ”τῳ</span> <span class='ocrx_word' id='word_1_162' title='bbox 1679 1393 1844 1453; x_wconf 74' lang='grc' dir='ltr'>ἀναλίσκειν</span> 
     </span>
     <span class='ocr_line' id='line_1_13' title="bbox 221 1481 1839 1571; baseline -0.009 -21"><span class='ocrx_word' id='word_1_163' title='bbox 221 1501 224 1509; x_wconf 95' lang='grc'>’</span> <span class='ocrx_word' id='word_1_164' title='bbox 277 1496 330 1550; x_wconf 87' lang='grc' dir='ltr'><strong>τῶν</strong></span> <span class='ocrx_word' id='word_1_165' title='bbox 346 1491 545 1571; x_wconf 82' lang='grc' dir='ltr'>πρακτικῶνάρ</span> <span class='ocrx_word' id='word_1_166' title='bbox 548 1511 612 1544; x_wconf 84' lang='grc' dir='ltr'>ετων</span> <span class='ocrx_word' id='word_1_167' title='bbox 627 1491 757 1567; x_wconf 78' lang='grc' dir='ltr'>αναρνναι</span> <span class='ocrx_word' id='word_1_168' title='bbox 777 1511 822 1544; x_wconf 89' lang='grc' dir='ltr'><strong>και</strong></span> <span class='ocrx_word' id='word_1_169' title='bbox 812 1486 994 1564; x_wconf 85' lang='grc' dir='ltr'>παραθουναι</span> <span class='ocrx_word' id='word_1_170' title='bbox 1005 1506 1058 1551; x_wconf 89' lang='grc' dir='ltr'>τοις</span> <span class='ocrx_word' id='word_1_171' title='bbox 1106 1489 1185 1554; x_wconf 67' lang='grc' dir='ltr'>χαὶως</span> <span class='ocrx_word' id='word_1_172' title='bbox 1206 1489 1241 1555; x_wconf 62' lang='grc' dir='ltr'><strong>εἰς</strong></span> <span class='ocrx_word' id='word_1_173' title='bbox 1265 1487 1281 1546; x_wconf 74' lang='grc' dir='ltr'><strong>ἃ</strong></span> <span class='ocrx_word' id='word_1_174' title='bbox 1302 1488 1352 1544; x_wconf 73' lang='grc' dir='ltr'>δεῖ·</span> <span class='ocrx_word' id='word_1_175' title='bbox 1371 1483 1538 1565; x_wconf 71' lang='grc' dir='ltr'>καὶπερὶ</span> <span class='ocrx_word' id='word_1_176' title='bbox 1515 1507 1545 1542; x_wconf 74' lang='grc' dir='ltr'><strong>τι)</strong></span> <span class='ocrx_word' id='word_1_177' title='bbox 1569 1487 1647 1560; x_wconf 73' lang='grc' dir='ltr'>σῶμα</span> <span class='ocrx_word' id='word_1_178' title='bbox 1667 1481 1768 1548; x_wconf 73' lang='grc' dir='ltr'>παντὸς</span> <span class='ocrx_word' id='word_1_179' title='bbox 1788 1487 1839 1556; x_wconf 70' lang='lat' dir='ltr'><strong>pili</strong></span> 
     </span>
    </p>
   </div>
   <div class='ocr_carea' id='block_1_3' title="bbox 188 1569 1821 1676">
    <p class='ocr_par' dir='ltr' id='par_1_3' title="bbox 188 1569 1821 1676">
     <span class='ocr_line' id='line_1_14' title="bbox 188 1569 1821 1676; baseline -0.009 -38"><span class='ocrx_word' id='word_1_180' title='bbox 188 1619 190 1622; x_wconf 31' lang='lat' dir='ltr'>v</span> <span class='ocrx_word' id='word_1_181' title='bbox 279 1581 440 1658; x_wconf 77' lang='grc' dir='ltr'>ἀκροαταῖς,</span> <span class='ocrx_word' id='word_1_182' title='bbox 456 1575 570 1652; x_wconf 66' lang='grc' dir='ltr'><strong>μηδ”</strong></span> <span class='ocrx_word' id='word_1_183' title='bbox 539 1577 629 1646; x_wconf 66' lang='lat' dir='ltr'><strong>mcciv</strong></span> <span class='ocrx_word' id='word_1_184' title='bbox 619 1597 727 1652; x_wconf 84' lang='grc' dir='ltr'>ρνπνου</span> <span class='ocrx_word' id='word_1_185' title='bbox 742 1573 891 1652; x_wconf 79' lang='grc' dir='ltr'>τηρήσεως,</span> <span class='ocrx_word' id='word_1_186' title='bbox 908 1595 952 1630; x_wconf 81' lang='grc' dir='ltr'><strong>και</strong></span> <span class='ocrx_word' id='word_1_187' title='bbox 967 1593 1057 1648; x_wconf 85' lang='grc' dir='ltr'>παρα</span> <span class='ocrx_word' id='word_1_188' title='bbox 1106 1573 1306 1654; x_wconf 79' lang='grc' dir='ltr'>ιθιπιχτιρήτως</span> <span class='ocrx_word' id='word_1_189' title='bbox 1329 1572 1456 1631; x_wconf 82' lang='grc' dir='ltr'>διάκειται</span> <span class='ocrx_word' id='word_1_190' title='bbox 1465 1571 1557 1647; x_wconf 79' lang='grc' dir='ltr'>,μήτε</span> <span class='ocrx_word' id='word_1_191' title='bbox 1585 1569 1672 1676; x_wconf 72' lang='grc' dir='ltr'>ἀρχὴν</span> <span class='ocrx_word' id='word_1_192' title='bbox 1699 1571 1779 1632; x_wconf 74' lang='grc' dir='ltr'>αὐτὸς</span> <span class='ocrx_word' id='word_1_193' title='bbox 1795 1573 1821 1624; x_wconf 70' lang='grc' dir='ltr'>ἐν</span> 
     </span>
    </p>
   </div>
   <div class='ocr_carea' id='block_1_4' title="bbox 241 1655 1840 2613">
    <p class='ocr_par' dir='ltr' id='par_1_4' title="bbox 281 1655 1811 1768">
     <span class='ocr_line' id='line_1_15' title="bbox 281 1655 1811 1768; baseline -0.007 -44"><span class='ocrx_word' id='word_1_194' title='bbox 281 1669 446 1747; x_wconf 80' lang='grc' dir='ltr'>ρυλαιιῆς”</span> <span class='ocrx_word' id='word_1_195' title='bbox 414 1687 459 1734; x_wconf 86' lang='grc' dir='ltr'><strong>της</strong></span> <span class='ocrx_word' id='word_1_196' title='bbox 474 1667 498 1722; x_wconf 78' lang='grc' dir='ltr'><strong>έν</strong></span> <span class='ocrx_word' id='word_1_197' title='bbox 509 1661 594 1739; x_wconf 84' lang='grc' dir='ltr'>λύγοις</span> <span class='ocrx_word' id='word_1_198' title='bbox 607 1661 652 1720; x_wconf 87' lang='grc' dir='ltr'>καὶ</span> <span class='ocrx_word' id='word_1_199' title='bbox 664 1661 747 1740; x_wconf 82' lang='grc' dir='ltr'>ἔργοις</span> <span class='ocrx_word' id='word_1_200' title='bbox 758 1683 916 1740; x_wconf 85' lang='grc' dir='ltr'>πρεπουσης</span> <span class='ocrx_word' id='word_1_201' title='bbox 958 1659 997 1720; x_wconf 83' lang='lat'><strong>&#39;18</strong></span> <span class='ocrx_word' id='word_1_202' title='bbox 1012 1657 1058 1734; x_wconf 83' lang='grc' dir='ltr'><strong>μὲν</strong></span> <span class='ocrx_word' id='word_1_203' title='bbox 1107 1660 1203 1732; x_wconf 87' lang='grc' dir='ltr'>δεύων,</span> <span class='ocrx_word' id='word_1_204' title='bbox 1229 1660 1295 1736; x_wconf 77' lang='grc' dir='ltr'>μήτε</span> <span class='ocrx_word' id='word_1_205' title='bbox 1310 1659 1430 1718; x_wconf 76' lang='grc' dir='ltr'>θνελευθέ</span> <span class='ocrx_word' id='word_1_206' title='bbox 1403 1664 1481 1737; x_wconf 87' lang='grc' dir='ltr'>θερως</span> <span class='ocrx_word' id='word_1_207' title='bbox 1497 1657 1677 1768; x_wconf 79' lang='grc' dir='ltr'>θεραπεύων</span> <span class='ocrx_word' id='word_1_208' title='bbox 1674 1655 1734 1721; x_wconf 79' lang='grc' dir='ltr'>τοὺς</span> <span class='ocrx_word' id='word_1_209' title='bbox 1751 1659 1811 1734; x_wconf 78' lang='grc' dir='ltr'><strong>έργ</strong></span> 
     </span>
    </p>

    <p class='ocr_par' dir='ltr' id='par_1_5' title="bbox 278 1743 1811 1858">
     <span class='ocr_line' id='line_1_16' title="bbox 278 1743 1811 1858; baseline -0.008 -47"><span class='ocrx_word' id='word_1_210' title='bbox 278 1754 329 1833; x_wconf 87' lang='grc' dir='ltr'>γδιρ</span> <span class='ocrx_word' id='word_1_211' title='bbox 346 1751 501 1858; x_wconf 78' lang='grc' dir='ltr'>φρόνησιν,</span> <span class='ocrx_word' id='word_1_212' title='bbox 507 1749 536 1808; x_wconf 90' lang='grc' dir='ltr'>τδ</span> <span class='ocrx_word' id='word_1_213' title='bbox 561 1747 742 1827; x_wconf 74' lang='grc' dir='ltr'>δῖθνθριίαν,</span> <span class='ocrx_word' id='word_1_214' title='bbox 770 1749 848 1806; x_wconf 84' lang='grc' dir='ltr'>τδθὲ</span> <span class='ocrx_word' id='word_1_215' title='bbox 874 1769 946 1827; x_wconf 79' lang='grc' dir='ltr'>σωρρ</span> <span class='ocrx_word' id='word_1_216' title='bbox 949 1745 1058 1823; x_wconf 86' lang='grc' dir='ltr'>οούνην,</span> <span class='ocrx_word' id='word_1_217' title='bbox 1104 1749 1208 1816; x_wconf 77' lang='grc' dir='ltr'>Ὥστε,</span> <span class='ocrx_word' id='word_1_218' title='bbox 1224 1746 1298 1808; x_wconf 86' lang='grc' dir='ltr'>εὶ</span> <span class='ocrx_word' id='word_1_219' title='bbox 1259 1772 1297 1825; x_wconf 90' lang='grc' dir='ltr'><strong>μη</strong></span> <span class='ocrx_word' id='word_1_220' title='bbox 1311 1770 1350 1813; x_wconf 89' lang='grc' dir='ltr'><strong>τις</strong></span> <span class='ocrx_word' id='word_1_221' title='bbox 1364 1747 1471 1817; x_wconf 82' lang='grc' dir='ltr'>ἄλλη’</span> <span class='ocrx_word' id='word_1_222' title='bbox 1446 1768 1519 1804; x_wconf 86' lang='grc' dir='ltr'>ουαια</span> <span class='ocrx_word' id='word_1_223' title='bbox 1533 1769 1559 1802; x_wconf 83' lang='grc' dir='ltr'><strong>εν</strong></span> <span class='ocrx_word' id='word_1_224' title='bbox 1574 1743 1677 1820; x_wconf 80' lang='grc' dir='ltr'>νὶιιιν</span> <span class='ocrx_word' id='word_1_225' title='bbox 1651 1766 1691 1816; x_wconf 94' lang='grc' dir='ltr'><strong>ειη</strong></span> <span class='ocrx_word' id='word_1_226' title='bbox 1705 1747 1811 1811; x_wconf 74' lang='grc' dir='ltr'>ατο-ν</span> 
     </span>
    </p>

    <p class='ocr_par' dir='ltr' id='par_1_6' title="bbox 241 1830 1843 2438">
     <span class='ocr_line' id='line_1_17' title="bbox 278 1830 1840 1978; baseline -0.009 -78"><span class='ocrx_word' id='word_1_227' title='bbox 278 1839 457 1918; x_wconf 77' lang='grc' dir='ltr'>παραδίδωσι·</span> <span class='ocrx_word' id='word_1_228' title='bbox 477 1837 507 1895; x_wconf 81' lang='grc' dir='ltr'>τύ</span> <span class='ocrx_word' id='word_1_229' title='bbox 527 1836 554 1894; x_wconf 86' lang='lat'><strong>88</strong></span> <span class='ocrx_word' id='word_1_230' title='bbox 569 1835 760 1916; x_wconf 77' lang='grc' dir='ltr'>προηγούμενον</span> <span class='ocrx_word' id='word_1_231' title='bbox 784 1837 867 1894; x_wconf 83' lang='grc' dir='ltr'>αὐτῶν</span> <span class='ocrx_word' id='word_1_232' title='bbox 883 1833 929 1906; x_wconf 81' lang='grc' dir='ltr'>τιὶν</span> <span class='ocrx_word' id='word_1_233' title='bbox 948 1835 1042 1894; x_wconf 79' lang='grc' dir='ltr'>έπὶ’</span> <span class='ocrx_word' id='word_1_234' title='bbox 1005 1857 1058 1891; x_wconf 89' lang='grc' dir='ltr'><strong>πα·</strong></span> <span class='ocrx_word' id='word_1_235' title='bbox 1106 1839 1152 1906; x_wconf 72' lang='grc' dir='ltr'><strong>τῆς</strong></span> <span class='ocrx_word' id='word_1_236' title='bbox 1170 1833 1359 1915; x_wconf 66' lang='grc' dir='ltr'>ὠφελουμένη,</span> <span class='ocrx_word' id='word_1_237' title='bbox 1373 1836 1455 1978; x_wconf 66' lang='grc' dir='ltr'>σγολῇ</span> <span class='ocrx_word' id='word_1_238' title='bbox 1477 1856 1506 1908; x_wconf 88' lang='grc' dir='ltr'>γε</span> <span class='ocrx_word' id='word_1_239' title='bbox 1530 1831 1561 1890; x_wconf 69' lang='lat' dir='ltr'><strong>tv</strong></span> <span class='ocrx_word' id='word_1_240' title='bbox 1576 1833 1689 1890; x_wconf 80' lang='grc' dir='ltr'>πλοῦτον</span> <span class='ocrx_word' id='word_1_241' title='bbox 1705 1830 1755 1900; x_wconf 75' lang='grc' dir='ltr'><strong>ἦ</strong></span> <span class='ocrx_word' id='word_1_242' title='bbox 1740 1831 1840 1888; x_wconf 81' lang='grc' dir='ltr'>ουντοτ’</span> 
     </span>
     <span class='ocr_line' id='line_1_18' title="bbox 283 1917 1834 2027; baseline -0.006 -43"><span class='ocrx_word' id='word_1_243' title='bbox 283 1950 342 1993; x_wconf 91' lang='grc' dir='ltr'>σαις</span> <span class='ocrx_word' id='word_1_244' title='bbox 377 1933 433 1992; x_wconf 85' lang='grc' dir='ltr'>ταῖς</span> <span class='ocrx_word' id='word_1_245' title='bbox 465 1925 556 1990; x_wconf 79' lang='grc' dir='ltr'>ἄλλαις</span> <span class='ocrx_word' id='word_1_246' title='bbox 588 1927 692 2003; x_wconf 77' lang='grc' dir='ltr'>ἀρεταῖς</span> <span class='ocrx_word' id='word_1_247' title='bbox 719 1927 809 1988; x_wconf 85' lang='grc' dir='ltr'>κοινῶς</span> <span class='ocrx_word' id='word_1_248' title='bbox 840 1921 1059 1998; x_wconf 83' lang='grc' dir='ltr'>έπιθεωραυμένην</span> <span class='ocrx_word' id='word_1_249' title='bbox 1107 1922 1138 1981; x_wconf 86' lang='grc' dir='ltr'><strong>δι’</strong></span> <span class='ocrx_word' id='word_1_250' title='bbox 1151 1919 1232 1992; x_wconf 77' lang='grc' dir='ltr'>αυτὴν</span> <span class='ocrx_word' id='word_1_251' title='bbox 1243 1920 1432 1999; x_wconf 87' lang='grc' dir='ltr'>προησοιμε</span> <span class='ocrx_word' id='word_1_252' title='bbox 1473 1917 1555 1979; x_wconf 85' lang='grc' dir='ltr'>Οθεν</span> <span class='ocrx_word' id='word_1_253' title='bbox 1568 1941 1614 1975; x_wconf 87' lang='grc' dir='ltr'><strong>και</strong></span> <span class='ocrx_word' id='word_1_254' title='bbox 1604 1917 1651 1976; x_wconf 79' lang='grc' dir='ltr'>οἱ</span> <span class='ocrx_word' id='word_1_255' title='bbox 1653 1919 1811 2027; x_wconf 55' lang='grc' dir='ltr'><strong>θυαμ-δαΐΙ</strong></span> <span class='ocrx_word' id='word_1_256' title='bbox 1781 1943 1834 1975; x_wconf 66' lang='lat' dir='ltr'><strong>rm</strong></span> 
     </span>
     <span class='ocr_line' id='line_1_19' title="bbox 284 2001 1800 2108; baseline -0.008 -35"><span class='ocrx_word' id='word_1_257' title='bbox 284 2012 449 2084; x_wconf 88' lang='grc' dir='ltr'>δικαιοσύνην</span> <span class='ocrx_word' id='word_1_258' title='bbox 475 2013 610 2070; x_wconf 75' lang='grc' dir='ltr'>ἀσκεῖσθαι</span> <span class='ocrx_word' id='word_1_259' title='bbox 632 2018 800 2090; x_wconf 87' lang='grc' dir='ltr'>παραινεῖ·τ</span> <span class='ocrx_word' id='word_1_260' title='bbox 785 2008 875 2088; x_wconf 83' lang='grc' dir='ltr'>τδθέ,</span> <span class='ocrx_word' id='word_1_261' title='bbox 889 2009 1060 2088; x_wconf 69' lang='grc' dir='ltr'>γριέματαδ</span> <span class='ocrx_word' id='word_1_262' title='bbox 1106 2009 1255 2090; x_wconf 79' lang='grc' dir='ltr'>τιὶνψυχιὶν</span> <span class='ocrx_word' id='word_1_263' title='bbox 1272 2008 1331 2088; x_wconf 83' lang='grc' dir='ltr'>περὶ</span> <span class='ocrx_word' id='word_1_264' title='bbox 1353 2014 1398 2067; x_wconf 81' lang='grc' dir='ltr'><strong>τοῦ</strong></span> <span class='ocrx_word' id='word_1_265' title='bbox 1421 2007 1457 2084; x_wconf 76' lang='grc' dir='ltr'><strong>μὴ</strong></span> <span class='ocrx_word' id='word_1_266' title='bbox 1475 2001 1609 2086; x_wconf 78' lang='grc' dir='ltr'>προΐεσθαι</span> <span class='ocrx_word' id='word_1_267' title='bbox 1628 2004 1682 2081; x_wconf 77' lang='grc' dir='ltr'><strong>τὴν</strong></span> <span class='ocrx_word' id='word_1_268' title='bbox 1706 2005 1800 2108; x_wconf 70' lang='grc' dir='ltr'>ἂρετὶμ</span> 
     </span>
     <span class='ocr_line' id='line_1_20' title="bbox 284 2091 1831 2197; baseline -0.01 -37"><span class='ocrx_word' id='word_1_269' title='bbox 284 2103 377 2160; x_wconf 78' lang='grc' dir='ltr'>ἄλλοτε</span> <span class='ocrx_word' id='word_1_270' title='bbox 392 2098 440 2176; x_wconf 83' lang='grc' dir='ltr'><strong>μέν</strong></span> <span class='ocrx_word' id='word_1_271' title='bbox 456 2104 567 2158; x_wconf 75' lang='grc' dir='ltr'>κτᾶσθαι</span> <span class='ocrx_word' id='word_1_272' title='bbox 581 2097 665 2177; x_wconf 81' lang='grc' dir='ltr'>ρέλει,</span> <span class='ocrx_word' id='word_1_273' title='bbox 681 2097 770 2156; x_wconf 73' lang='grc' dir='ltr'>ἄλλοτ</span> <span class='ocrx_word' id='word_1_274' title='bbox 792 2097 898 2155; x_wconf 84' lang='grc' dir='ltr'>ὀλέσσαι</span> <span class='ocrx_word' id='word_1_275' title='bbox 910 2097 1062 2174; x_wconf 86' lang='grc' dir='ltr'>,παρέστη-</span> <span class='ocrx_word' id='word_1_276' title='bbox 1108 2096 1230 2175; x_wconf 80' lang='grc' dir='ltr'>ψεύονται</span> <span class='ocrx_word' id='word_1_277' title='bbox 1245 2097 1357 2172; x_wconf 74' lang='grc' dir='ltr'>μᾶλλον,</span> <span class='ocrx_word' id='word_1_278' title='bbox 1371 2095 1587 2165; x_wconf 77' lang='grc' dir='ltr'>ἢάληθεύόυαιν.</span> <span class='ocrx_word' id='word_1_279' title='bbox 1631 2095 1667 2150; x_wconf 82' lang='grc' dir='ltr'><strong>Εἰ</strong></span> <span class='ocrx_word' id='word_1_280' title='bbox 1684 2091 1784 2168; x_wconf 72' lang='grc' dir='ltr'><strong>γὰρ</strong></span> <span class='ocrx_word' id='word_1_281' title='bbox 1754 2116 1788 2197; x_wconf 77' lang='grc' dir='ltr'><strong>μη</strong></span> <span class='ocrx_word' id='word_1_282' title='bbox 1805 2093 1831 2146; x_wconf 73' lang='grc' dir='ltr'>εἴτ</span> 
     </span>
     <span class='ocr_line' id='line_1_21' title="bbox 241 2178 1830 2294; baseline -0.005 -52"><span class='ocrx_word' id='word_1_283' title='bbox 241 2211 323 2246; x_wconf 84' lang='grc' dir='ltr'>,σιν</span> <span class='ocrx_word' id='word_1_284' title='bbox 333 2185 596 2294; x_wconf 56' lang='grc' dir='ltr'>ῥ’τιτῇσωρρονικη</span> <span class='ocrx_word' id='word_1_285' title='bbox 579 2182 723 2242; x_wconf 88' lang='grc' dir='ltr'>διαθέσει</span> <span class='ocrx_word' id='word_1_286' title='bbox 734 2181 937 2260; x_wconf 76' lang='grc' dir='ltr'>καὶὴέλευθερ</span> <span class='ocrx_word' id='word_1_287' title='bbox 939 2182 999 2252; x_wconf 81' lang='grc' dir='ltr'>ύττς</span> <span class='ocrx_word' id='word_1_288' title='bbox 1010 2206 1061 2240; x_wconf 84' lang='grc' dir='ltr'><strong>πα</strong></span> <span class='ocrx_word' id='word_1_289' title='bbox 1108 2182 1235 2260; x_wconf 72' lang='grc' dir='ltr'>ὑπομένον</span> <span class='ocrx_word' id='word_1_290' title='bbox 1254 2187 1330 2259; x_wconf 79' lang='grc' dir='ltr'>ἡμῶν</span> <span class='ocrx_word' id='word_1_291' title='bbox 1344 2179 1411 2260; x_wconf 71' lang='grc' dir='ltr'>μετὰ</span> <span class='ocrx_word' id='word_1_292' title='bbox 1424 2182 1549 2252; x_wconf 88' lang='grc' dir='ltr'>θανατον</span> <span class='ocrx_word' id='word_1_293' title='bbox 1568 2178 1615 2238; x_wconf 85' lang='grc' dir='ltr'>καὶ</span> <span class='ocrx_word' id='word_1_294' title='bbox 1633 2183 1713 2236; x_wconf 81' lang='grc' dir='ltr'>τοῦτο</span> <span class='ocrx_word' id='word_1_295' title='bbox 1737 2181 1830 2258; x_wconf 79' lang='grc' dir='ltr'>ρύσινέ</span> 
     </span>
     <span class='ocr_line' id='line_1_22' title="bbox 284 2257 1832 2386; baseline -0.008 -53"><span class='ocrx_word' id='word_1_296' title='bbox 284 2277 458 2386; x_wconf 88' lang='grc' dir='ltr'>ρέπεται,ρ</span> <span class='ocrx_word' id='word_1_297' title='bbox 426 2262 555 2350; x_wconf 57' lang='grc' dir='ltr'><strong>ἄριτ·λ’4</strong></span> <span class='ocrx_word' id='word_1_298' title='bbox 525 2293 591 2330; x_wconf 85' lang='grc' dir='ltr'>ουσα</span> <span class='ocrx_word' id='word_1_299' title='bbox 617 2271 675 2351; x_wconf 88' lang='grc' dir='ltr'>περὶ</span> <span class='ocrx_word' id='word_1_300' title='bbox 699 2271 906 2350; x_wconf 83' lang='grc' dir='ltr'>χρήματωνρ</span> <span class='ocrx_word' id='word_1_301' title='bbox 872 2293 906 2346; x_wconf 88' lang='grc' dir='ltr'><strong>πρ</strong></span> <span class='ocrx_word' id='word_1_302' title='bbox 908 2270 996 2327; x_wconf 89' lang='grc' dir='ltr'>ύαοθον</span> <span class='ocrx_word' id='word_1_303' title='bbox 1016 2267 1061 2326; x_wconf 86' lang='grc' dir='ltr'>καὶ</span> <span class='ocrx_word' id='word_1_304' title='bbox 1108 2269 1217 2350; x_wconf 86' lang='grc' dir='ltr'>ιἰληθεέα</span> <span class='ocrx_word' id='word_1_305' title='bbox 1232 2269 1276 2328; x_wconf 88' lang='grc' dir='ltr'>καὶ</span> <span class='ocrx_word' id='word_1_306' title='bbox 1291 2273 1371 2350; x_wconf 82' lang='grc' dir='ltr'>ἀρετῇ</span> <span class='ocrx_word' id='word_1_307' title='bbox 1392 2269 1563 2342; x_wconf 83' lang='grc' dir='ltr'>κοσμεῖσθαι,</span> <span class='ocrx_word' id='word_1_308' title='bbox 1585 2257 1660 2344; x_wconf 79' lang='grc' dir='ltr'>(οἷον</span> <span class='ocrx_word' id='word_1_309' title='bbox 1676 2265 1708 2336; x_wconf 84' lang='lat'><strong>88</strong></span> <span class='ocrx_word' id='word_1_310' title='bbox 1725 2259 1832 2344; x_wconf 71' lang='grc' dir='ltr'>ρομενιῖ</span> 
     </span>
     <span class='ocr_line' id='line_1_23' title="bbox 283 2352 1820 2462; baseline -0.008 -42"><span class='ocrx_word' id='word_1_311' title='bbox 283 2363 410 2432; x_wconf 81' lang='grc' dir='ltr'>δαπάνην.</span> <span class='ocrx_word' id='word_1_312' title='bbox 450 2358 744 2438; x_wconf 85' lang='grc' dir='ltr'>Τθγθιρμόνοντότε</span> <span class='ocrx_word' id='word_1_313' title='bbox 770 2356 991 2428; x_wconf 61' lang='lat' dir='ltr'><strong>«tetensteten,</strong></span> <span class='ocrx_word' id='word_1_314' title='bbox 1018 2355 1062 2413; x_wconf 87' lang='grc' dir='ltr'>καὶ</span> <span class='ocrx_word' id='word_1_315' title='bbox 1110 2357 1156 2430; x_wconf 72' lang='grc' dir='ltr'><strong>τὴν</strong></span> <span class='ocrx_word' id='word_1_316' title='bbox 1174 2356 1281 2435; x_wconf 79' lang='grc' dir='ltr'>λογικὴν</span> <span class='ocrx_word' id='word_1_317' title='bbox 1295 2353 1497 2436; x_wconf 79' lang='grc' dir='ltr'>ψυχήν,)οιἰκ</span> <span class='ocrx_word' id='word_1_318' title='bbox 1483 2377 1515 2412; x_wconf 88' lang='grc' dir='ltr'><strong>αν</strong></span> <span class='ocrx_word' id='word_1_319' title='bbox 1540 2354 1626 2458; x_wconf 79' lang='grc' dir='ltr'>ἔροτις</span> <span class='ocrx_word' id='word_1_320' title='bbox 1647 2357 1714 2462; x_wconf 55' lang='grc' dir='ltr'>ημῖν</span> <span class='ocrx_word' id='word_1_321' title='bbox 1729 2352 1820 2425; x_wconf 77' lang='grc' dir='ltr'>ααθαρὶ</span> 
     </span>
    </p>

    <p class='ocr_par' dir='ltr' id='par_1_7' title="bbox 283 2439 1824 2613">
     <span class='ocr_line' id='line_1_24' title="bbox 283 2439 1820 2523; baseline -0.009 -17"><span class='ocrx_word' id='word_1_322' title='bbox 283 2452 463 2520; x_wconf 77' lang='grc' dir='ltr'>τἰπακτᾶσθαι,</span> <span class='ocrx_word' id='word_1_323' title='bbox 485 2445 564 2505; x_wconf 64' lang='lat' dir='ltr'><strong>test</strong></span> <span class='ocrx_word' id='word_1_324' title='bbox 550 2447 653 2504; x_wconf 75' lang='grc' dir='ltr'>δίδωσιν</span> <span class='ocrx_word' id='word_1_325' title='bbox 675 2449 688 2504; x_wconf 88' lang='lat'><strong>8</strong></span> <span class='ocrx_word' id='word_1_326' title='bbox 712 2444 802 2522; x_wconf 88' lang='grc' dir='ltr'>λόγος,</span> <span class='ocrx_word' id='word_1_327' title='bbox 830 2443 996 2523; x_wconf 78' lang='grc' dir='ltr'>μικρολογίας</span> <span class='ocrx_word' id='word_1_328' title='bbox 1016 2443 1060 2502; x_wconf 90' lang='grc' dir='ltr'>καὶ</span> <span class='ocrx_word' id='word_1_329' title='bbox 1111 2467 1179 2503; x_wconf 91' lang='grc' dir='ltr'>νοιτο</span> <span class='ocrx_word' id='word_1_330' title='bbox 1193 2448 1244 2503; x_wconf 88' lang='grc' dir='ltr'><strong>τῶν</strong></span> <span class='ocrx_word' id='word_1_331' title='bbox 1267 2445 1366 2503; x_wconf 86' lang='grc' dir='ltr'>καλῶν.</span> <span class='ocrx_word' id='word_1_332' title='bbox 1407 2445 1568 2522; x_wconf 86' lang='grc' dir='ltr'>Προαναιρ”</span> <span class='ocrx_word' id='word_1_333' title='bbox 1545 2464 1612 2500; x_wconf 85' lang='grc' dir='ltr'>ειται</span> <span class='ocrx_word' id='word_1_334' title='bbox 1635 2441 1687 2518; x_wconf 78' lang='grc' dir='ltr'><strong>γὰρ</strong></span> <span class='ocrx_word' id='word_1_335' title='bbox 1701 2443 1746 2510; x_wconf 75' lang='grc' dir='ltr'>ἡ</span> <span class='ocrx_word' id='word_1_336' title='bbox 1735 2439 1820 2512; x_wconf 77' lang='grc' dir='ltr'>οπιηὶέι</span> 
     </span>
     <span class='ocr_line' id='line_1_25' title="bbox 284 2526 1824 2613; baseline -0.006 -21"><span class='ocrx_word' id='word_1_337' title='bbox 284 2535 398 2599; x_wconf 76' lang='grc' dir='ltr'>ἀσωτίας</span> <span class='ocrx_word' id='word_1_338' title='bbox 412 2531 654 2613; x_wconf 84' lang='grc' dir='ltr'>προαναιρεῖτὶις’</span> <span class='ocrx_word' id='word_1_339' title='bbox 639 2529 770 2610; x_wconf 82' lang='grc' dir='ltr'>αρορμαές.</span> <span class='ocrx_word' id='word_1_340' title='bbox 812 2530 1059 2605; x_wconf 79' lang='grc' dir='ltr'>’ὶαθταδὶπέντα,</span> <span class='ocrx_word' id='word_1_341' title='bbox 1112 2535 1209 2608; x_wconf 76' lang='grc' dir='ltr'>φθορᾶς</span> <span class='ocrx_word' id='word_1_342' title='bbox 1224 2527 1272 2600; x_wconf 86' lang='grc' dir='ltr'><strong>την</strong></span> <span class='ocrx_word' id='word_1_343' title='bbox 1284 2529 1343 2608; x_wconf 89' lang='grc' dir='ltr'>περι</span> <span class='ocrx_word' id='word_1_344' title='bbox 1356 2535 1439 2588; x_wconf 88' lang='grc' dir='ltr'>ταυτα</span> <span class='ocrx_word' id='word_1_345' title='bbox 1458 2528 1585 2598; x_wconf 81' lang='grc' dir='ltr'>σπουδήν,</span> <span class='ocrx_word' id='word_1_346' title='bbox 1601 2526 1645 2584; x_wconf 83' lang='grc' dir='ltr'>καὶ</span> <span class='ocrx_word' id='word_1_347' title='bbox 1657 2550 1725 2604; x_wconf 88' lang='grc' dir='ltr'>προς</span> <span class='ocrx_word' id='word_1_348' title='bbox 1737 2527 1824 2583; x_wconf 58' lang='grc' dir='ltr'>ἀπολεῖ</span> 
     </span>
    </p>
   </div>
   <div class='ocr_carea' id='block_1_5' title="bbox 283 2698 1838 2776">
    <p class='ocr_par' dir='ltr' id='par_1_8' title="bbox 283 2698 1838 2776">
     <span class='ocr_line' id='line_1_26' title="bbox 283 2698 1838 2776; baseline -0.005 -16"><span class='ocrx_word' id='word_1_349' title='bbox 283 2705 439 2761; x_wconf 74' lang='lat' dir='ltr'><strong>admodum</strong></span> <span class='ocrx_word' id='word_1_350' title='bbox 460 2705 542 2759; x_wconf 92' lang='lat' dir='ltr'><strong>decet</strong></span> <span class='ocrx_word' id='word_1_351' title='bbox 562 2705 591 2757; x_wconf 93' lang='lat' dir='ltr'><strong>in</strong></span> <span class='ocrx_word' id='word_1_352' title='bbox 611 2702 693 2757; x_wconf 88' lang='lat' dir='ltr'><strong>dictis</strong></span> <span class='ocrx_word' id='word_1_353' title='bbox 709 2701 846 2776; x_wconf 86' lang='lat' dir='ltr'><strong>factisque</strong></span> <span class='ocrx_word' id='word_1_354' title='bbox 863 2703 1061 2757; x_wconf 82' lang='lat' dir='ltr'><strong>observandas.</strong></span> <span class='ocrx_word' id='word_1_355' title='bbox 1082 2729 1087 2753; x_wconf 84' lang='grc' dir='ltr'><strong>ι</strong></span> <span class='ocrx_word' id='word_1_356' title='bbox 1109 2711 1210 2757; x_wconf 86' lang='lat' dir='ltr'><strong>natura</strong></span> <span class='ocrx_word' id='word_1_357' title='bbox 1230 2703 1260 2755; x_wconf 90' lang='lat' dir='ltr'><strong>in</strong></span> <span class='ocrx_word' id='word_1_358' title='bbox 1272 2702 1356 2756; x_wconf 89' lang='lat' dir='ltr'><strong>nobis</strong></span> <span class='ocrx_word' id='word_1_359' title='bbox 1373 2702 1427 2768; x_wconf 87' lang='lat' dir='ltr'><strong>sit,</strong></span> <span class='ocrx_word' id='word_1_360' title='bbox 1446 2702 1492 2755; x_wconf 85' lang='lat' dir='ltr'><strong>cui</strong></span> <span class='ocrx_word' id='word_1_361' title='bbox 1509 2701 1599 2754; x_wconf 76' lang='lat' dir='ltr'><strong>virtus</strong></span> <span class='ocrx_word' id='word_1_362' title='bbox 1621 2699 1759 2772; x_wconf 82' lang='lat' dir='ltr'><strong>prodest,</strong></span> <span class='ocrx_word' id='word_1_363' title='bbox 1771 2698 1838 2766; x_wconf 75' lang='lat' dir='ltr'><strong>visq&#39;</strong></span> 
     </span>
    </p>
   </div>
   <div class='ocr_carea' id='block_1_6' title="bbox 193 2783 1845 2870">
    <p class='ocr_par' dir='ltr' id='par_1_9' title="bbox 193 2783 1845 2870">
     <span class='ocr_line' id='line_1_27' title="bbox 193 2783 1845 2870; baseline -0.005 -23"><span class='ocrx_word' id='word_1_364' title='bbox 193 2867 194 2870; x_wconf 8' lang='grc' dir='ltr'><strong>Ἴ</strong></span> <span class='ocrx_word' id='word_1_365' title='bbox 285 2794 378 2846; x_wconf 83' lang='lat' dir='ltr'>Docet</span> <span class='ocrx_word' id='word_1_366' title='bbox 398 2791 519 2844; x_wconf 87' lang='lat' dir='ltr'><strong>euimex</strong></span> <span class='ocrx_word' id='word_1_367' title='bbox 537 2789 570 2843; x_wconf 90' lang='lat' dir='ltr'><strong>iis</strong></span> <span class='ocrx_word' id='word_1_368' title='bbox 586 2807 658 2842; x_wconf 87' lang='lat' dir='ltr'><strong>unus</strong></span> <span class='ocrx_word' id='word_1_369' title='bbox 675 2787 875 2861; x_wconf 76' lang='lat' dir='ltr'>prudentiam,</span> <span class='ocrx_word' id='word_1_370' title='bbox 891 2789 961 2843; x_wconf 89' lang='lat' dir='ltr'><strong>alter</strong></span> <span class='ocrx_word' id='word_1_371' title='bbox 979 2789 1061 2842; x_wconf 83' lang='lat' dir='ltr'><strong>sorti·</strong></span> <span class='ocrx_word' id='word_1_372' title='bbox 1110 2806 1193 2844; x_wconf 87' lang='lat' dir='ltr'><strong>causa</strong></span> <span class='ocrx_word' id='word_1_373' title='bbox 1206 2788 1315 2844; x_wconf 79' lang='lat' dir='ltr'><strong>divitias</strong></span> <span class='ocrx_word' id='word_1_374' title='bbox 1327 2800 1375 2843; x_wconf 90' lang='lat' dir='ltr'><strong>aut</strong></span> <span class='ocrx_word' id='word_1_375' title='bbox 1393 2790 1584 2862; x_wconf 75' lang='lat' dir='ltr'><strong>principatum</strong></span> <span class='ocrx_word' id='word_1_376' title='bbox 1600 2783 1845 2862; x_wconf 73' lang='lat' dir='ltr'><strong>repudiaturisiu8</strong></span> 
     </span>
    </p>
   </div>
   <div class='ocr_carea' id='block_1_7' title="bbox 285 2875 1845 5215">
    <p class='ocr_par' dir='ltr' id='par_1_10' title="bbox 285 2875 1845 5215">
     <span class='ocr_line' id='line_1_28' title="bbox 286 2875 1808 2948; baseline -0.005 -14"><span class='ocrx_word' id='word_1_377' title='bbox 286 2879 427 2944; x_wconf 87' lang='lat' dir='ltr'><strong>tudinem,</strong></span> <span class='ocrx_word' id='word_1_378' title='bbox 445 2877 541 2930; x_wconf 88' lang='lat' dir='ltr'><strong>tertius</strong></span> <span class='ocrx_word' id='word_1_379' title='bbox 554 2877 785 2948; x_wconf 63' lang='lat' dir='ltr'><strong>temperantiam</strong></span> <span class='ocrx_word' id='word_1_380' title='bbox 808 2893 907 2930; x_wconf 82' lang='lat' dir='ltr'><strong>eorum</strong></span> <span class='ocrx_word' id='word_1_381' title='bbox 921 2892 989 2929; x_wconf 81' lang='lat' dir='ltr'><strong>vero</strong></span> <span class='ocrx_word' id='word_1_382' title='bbox 1000 2877 1063 2948; x_wconf 88' lang='lat' dir='ltr'><strong>pri·</strong></span> <span class='ocrx_word' id='word_1_383' title='bbox 1109 2876 1301 2947; x_wconf 69' lang='lat' dir='ltr'><strong>Quamobrem</strong></span> <span class='ocrx_word' id='word_1_384' title='bbox 1317 2886 1346 2929; x_wconf 89' lang='lat' dir='ltr'><strong>et</strong></span> <span class='ocrx_word' id='word_1_385' title='bbox 1368 2876 1427 2947; x_wconf 90' lang='lat' dir='ltr'><strong>illi,</strong></span> <span class='ocrx_word' id='word_1_386' title='bbox 1444 2877 1494 2947; x_wconf 91' lang='lat' dir='ltr'><strong>qui</strong></span> <span class='ocrx_word' id='word_1_387' title='bbox 1516 2876 1642 2929; x_wconf 90' lang='lat' dir='ltr'><strong>animum</strong></span> <span class='ocrx_word' id='word_1_388' title='bbox 1665 2875 1808 2928; x_wconf 79' lang='lat' dir='ltr'><strong>mortalem</strong></span> 
     </span>
     <span class='ocr_line' id='line_1_29' title="bbox 285 2960 1809 3039; baseline -0.005 -19"><span class='ocrx_word' id='word_1_389' title='bbox 285 2965 500 3026; x_wconf 56' lang='lat' dir='ltr'><strong>meeber-tatus</strong></span> <span class='ocrx_word' id='word_1_390' title='bbox 537 2961 574 3016; x_wconf 89' lang='lat' dir='ltr'><strong>ad</strong></span> <span class='ocrx_word' id='word_1_391' title='bbox 600 2960 715 3032; x_wconf 82' lang='lat' dir='ltr'><strong>justitiae</strong></span> <span class='ocrx_word' id='word_1_392' title='bbox 738 2964 980 3031; x_wconf 78' lang='lat' dir='ltr'><strong>exercitationem,</strong></span> <span class='ocrx_word' id='word_1_393' title='bbox 1002 2982 1064 3036; x_wconf 85' lang='lat' dir='ltr'><strong>quae</strong></span> <span class='ocrx_word' id='word_1_394' title='bbox 1109 2963 1295 3037; x_wconf 78' lang='lat' dir='ltr'><strong>arbitrantur,</strong></span> <span class='ocrx_word' id='word_1_395' title='bbox 1320 2983 1408 3039; x_wconf 92' lang='lat' dir='ltr'><strong>quum</strong></span> <span class='ocrx_word' id='word_1_396' title='bbox 1435 2963 1469 3018; x_wconf 91' lang='lat' dir='ltr'><strong>de</strong></span> <span class='ocrx_word' id='word_1_397' title='bbox 1494 2963 1599 3018; x_wconf 80' lang='lat' dir='ltr'><strong>virtute</strong></span> <span class='ocrx_word' id='word_1_398' title='bbox 1625 2981 1687 3017; x_wconf 89' lang='lat' dir='ltr'><strong>non</strong></span> <span class='ocrx_word' id='word_1_399' title='bbox 1714 2961 1809 3034; x_wconf 81' lang='lat' dir='ltr'><strong>projiu&#39;</strong></span> 
     </span>
     <span class='ocr_line' id='line_1_30' title="bbox 288 3049 1826 3125; baseline -0.003 -18"><span class='ocrx_word' id='word_1_400' title='bbox 288 3053 475 3107; x_wconf 69' lang='lat' dir='ltr'><strong>cammuniter</strong></span> <span class='ocrx_word' id='word_1_401' title='bbox 489 3051 520 3103; x_wconf 95' lang='lat' dir='ltr'><strong>in</strong></span> <span class='ocrx_word' id='word_1_402' title='bbox 537 3051 644 3104; x_wconf 80' lang='lat' dir='ltr'><strong>caeteris</strong></span> <span class='ocrx_word' id='word_1_403' title='bbox 658 3049 790 3105; x_wconf 88' lang='lat' dir='ltr'><strong>omnibus</strong></span> <span class='ocrx_word' id='word_1_404' title='bbox 805 3051 956 3104; x_wconf 88' lang='lat' dir='ltr'><strong>virtutibus</strong></span> <span class='ocrx_word' id='word_1_405' title='bbox 971 3053 1063 3105; x_wconf 86' lang='lat' dir='ltr'><strong>cerni·</strong></span> <span class='ocrx_word' id='word_1_406' title='bbox 1110 3051 1267 3125; x_wconf 87' lang='lat' dir='ltr'><strong>disputant,</strong></span> <span class='ocrx_word' id='word_1_407' title='bbox 1289 3055 1355 3108; x_wconf 80' lang='lat' dir='ltr'><strong>scite</strong></span> <span class='ocrx_word' id='word_1_408' title='bbox 1379 3052 1547 3107; x_wconf 82' lang='lat' dir='ltr'><strong>cavillantur</strong></span> <span class='ocrx_word' id='word_1_409' title='bbox 1570 3052 1687 3124; x_wconf 85' lang='lat' dir='ltr'><strong>potius,</strong></span> <span class='ocrx_word' id='word_1_410' title='bbox 1717 3067 1798 3122; x_wconf 87' lang='lat' dir='ltr'><strong>quam</strong></span> <span class='ocrx_word' id='word_1_411' title='bbox 1816 3066 1826 3094; x_wconf 76' lang='grc' dir='ltr'><strong>ι</strong></span> 
     </span>
     <span class='ocr_line' id='line_1_31' title="bbox 286 3137 1827 3212; baseline -0.003 -20"><span class='ocrx_word' id='word_1_412' title='bbox 286 3141 417 3194; x_wconf 75' lang='lat' dir='ltr'><strong>turziste</strong></span> <span class='ocrx_word' id='word_1_413' title='bbox 431 3139 769 3205; x_wconf 79' lang='lat' dir='ltr'><strong>autemversus,divitias</strong></span> <span class='ocrx_word' id='word_1_414' title='bbox 779 3139 998 3192; x_wconf 80' lang='lat' dir='ltr'><strong>autemilbenrer</strong></span> <span class='ocrx_word' id='word_1_415' title='bbox 1012 3141 1064 3192; x_wconf 84' lang='lat' dir='ltr'><strong>nli·</strong></span> <span class='ocrx_word' id='word_1_416' title='bbox 1107 3138 1268 3212; x_wconf 86' lang='lat' dir='ltr'><strong>proferunt.</strong></span> <span class='ocrx_word' id='word_1_417' title='bbox 1294 3140 1352 3195; x_wconf 88' lang='lat' dir='ltr'><strong>Nisi</strong></span> <span class='ocrx_word' id='word_1_418' title='bbox 1374 3141 1447 3194; x_wconf 90' lang='lat' dir='ltr'><strong>enim</strong></span> <span class='ocrx_word' id='word_1_419' title='bbox 1470 3137 1553 3191; x_wconf 88' lang='lat' dir='ltr'><strong>nobis</strong></span> <span class='ocrx_word' id='word_1_420' title='bbox 1576 3139 1679 3192; x_wconf 83' lang='lat' dir='ltr'><strong>inesset</strong></span> <span class='ocrx_word' id='word_1_421' title='bbox 1697 3137 1800 3209; x_wconf 85' lang='lat' dir='ltr'><strong>aliquid</strong></span> <span class='ocrx_word' id='word_1_422' title='bbox 1824 3181 1827 3186; x_wconf 76' lang='grc'>,</span> 
     </span>
     <span class='ocr_line' id='line_1_32' title="bbox 286 3225 1798 3300; baseline -0.001 -20"><span class='ocrx_word' id='word_1_423' title='bbox 286 3227 397 3300; x_wconf 84' lang='lat' dir='ltr'><strong>quando</strong></span> <span class='ocrx_word' id='word_1_424' title='bbox 417 3243 523 3298; x_wconf 67' lang='lat' dir='ltr'><strong>quare,</strong></span> <span class='ocrx_word' id='word_1_425' title='bbox 548 3226 700 3298; x_wconf 79' lang='lat' dir='ltr'><strong>aliquando</strong></span> <span class='ocrx_word' id='word_1_426' title='bbox 728 3229 833 3293; x_wconf 78' lang='lat' dir='ltr'><strong>aazittc,</strong></span> <span class='ocrx_word' id='word_1_427' title='bbox 861 3225 945 3280; x_wconf 87' lang='lat' dir='ltr'><strong>docet</strong></span> <span class='ocrx_word' id='word_1_428' title='bbox 974 3245 1064 3300; x_wconf 88' lang='lat' dir='ltr'><strong>porro</strong></span> <span class='ocrx_word' id='word_1_429' title='bbox 1108 3239 1230 3282; x_wconf 89' lang='lat' dir='ltr'><strong>mortem</strong></span> <span class='ocrx_word' id='word_1_430' title='bbox 1245 3237 1384 3300; x_wconf 88' lang='lat' dir='ltr'><strong>superstes</strong></span> <span class='ocrx_word' id='word_1_431' title='bbox 1402 3225 1528 3280; x_wconf 83' lang='lat' dir='ltr'><strong>futurum</strong></span> <span class='ocrx_word' id='word_1_432' title='bbox 1545 3235 1632 3297; x_wconf 89' lang='lat' dir='ltr'><strong>atque</strong></span> <span class='ocrx_word' id='word_1_433' title='bbox 1648 3227 1688 3279; x_wconf 91' lang='lat' dir='ltr'><strong>ita</strong></span> <span class='ocrx_word' id='word_1_434' title='bbox 1700 3227 1798 3278; x_wconf 70' lang='lat' dir='ltr'><strong>natnrsl</strong></span> 
     </span>
     <span class='ocr_line' id='line_1_33' title="bbox 286 3311 1806 3388; baseline -0.001 -22"><span class='ocrx_word' id='word_1_435' title='bbox 286 3313 467 3388; x_wconf 87' lang='lat' dir='ltr'><strong>temperantis</strong></span> <span class='ocrx_word' id='word_1_436' title='bbox 493 3311 650 3367; x_wconf 82' lang='lat' dir='ltr'><strong>allectionis</strong></span> <span class='ocrx_word' id='word_1_437' title='bbox 674 3313 808 3368; x_wconf 88' lang='lat' dir='ltr'><strong>comitem</strong></span> <span class='ocrx_word' id='word_1_438' title='bbox 831 3330 889 3367; x_wconf 84' lang='lat' dir='ltr'><strong>esse</strong></span> <span class='ocrx_word' id='word_1_439' title='bbox 913 3312 1066 3368; x_wconf 84' lang='lat' dir='ltr'><strong>liberalita—</strong></span> <span class='ocrx_word' id='word_1_440' title='bbox 1108 3324 1250 3387; x_wconf 85' lang='lat' dir='ltr'><strong>paratum,</strong></span> <span class='ocrx_word' id='word_1_441' title='bbox 1263 3324 1295 3368; x_wconf 91' lang='lat' dir='ltr'><strong>ut</strong></span> <span class='ocrx_word' id='word_1_442' title='bbox 1308 3316 1412 3369; x_wconf 89' lang='lat' dir='ltr'><strong>virtute</strong></span> <span class='ocrx_word' id='word_1_443' title='bbox 1427 3323 1455 3367; x_wconf 90' lang='lat' dir='ltr'><strong>et</strong></span> <span class='ocrx_word' id='word_1_444' title='bbox 1468 3313 1586 3368; x_wconf 84' lang='lat' dir='ltr'><strong>veritate</strong></span> <span class='ocrx_word' id='word_1_445' title='bbox 1599 3313 1698 3366; x_wconf 88' lang='lat' dir='ltr'><strong>ornari</strong></span> <span class='ocrx_word' id='word_1_446' title='bbox 1713 3323 1806 3384; x_wconf 86' lang='lat' dir='ltr'><strong>queat,</strong></span> 
     </span>
     <span class='ocr_line' id='line_1_34' title="bbox 286 3397 1826 3474; baseline -0.006 -18"><span class='ocrx_word' id='word_1_447' title='bbox 286 3412 436 3474; x_wconf 67' lang='lat' dir='ltr'><strong>te1n7quae</strong></span> <span class='ocrx_word' id='word_1_448' title='bbox 451 3400 480 3453; x_wconf 93' lang='lat' dir='ltr'><strong>in</strong></span> <span class='ocrx_word' id='word_1_449' title='bbox 501 3399 638 3456; x_wconf 85' lang='lat' dir='ltr'><strong>virtutum</strong></span> <span class='ocrx_word' id='word_1_450' title='bbox 649 3417 769 3454; x_wconf 88' lang='lat' dir='ltr'><strong>numero</strong></span> <span class='ocrx_word' id='word_1_451' title='bbox 787 3401 881 3474; x_wconf 88' lang='lat' dir='ltr'><strong>posita</strong></span> <span class='ocrx_word' id='word_1_452' title='bbox 893 3400 968 3454; x_wconf 89' lang='lat' dir='ltr'><strong>circa</strong></span> <span class='ocrx_word' id='word_1_453' title='bbox 980 3419 1068 3474; x_wconf 91' lang='lat' dir='ltr'><strong>pecu·</strong></span> <span class='ocrx_word' id='word_1_454' title='bbox 1106 3397 1232 3470; x_wconf 74' lang='lat' dir='ltr'><strong>jusmodi</strong></span> <span class='ocrx_word' id='word_1_455' title='bbox 1245 3417 1302 3454; x_wconf 82' lang='lat' dir='ltr'><strong>esse</strong></span> <span class='ocrx_word' id='word_1_456' title='bbox 1311 3399 1430 3454; x_wconf 88' lang='lat' dir='ltr'><strong>dicimus</strong></span> <span class='ocrx_word' id='word_1_457' title='bbox 1440 3399 1563 3453; x_wconf 86' lang='lat' dir='ltr'><strong>animum</strong></span> <span class='ocrx_word' id='word_1_458' title='bbox 1574 3399 1768 3468; x_wconf 65' lang='lat' dir='ltr'><strong>rationalem)</strong></span> <span class='ocrx_word' id='word_1_459' title='bbox 1782 3399 1826 3450; x_wconf 89' lang='lat' dir='ltr'><strong>null</strong></span> 
     </span>
     <span class='ocr_line' id='line_1_35' title="bbox 286 3485 1819 3548; baseline -0.002 -8"><span class='ocrx_word' id='word_1_460' title='bbox 286 3505 398 3542; x_wconf 80' lang='lat' dir='ltr'><strong>ararum</strong></span> <span class='ocrx_word' id='word_1_461' title='bbox 407 3486 531 3542; x_wconf 81' lang='lat' dir='ltr'><strong>reditum</strong></span> <span class='ocrx_word' id='word_1_462' title='bbox 540 3497 569 3540; x_wconf 94' lang='lat' dir='ltr'><strong>et</strong></span> <span class='ocrx_word' id='word_1_463' title='bbox 582 3496 687 3542; x_wconf 84' lang='lat' dir='ltr'><strong>sumtus</strong></span> <span class='ocrx_word' id='word_1_464' title='bbox 697 3497 834 3548; x_wconf 69' lang='lat' dir='ltr'><strong>venentur</strong></span> <span class='ocrx_word' id='word_1_465' title='bbox 853 3489 901 3542; x_wconf 82' lang='lat' dir='ltr'><strong>llae</strong></span> <span class='ocrx_word' id='word_1_466' title='bbox 914 3505 989 3542; x_wconf 79' lang='lat' dir='ltr'><strong>enam</strong></span> <span class='ocrx_word' id='word_1_467' title='bbox 1001 3498 1067 3543; x_wconf 92' lang='lat' dir='ltr'><strong>tunc</strong></span> <span class='ocrx_word' id='word_1_468' title='bbox 1112 3489 1196 3542; x_wconf 83' lang='lat' dir='ltr'><strong>nobis</strong></span> <span class='ocrx_word' id='word_1_469' title='bbox 1228 3489 1366 3543; x_wconf 86' lang='lat' dir='ltr'><strong>sincerum</strong></span> <span class='ocrx_word' id='word_1_470' title='bbox 1400 3488 1474 3542; x_wconf 83' lang='lat' dir='ltr'><strong>foret</strong></span> <span class='ocrx_word' id='word_1_471' title='bbox 1494 3486 1681 3541; x_wconf 88' lang='lat' dir='ltr'><strong>bonestorum</strong></span> <span class='ocrx_word' id='word_1_472' title='bbox 1713 3485 1819 3540; x_wconf 74' lang='lat' dir='ltr'><strong>desideri</strong></span> 
     </span>
     <span class='ocr_line' id='line_1_36' title="bbox 288 3569 1829 3673; baseline -0.004 -44"><span class='ocrx_word' id='word_1_473' title='bbox 288 3584 415 3646; x_wconf 87' lang='lat' dir='ltr'><strong>tantum,</strong></span> <span class='ocrx_word' id='word_1_474' title='bbox 430 3591 519 3647; x_wconf 88' lang='lat' dir='ltr'><strong>quum</strong></span> <span class='ocrx_word' id='word_1_475' title='bbox 541 3576 613 3628; x_wconf 75' lang='lat' dir='ltr'><strong>ratio</strong></span> <span class='ocrx_word' id='word_1_476' title='bbox 627 3573 741 3646; x_wconf 87' lang='lat' dir='ltr'><strong>suadet,</strong></span> <span class='ocrx_word' id='word_1_477' title='bbox 771 3573 893 3647; x_wconf 67' lang='lat' dir='ltr'><strong>quaesitae</strong></span> <span class='ocrx_word' id='word_1_478' title='bbox 912 3584 940 3628; x_wconf 88' lang='lat' dir='ltr'><strong>et</strong></span> <span class='ocrx_word' id='word_1_479' title='bbox 961 3592 1066 3673; x_wconf 86' lang='lat' dir='ltr'><strong>expen·</strong></span> <span class='ocrx_word' id='word_1_480' title='bbox 1114 3569 1263 3628; x_wconf 81' lang='lat' dir='ltr'><strong>Praecludit</strong></span> <span class='ocrx_word' id='word_1_481' title='bbox 1278 3591 1351 3628; x_wconf 81' lang='lat' dir='ltr'><strong>euim</strong></span> <span class='ocrx_word' id='word_1_482' title='bbox 1364 3575 1467 3628; x_wconf 87' lang='lat' dir='ltr'><strong>borum</strong></span> <span class='ocrx_word' id='word_1_483' title='bbox 1481 3573 1606 3628; x_wconf 79' lang='lat' dir='ltr'><strong>studium</strong></span> <span class='ocrx_word' id='word_1_484' title='bbox 1626 3591 1753 3646; x_wconf 74' lang='lat' dir='ltr'><strong>suspicio</strong></span> <span class='ocrx_word' id='word_1_485' title='bbox 1765 3574 1800 3625; x_wconf 86' lang='lat' dir='ltr'><strong>rnt</strong></span> <span class='ocrx_word' id='word_1_486' title='bbox 1825 3570 1829 3580; x_wconf 82' lang='lat'><strong>‘</strong></span> 
     </span>
     <span class='ocr_line' id='line_1_37' title="bbox 290 3641 1845 3734; baseline -0.004 -18"><span class='ocrx_word' id='word_1_487' title='bbox 290 3661 385 3716; x_wconf 90' lang='lat' dir='ltr'><strong>dendo</strong></span> <span class='ocrx_word' id='word_1_488' title='bbox 400 3662 506 3716; x_wconf 85' lang='lat' dir='ltr'><strong>amissae</strong></span> <span class='ocrx_word' id='word_1_489' title='bbox 519 3659 646 3716; x_wconf 87' lang='lat' dir='ltr'><strong>sordium</strong></span> <span class='ocrx_word' id='word_1_490' title='bbox 659 3671 687 3715; x_wconf 90' lang='lat' dir='ltr'><strong>et</strong></span> <span class='ocrx_word' id='word_1_491' title='bbox 708 3659 895 3734; x_wconf 70' lang='lat' dir='ltr'><strong>prodigentia</strong></span> <span class='ocrx_word' id='word_1_492' title='bbox 908 3662 1070 3716; x_wconf 79' lang='lat' dir='ltr'><strong>occasiones</strong></span> <span class='ocrx_word' id='word_1_493' title='bbox 1113 3669 1142 3712; x_wconf 85' lang='lat' dir='ltr'><strong>et</strong></span> <span class='ocrx_word' id='word_1_494' title='bbox 1153 3677 1205 3713; x_wconf 91' lang='lat' dir='ltr'><strong>nos</strong></span> <span class='ocrx_word' id='word_1_495' title='bbox 1216 3660 1252 3715; x_wconf 89' lang='lat' dir='ltr'><strong>ad</strong></span> <span class='ocrx_word' id='word_1_496' title='bbox 1261 3679 1414 3734; x_wconf 88' lang='lat' dir='ltr'><strong>corporeas</strong></span> <span class='ocrx_word' id='word_1_497' title='bbox 1425 3661 1597 3734; x_wconf 83' lang='lat' dir='ltr'><strong>voluptates,</strong></span> <span class='ocrx_word' id='word_1_498' title='bbox 1610 3641 1845 3732; x_wconf 81' lang='lat' dir='ltr'><strong>qualescunqueta8</strong></span> 
     </span>
     <span class='ocr_line' id='line_1_38' title="bbox 290 3742 1811 3822; baseline -0.002 -20"><span class='ocrx_word' id='word_1_499' title='bbox 290 3746 458 3822; x_wconf 70' lang='lat' dir='ltr'><strong>praecidunt.</strong></span> <span class='ocrx_word' id='word_1_500' title='bbox 475 3751 512 3802; x_wconf 77' lang='lat' dir='ltr'><strong>At</strong></span> <span class='ocrx_word' id='word_1_501' title='bbox 526 3749 621 3802; x_wconf 86' lang='lat' dir='ltr'><strong>omnia</strong></span> <span class='ocrx_word' id='word_1_502' title='bbox 635 3748 687 3802; x_wconf 85' lang='lat' dir='ltr'><strong>ista</strong></span> <span class='ocrx_word' id='word_1_503' title='bbox 699 3747 734 3802; x_wconf 91' lang='lat' dir='ltr'><strong>ab</strong></span> <span class='ocrx_word' id='word_1_504' title='bbox 749 3747 874 3820; x_wconf 89' lang='lat' dir='ltr'><strong>eoquod</strong></span> <span class='ocrx_word' id='word_1_505' title='bbox 887 3758 928 3802; x_wconf 89' lang='lat' dir='ltr'><strong>est</strong></span> <span class='ocrx_word' id='word_1_506' title='bbox 938 3766 968 3801; x_wconf 87' lang='lat' dir='ltr'><strong>se</strong></span> <span class='ocrx_word' id='word_1_507' title='bbox 981 3753 1068 3822; x_wconf 83' lang='lat' dir='ltr'><strong>ipsum</strong></span> <span class='ocrx_word' id='word_1_508' title='bbox 1114 3742 1178 3797; x_wconf 89' lang='lat' dir='ltr'><strong>dem</strong></span> <span class='ocrx_word' id='word_1_509' title='bbox 1194 3745 1247 3800; x_wconf 85' lang='lat' dir='ltr'><strong>illae</strong></span> <span class='ocrx_word' id='word_1_510' title='bbox 1259 3757 1326 3802; x_wconf 87' lang='lat' dir='ltr'><strong>sunt</strong></span> <span class='ocrx_word' id='word_1_511' title='bbox 1338 3759 1366 3802; x_wconf 90' lang='lat' dir='ltr'><strong>et</strong></span> <span class='ocrx_word' id='word_1_512' title='bbox 1379 3747 1568 3820; x_wconf 86' lang='lat' dir='ltr'><strong>undecunque</strong></span> <span class='ocrx_word' id='word_1_513' title='bbox 1582 3749 1744 3821; x_wconf 87' lang='lat' dir='ltr'><strong>comparari</strong></span> <span class='ocrx_word' id='word_1_514' title='bbox 1756 3763 1811 3820; x_wconf 74' lang='lat' dir='ltr'><strong>poss</strong></span> 
     </span>
     <span class='ocr_line' id='line_1_39' title="bbox 290 3831 1845 3908; baseline -0.003 -18"><span class='ocrx_word' id='word_1_515' title='bbox 290 3839 394 3902; x_wconf 83' lang='lat' dir='ltr'><strong>vereri,</strong></span> <span class='ocrx_word' id='word_1_516' title='bbox 414 3845 549 3906; x_wconf 83' lang='lat' dir='ltr'><strong>tanquam</strong></span> <span class='ocrx_word' id='word_1_517' title='bbox 570 3833 678 3890; x_wconf 82' lang='lat' dir='ltr'><strong>afonte</strong></span> <span class='ocrx_word' id='word_1_518' title='bbox 701 3845 728 3890; x_wconf 88' lang='lat' dir='ltr'><strong>et</strong></span> <span class='ocrx_word' id='word_1_519' title='bbox 751 3837 894 3908; x_wconf 89' lang='lat' dir='ltr'><strong>principio</strong></span> <span class='ocrx_word' id='word_1_520' title='bbox 914 3834 1067 3890; x_wconf 91' lang='lat' dir='ltr'><strong>ducuntur.</strong></span> <span class='ocrx_word' id='word_1_521' title='bbox 1113 3831 1236 3890; x_wconf 75' lang='lat' dir='ltr'><strong>attrabit.</strong></span> <span class='ocrx_word' id='word_1_522' title='bbox 1250 3833 1314 3904; x_wconf 85' lang='lat' dir='ltr'><strong>Quo</strong></span> <span class='ocrx_word' id='word_1_523' title='bbox 1329 3837 1403 3889; x_wconf 87' lang='lat' dir='ltr'><strong>enim</strong></span> <span class='ocrx_word' id='word_1_524' title='bbox 1417 3846 1502 3908; x_wconf 87' lang='lat' dir='ltr'><strong>pacto</strong></span> <span class='ocrx_word' id='word_1_525' title='bbox 1517 3835 1553 3889; x_wconf 81' lang='lat' dir='ltr'><strong>ele</strong></span> <span class='ocrx_word' id='word_1_526' title='bbox 1566 3835 1683 3889; x_wconf 88' lang='lat' dir='ltr'><strong>illorum</strong></span> <span class='ocrx_word' id='word_1_527' title='bbox 1695 3832 1840 3889; x_wconf 84' lang='lat' dir='ltr'><strong>sententia</strong></span> <span class='ocrx_word' id='word_1_528' title='bbox 1844 3885 1845 3906; x_wconf 61' lang='lat'><strong>,</strong></span> 
     </span>
     <span class='ocr_line' id='line_1_40' title="bbox 293 3917 1811 3995; baseline 0 -17"><span class='ocrx_word' id='word_1_529' title='bbox 293 3925 356 3978; x_wconf 90' lang='lat' dir='ltr'><strong>lloc</strong></span> <span class='ocrx_word' id='word_1_530' title='bbox 374 3939 442 3976; x_wconf 77' lang='lat' dir='ltr'><strong>vero</strong></span> <span class='ocrx_word' id='word_1_531' title='bbox 455 3931 628 3994; x_wconf 69' lang='lat' dir='ltr'><strong>praeceptum</strong></span> <span class='ocrx_word' id='word_1_532' title='bbox 642 3923 671 3977; x_wconf 92' lang='lat' dir='ltr'><strong>in</strong></span> <span class='ocrx_word' id='word_1_533' title='bbox 695 3940 725 3976; x_wconf 89' lang='lat' dir='ltr'><strong>se</strong></span> <span class='ocrx_word' id='word_1_534' title='bbox 739 3923 923 3995; x_wconf 89' lang='lat' dir='ltr'><strong>anticipatum</strong></span> <span class='ocrx_word' id='word_1_535' title='bbox 943 3925 1070 3978; x_wconf 92' lang='lat' dir='ltr'><strong>continet</strong></span> <span class='ocrx_word' id='word_1_536' title='bbox 1113 3917 1262 3989; x_wconf 75' lang='lat' dir='ltr'><strong>prudentis</strong></span> <span class='ocrx_word' id='word_1_537' title='bbox 1274 3929 1324 3974; x_wconf 76' lang='lat' dir='ltr'><strong>aul</strong></span> <span class='ocrx_word' id='word_1_538' title='bbox 1340 3923 1423 3975; x_wconf 81' lang='lat' dir='ltr'><strong>etiam</strong></span> <span class='ocrx_word' id='word_1_539' title='bbox 1437 3919 1575 3975; x_wconf 83' lang='lat' dir='ltr'><strong>mediocri</strong></span> <span class='ocrx_word' id='word_1_540' title='bbox 1585 3920 1698 3991; x_wconf 85' lang='lat' dir='ltr'><strong>judicio</strong></span> <span class='ocrx_word' id='word_1_541' title='bbox 1711 3919 1811 3992; x_wconf 65' lang='lat' dir='ltr'><strong>prtdili</strong></span> 
     </span>
     <span class='ocr_line' id='line_1_41' title="bbox 291 3909 1845 4158; baseline -0.002 -96"><span class='ocrx_word' id='word_1_542' title='bbox 291 4007 363 4063; x_wconf 91' lang='lat' dir='ltr'><strong>illud</strong></span> <span class='ocrx_word' id='word_1_543' title='bbox 382 4019 412 4062; x_wconf 32' lang='lat' dir='ltr'><strong>*te</strong></span> <span class='ocrx_word' id='word_1_544' title='bbox 440 4013 529 4081; x_wconf 73' lang='lat' dir='ltr'><strong>ipsum</strong></span> <span class='ocrx_word' id='word_1_545' title='bbox 553 4027 645 4072; x_wconf 79' lang='lat' dir='ltr'><strong>nosce,</strong></span> <span class='ocrx_word' id='word_1_546' title='bbox 676 4010 755 4082; x_wconf 88' lang='lat' dir='ltr'><strong>quod</strong></span> <span class='ocrx_word' id='word_1_547' title='bbox 780 4012 908 4064; x_wconf 90' lang='lat' dir='ltr'><strong>omnium</strong></span> <span class='ocrx_word' id='word_1_548' title='bbox 927 4009 1069 4064; x_wconf 89' lang='lat' dir='ltr'><strong>bonarum</strong></span> <span class='ocrx_word' id='word_1_549' title='bbox 1114 4005 1254 4076; x_wconf 80' lang='lat' dir='ltr'><strong>rideatur,</strong></span> <span class='ocrx_word' id='word_1_550' title='bbox 1266 4025 1324 4062; x_wconf 92' lang='lat' dir='ltr'><strong>non</strong></span> <span class='ocrx_word' id='word_1_551' title='bbox 1339 4010 1435 4063; x_wconf 87' lang='lat' dir='ltr'><strong>omnia</strong></span> <span class='ocrx_word' id='word_1_552' title='bbox 1445 4009 1560 4081; x_wconf 91' lang='lat' dir='ltr'><strong>corpori</strong></span> <span class='ocrx_word' id='word_1_553' title='bbox 1571 3909 1845 4158; x_wconf 65' lang='lat' dir='ltr'><strong>indulgere,me</strong></span> 
     </span>
     <span class='ocr_line' id='line_1_42' title="bbox 292 4091 1833 4168; baseline -0.002 -19"><span class='ocrx_word' id='word_1_554' title='bbox 292 4095 436 4149; x_wconf 83' lang='lat' dir='ltr'><strong>actionum</strong></span> <span class='ocrx_word' id='word_1_555' title='bbox 453 4095 601 4166; x_wconf 85' lang='lat' dir='ltr'><strong>omnisque</strong></span> <span class='ocrx_word' id='word_1_556' title='bbox 625 4098 849 4168; x_wconf 66' lang='lat' dir='ltr'><strong>contemplativae</strong></span> <span class='ocrx_word' id='word_1_557' title='bbox 863 4097 985 4152; x_wconf 81' lang='lat' dir='ltr'><strong>scientiae</strong></span> <span class='ocrx_word' id='word_1_558' title='bbox 1005 4095 1071 4150; x_wconf 84' lang='lat' dir='ltr'><strong>fun-</strong></span> <span class='ocrx_word' id='word_1_559' title='bbox 1115 4093 1198 4146; x_wconf 88' lang='lat' dir='ltr'><strong>etiam</strong></span> <span class='ocrx_word' id='word_1_560' title='bbox 1219 4095 1280 4166; x_wconf 87' lang='lat' dir='ltr'><strong>ipsa</strong></span> <span class='ocrx_word' id='word_1_561' title='bbox 1295 4095 1381 4148; x_wconf 88' lang='lat' dir='ltr'><strong>animi</strong></span> <span class='ocrx_word' id='word_1_562' title='bbox 1399 4095 1553 4150; x_wconf 83' lang='lat' dir='ltr'><strong>substantia</strong></span> <span class='ocrx_word' id='word_1_563' title='bbox 1575 4105 1768 4166; x_wconf 83' lang='lat' dir='ltr'><strong>conservatur,</strong></span> <span class='ocrx_word' id='word_1_564' title='bbox 1782 4091 1833 4162; x_wconf 82' lang='lat' dir='ltr'><strong>quip</strong></span> 
     </span>
     <span class='ocr_line' id='line_1_43' title="bbox 292 4178 1825 4255; baseline 0 -21"><span class='ocrx_word' id='word_1_565' title='bbox 292 4178 455 4234; x_wconf 79' lang='lat' dir='ltr'><strong>dementum</strong></span> <span class='ocrx_word' id='word_1_566' title='bbox 469 4196 526 4234; x_wconf 81' lang='lat' dir='ltr'><strong>esse</strong></span> <span class='ocrx_word' id='word_1_567' title='bbox 539 4179 634 4238; x_wconf 85' lang='lat' dir='ltr'><strong>debet.</strong></span> <span class='ocrx_word' id='word_1_568' title='bbox 651 4181 721 4235; x_wconf 82' lang='lat' dir='ltr'><strong>Nam</strong></span> <span class='ocrx_word' id='word_1_569' title='bbox 734 4182 809 4236; x_wconf 90' lang='lat' dir='ltr'><strong>unde</strong></span> <span class='ocrx_word' id='word_1_570' title='bbox 821 4184 941 4238; x_wconf 88' lang='lat' dir='ltr'><strong>sciemus</strong></span> <span class='ocrx_word' id='word_1_571' title='bbox 953 4182 1071 4238; x_wconf 82' lang='lat' dir='ltr'><strong>allectus</strong></span> <span class='ocrx_word' id='word_1_572' title='bbox 1115 4181 1165 4250; x_wconf 82' lang='lat' dir='ltr'><strong>qui</strong></span> <span class='ocrx_word' id='word_1_573' title='bbox 1186 4198 1281 4253; x_wconf 86' lang='lat' dir='ltr'><strong>perse</strong></span> <span class='ocrx_word' id='word_1_574' title='bbox 1301 4200 1360 4236; x_wconf 91' lang='lat' dir='ltr'><strong>non</strong></span> <span class='ocrx_word' id='word_1_575' title='bbox 1379 4193 1483 4250; x_wconf 85' lang='lat' dir='ltr'><strong>exstet,</strong></span> <span class='ocrx_word' id='word_1_576' title='bbox 1504 4181 1554 4237; x_wconf 89' lang='lat' dir='ltr'><strong>sed</strong></span> <span class='ocrx_word' id='word_1_577' title='bbox 1574 4200 1590 4236; x_wconf 89' lang='lat' dir='ltr'><strong>e</strong></span> <span class='ocrx_word' id='word_1_578' title='bbox 1613 4183 1742 4255; x_wconf 86' lang='lat' dir='ltr'><strong>corporis</strong></span> <span class='ocrx_word' id='word_1_579' title='bbox 1761 4178 1825 4251; x_wconf 81' lang='lat' dir='ltr'><strong>quap&#39;</strong></span> 
     </span>
     <span class='ocr_line' id='line_1_44' title="bbox 290 4263 1833 4340; baseline -0.001 -21"><span class='ocrx_word' id='word_1_580' title='bbox 290 4282 351 4319; x_wconf 82' lang='lat' dir='ltr'><strong>esse</strong></span> <span class='ocrx_word' id='word_1_581' title='bbox 369 4263 563 4320; x_wconf 85' lang='lat' dir='ltr'><strong>moderandos</strong></span> <span class='ocrx_word' id='word_1_582' title='bbox 583 4275 725 4322; x_wconf 87' lang='lat' dir='ltr'><strong>eteorum</strong></span> <span class='ocrx_word' id='word_1_583' title='bbox 750 4286 812 4340; x_wconf 77' lang='lat' dir='ltr'><strong>quae</strong></span> <span class='ocrx_word' id='word_1_584' title='bbox 828 4288 895 4326; x_wconf 83' lang='lat' dir='ltr'><strong>vere</strong></span> <span class='ocrx_word' id='word_1_585' title='bbox 908 4281 972 4325; x_wconf 89' lang='lat' dir='ltr'><strong>sunt</strong></span> <span class='ocrx_word' id='word_1_586' title='bbox 992 4271 1073 4324; x_wconf 91' lang='lat' dir='ltr'><strong>uoti-</strong></span> <span class='ocrx_word' id='word_1_587' title='bbox 1115 4266 1341 4323; x_wconf 81' lang='lat' dir='ltr'><strong>conformatione</strong></span> <span class='ocrx_word' id='word_1_588' title='bbox 1358 4269 1487 4323; x_wconf 80' lang='lat' dir='ltr'><strong>oriatur?</strong></span> <span class='ocrx_word' id='word_1_589' title='bbox 1500 4268 1654 4339; x_wconf 84' lang='lat' dir='ltr'><strong>Quomodo</strong></span> <span class='ocrx_word' id='word_1_590' title='bbox 1670 4279 1761 4323; x_wconf 89' lang='lat' dir='ltr'><strong>autem</strong></span> <span class='ocrx_word' id='word_1_591' title='bbox 1777 4267 1833 4318; x_wconf 69' lang='lat' dir='ltr'><strong>viru</strong></span> 
     </span>
     <span class='ocr_line' id='line_1_45' title="bbox 295 4353 1821 4429; baseline 0 -23"><span class='ocrx_word' id='word_1_592' title='bbox 295 4353 362 4406; x_wconf 81' lang='lat' dir='ltr'><strong>tiam</strong></span> <span class='ocrx_word' id='word_1_593' title='bbox 375 4353 538 4425; x_wconf 85' lang='lat' dir='ltr'><strong>comparari</strong></span> <span class='ocrx_word' id='word_1_594' title='bbox 552 4353 703 4425; x_wconf 83' lang='lat' dir='ltr'><strong>oportere?</strong></span> <span class='ocrx_word' id='word_1_595' title='bbox 716 4355 828 4429; x_wconf 82' lang='lat' dir='ltr'><strong>Quippe</strong></span> <span class='ocrx_word' id='word_1_596' title='bbox 842 4356 877 4411; x_wconf 90' lang='lat' dir='ltr'><strong>de</strong></span> <span class='ocrx_word' id='word_1_597' title='bbox 890 4357 949 4412; x_wconf 83' lang='lat' dir='ltr'><strong>istis</strong></span> <span class='ocrx_word' id='word_1_598' title='bbox 962 4357 1072 4412; x_wconf 86' lang='lat' dir='ltr'><strong>dubita·</strong></span> <span class='ocrx_word' id='word_1_599' title='bbox 1115 4355 1205 4426; x_wconf 76' lang='lat' dir='ltr'><strong>gratia</strong></span> <span class='ocrx_word' id='word_1_600' title='bbox 1225 4371 1328 4427; x_wconf 88' lang='lat' dir='ltr'><strong>corpus</strong></span> <span class='ocrx_word' id='word_1_601' title='bbox 1341 4355 1539 4429; x_wconf 83' lang='lat' dir='ltr'><strong>projiciemus,</strong></span> <span class='ocrx_word' id='word_1_602' title='bbox 1554 4357 1578 4410; x_wconf 86' lang='lat' dir='ltr'><strong>si</strong></span> <span class='ocrx_word' id='word_1_603' title='bbox 1598 4373 1655 4410; x_wconf 91' lang='lat' dir='ltr'><strong>una</strong></span> <span class='ocrx_word' id='word_1_604' title='bbox 1683 4375 1746 4410; x_wconf 91' lang='lat' dir='ltr'><strong>curn</strong></span> <span class='ocrx_word' id='word_1_605' title='bbox 1766 4371 1821 4422; x_wconf 85' lang='lat' dir='ltr'><strong>corp</strong></span> 
     </span>
     <span class='ocr_line' id='line_1_46' title="bbox 293 4439 1845 4516; baseline -0.002 -24"><span class='ocrx_word' id='word_1_606' title='bbox 293 4449 353 4506; x_wconf 88' lang='lat' dir='ltr'><strong>tur,</strong></span> <span class='ocrx_word' id='word_1_607' title='bbox 376 4439 520 4511; x_wconf 83' lang='lat' dir='ltr'><strong>primum,</strong></span> <span class='ocrx_word' id='word_1_608' title='bbox 548 4457 584 4494; x_wconf 91' lang='lat' dir='ltr'><strong>au</strong></span> <span class='ocrx_word' id='word_1_609' title='bbox 610 4441 640 4493; x_wconf 91' lang='lat' dir='ltr'><strong>in</strong></span> <span class='ocrx_word' id='word_1_610' title='bbox 662 4440 810 4496; x_wconf 89' lang='lat' dir='ltr'><strong>hominum</strong></span> <span class='ocrx_word' id='word_1_611' title='bbox 836 4453 974 4515; x_wconf 86' lang='lat' dir='ltr'><strong>potestate</strong></span> <span class='ocrx_word' id='word_1_612' title='bbox 1001 4443 1072 4514; x_wconf 84' lang='lat' dir='ltr'><strong>sint,</strong></span> <span class='ocrx_word' id='word_1_613' title='bbox 1116 4441 1240 4495; x_wconf 90' lang='lat' dir='ltr'><strong>animum</strong></span> <span class='ocrx_word' id='word_1_614' title='bbox 1261 4461 1377 4515; x_wconf 88' lang='lat' dir='ltr'><strong>quoque</strong></span> <span class='ocrx_word' id='word_1_615' title='bbox 1390 4444 1483 4516; x_wconf 88' lang='lat' dir='ltr'><strong>ipsum</strong></span> <span class='ocrx_word' id='word_1_616' title='bbox 1496 4443 1664 4516; x_wconf 84' lang='lat' dir='ltr'><strong>perdemus,</strong></span> <span class='ocrx_word' id='word_1_617' title='bbox 1688 4443 1758 4498; x_wconf 89' lang='lat' dir='ltr'><strong>adeo</strong></span> <span class='ocrx_word' id='word_1_618' title='bbox 1770 4449 1822 4493; x_wconf 89' lang='lat' dir='ltr'><strong>utu</strong></span> <span class='ocrx_word' id='word_1_619' title='bbox 1844 4481 1845 4490; x_wconf 72' lang='grc'>,</span> 
     </span>
     <span class='ocr_line' id='line_1_47' title="bbox 293 4499 1845 4603; baseline 0.001 -24"><span class='ocrx_word' id='word_1_620' title='bbox 293 4525 399 4582; x_wconf 87' lang='lat' dir='ltr'><strong>deinde</strong></span> <span class='ocrx_word' id='word_1_621' title='bbox 412 4542 448 4582; x_wconf 84' lang='lat' dir='ltr'><strong>an</strong></span> <span class='ocrx_word' id='word_1_622' title='bbox 470 4525 551 4579; x_wconf 87' lang='lat' dir='ltr'><strong>utilia</strong></span> <span class='ocrx_word' id='word_1_623' title='bbox 573 4525 744 4582; x_wconf 85' lang='lat' dir='ltr'><strong>habentibus</strong></span> <span class='ocrx_word' id='word_1_624' title='bbox 763 4529 828 4586; x_wconf 82' lang='lat' dir='ltr'><strong>sint.</strong></span> <span class='ocrx_word' id='word_1_625' title='bbox 855 4532 1071 4603; x_wconf 77' lang='lat' dir='ltr'><strong>Apparet·enim</strong></span> <span class='ocrx_word' id='word_1_626' title='bbox 1116 4545 1202 4600; x_wconf 89' lang='lat' dir='ltr'><strong>quam</strong></span> <span class='ocrx_word' id='word_1_627' title='bbox 1212 4530 1247 4582; x_wconf 90' lang='lat' dir='ltr'><strong>sit</strong></span> <span class='ocrx_word' id='word_1_628' title='bbox 1256 4530 1361 4598; x_wconf 87' lang='lat' dir='ltr'><strong>virtus,</strong></span> <span class='ocrx_word' id='word_1_629' title='bbox 1376 4529 1456 4601; x_wconf 89' lang='lat' dir='ltr'><strong>cujus</strong></span> <span class='ocrx_word' id='word_1_630' title='bbox 1466 4541 1691 4584; x_wconf 85' lang='lat' dir='ltr'><strong>amoremortem</strong></span> <span class='ocrx_word' id='word_1_631' title='bbox 1701 4529 1770 4602; x_wconf 80' lang='lat' dir='ltr'><strong>passi</strong></span> <span class='ocrx_word' id='word_1_632' title='bbox 1780 4499 1845 4588; x_wconf 80' lang='grc' dir='ltr'>ειιυιυὶ</span> 
     </span>
     <span class='ocr_line' id='line_1_48' title="bbox 296 4610 1823 4689; baseline 0 -22"><span class='ocrx_word' id='word_1_633' title='bbox 296 4613 413 4668; x_wconf 87' lang='lat' dir='ltr'><strong>omnino</strong></span> <span class='ocrx_word' id='word_1_634' title='bbox 428 4620 528 4666; x_wconf 88' lang='lat' dir='ltr'><strong>contra</strong></span> <span class='ocrx_word' id='word_1_635' title='bbox 544 4627 579 4665; x_wconf 89' lang='lat' dir='ltr'><strong>eo</strong></span> <span class='ocrx_word' id='word_1_636' title='bbox 598 4610 768 4669; x_wconf 84' lang='lat' dir='ltr'><strong>deteriorem</strong></span> <span class='ocrx_word' id='word_1_637' title='bbox 790 4632 848 4670; x_wconf 84' lang='lat' dir='ltr'><strong>esse</strong></span> <span class='ocrx_word' id='word_1_638' title='bbox 862 4617 915 4670; x_wconf 83' lang='lat' dir='ltr'><strong>viri</strong></span> <span class='ocrx_word' id='word_1_639' title='bbox 937 4618 1022 4689; x_wconf 87' lang='lat' dir='ltr'><strong>probi</strong></span> <span class='ocrx_word' id='word_1_640' title='bbox 1042 4619 1071 4672; x_wconf 91' lang='lat' dir='ltr'><strong>in</strong></span> <span class='ocrx_word' id='word_1_641' title='bbox 1115 4615 1171 4671; x_wconf 89' lang='lat' dir='ltr'><strong>Sed</strong></span> <span class='ocrx_word' id='word_1_642' title='bbox 1186 4614 1222 4671; x_wconf 89' lang='lat' dir='ltr'><strong>de</strong></span> <span class='ocrx_word' id='word_1_643' title='bbox 1236 4617 1278 4670; x_wconf 89' lang='lat' dir='ltr'><strong>bis</strong></span> <span class='ocrx_word' id='word_1_644' title='bbox 1302 4635 1319 4672; x_wconf 89' lang='lat' dir='ltr'><strong>a</strong></span> <span class='ocrx_word' id='word_1_645' title='bbox 1338 4619 1405 4673; x_wconf 82' lang='lat' dir='ltr'><strong>viris</strong></span> <span class='ocrx_word' id='word_1_646' title='bbox 1419 4617 1523 4672; x_wconf 86' lang='lat' dir='ltr'><strong>divinis</strong></span> <span class='ocrx_word' id='word_1_647' title='bbox 1543 4616 1657 4671; x_wconf 84' lang='lat' dir='ltr'><strong>abunde</strong></span> <span class='ocrx_word' id='word_1_648' title='bbox 1672 4617 1823 4672; x_wconf 78' lang='lat' dir='ltr'><strong>demonstrat</strong></span> 
     </span>
     <span class='ocr_line' id='line_1_49' title="bbox 296 4697 1845 4774; baseline 0.001 -23"><span class='ocrx_word' id='word_1_649' title='bbox 296 4698 349 4754; x_wconf 85' lang='lat' dir='ltr'><strong>bac</strong></span> <span class='ocrx_word' id='word_1_650' title='bbox 373 4699 431 4754; x_wconf 87' lang='lat' dir='ltr'><strong>vita</strong></span> <span class='ocrx_word' id='word_1_651' title='bbox 458 4697 653 4754; x_wconf 88' lang='lat' dir='ltr'><strong>conditionem</strong></span> <span class='ocrx_word' id='word_1_652' title='bbox 663 4701 778 4774; x_wconf 89' lang='lat' dir='ltr'><strong>,quod</strong></span> <span class='ocrx_word' id='word_1_653' title='bbox 805 4721 865 4757; x_wconf 93' lang='lat' dir='ltr'><strong>non</strong></span> <span class='ocrx_word' id='word_1_654' title='bbox 886 4702 987 4774; x_wconf 87' lang='lat' dir='ltr'><strong>injuste</strong></span> <span class='ocrx_word' id='word_1_655' title='bbox 1007 4706 1072 4761; x_wconf 87' lang='lat' dir='ltr'><strong>inde</strong></span> <span class='ocrx_word' id='word_1_656' title='bbox 1116 4714 1171 4770; x_wconf 85' lang='lat' dir='ltr'><strong>est,</strong></span> <span class='ocrx_word' id='word_1_657' title='bbox 1182 4702 1371 4758; x_wconf 88' lang='lat' dir='ltr'><strong>immortalem</strong></span> <span class='ocrx_word' id='word_1_658' title='bbox 1385 4722 1443 4759; x_wconf 83' lang='lat' dir='ltr'><strong>esse</strong></span> <span class='ocrx_word' id='word_1_659' title='bbox 1457 4704 1582 4758; x_wconf 92' lang='lat' dir='ltr'><strong>animum</strong></span> <span class='ocrx_word' id='word_1_660' title='bbox 1593 4713 1622 4757; x_wconf 90' lang='lat' dir='ltr'><strong>et</strong></span> <span class='ocrx_word' id='word_1_661' title='bbox 1636 4715 1734 4759; x_wconf 86' lang='lat' dir='ltr'><strong>natura</strong></span> <span class='ocrx_word' id='word_1_662' title='bbox 1745 4703 1845 4764; x_wconf 64' lang='lat' dir='ltr'><strong>taleme</strong></span> 
     </span>
     <span class='ocr_line' id='line_1_50' title="bbox 296 4771 1845 4866; baseline 0 -26"><span class='ocrx_word' id='word_1_663' title='bbox 296 4785 397 4852; x_wconf 85' lang='lat' dir='ltr'><strong>sumit,</strong></span> <span class='ocrx_word' id='word_1_664' title='bbox 413 4783 490 4840; x_wconf 87' lang='lat' dir='ltr'><strong>unde</strong></span> <span class='ocrx_word' id='word_1_665' title='bbox 502 4802 563 4838; x_wconf 90' lang='lat' dir='ltr'><strong>non</strong></span> <span class='ocrx_word' id='word_1_666' title='bbox 574 4785 676 4854; x_wconf 89' lang='lat' dir='ltr'><strong>dehet</strong></span> <span class='ocrx_word' id='word_1_667' title='bbox 692 4797 721 4841; x_wconf 89' lang='lat' dir='ltr'><strong>et</strong></span> <span class='ocrx_word' id='word_1_668' title='bbox 734 4787 831 4860; x_wconf 86' lang='lat' dir='ltr'><strong>quod</strong></span> <span class='ocrx_word' id='word_1_669' title='bbox 821 4799 895 4858; x_wconf 83' lang='lat' dir='ltr'><strong>Juste</strong></span> <span class='ocrx_word' id='word_1_670' title='bbox 908 4801 1015 4844; x_wconf 89' lang='lat' dir='ltr'><strong>sumtus</strong></span> <span class='ocrx_word' id='word_1_671' title='bbox 1031 4789 1072 4844; x_wconf 86' lang='lat' dir='ltr'><strong>fa·</strong></span> <span class='ocrx_word' id='word_1_672' title='bbox 1115 4791 1174 4845; x_wconf 87' lang='lat' dir='ltr'><strong>sola</strong></span> <span class='ocrx_word' id='word_1_673' title='bbox 1188 4792 1293 4844; x_wconf 81' lang='lat' dir='ltr'><strong>virtute</strong></span> <span class='ocrx_word' id='word_1_674' title='bbox 1317 4793 1414 4846; x_wconf 85' lang='lat' dir='ltr'><strong>ornari</strong></span> <span class='ocrx_word' id='word_1_675' title='bbox 1437 4793 1534 4866; x_wconf 87' lang='lat' dir='ltr'><strong>possit.</strong></span> <span class='ocrx_word' id='word_1_676' title='bbox 1556 4793 1639 4846; x_wconf 85' lang='lat' dir='ltr'><strong>Nunc</strong></span> <span class='ocrx_word' id='word_1_677' title='bbox 1659 4801 1750 4844; x_wconf 87' lang='lat' dir='ltr'><strong>autem</strong></span> <span class='ocrx_word' id='word_1_678' title='bbox 1764 4771 1845 4862; x_wconf 78' lang='lat' dir='ltr'><strong>pmlet8</strong></span> 
     </span>
     <span class='ocr_line' id='line_1_51' title="bbox 298 4851 1845 4972; baseline 0.005 -46"><span class='ocrx_word' id='word_1_679' title='bbox 298 4871 352 4943; x_wconf 87' lang='lat' dir='ltr'><strong>cit,</strong></span> <span class='ocrx_word' id='word_1_680' title='bbox 364 4871 394 4924; x_wconf 83' lang='lat' dir='ltr'><strong>iu</strong></span> <span class='ocrx_word' id='word_1_681' title='bbox 409 4889 471 4944; x_wconf 85' lang='lat' dir='ltr'><strong>quae</strong></span> <span class='ocrx_word' id='word_1_682' title='bbox 484 4882 626 4972; x_wconf 86' lang='lat' dir='ltr'><strong>oportet:</strong></span> <span class='ocrx_word' id='word_1_683' title='bbox 646 4871 717 4944; x_wconf 91' lang='lat' dir='ltr'><strong>quin</strong></span> <span class='ocrx_word' id='word_1_684' title='bbox 738 4885 766 4928; x_wconf 89' lang='lat' dir='ltr'><strong>et</strong></span> <span class='ocrx_word' id='word_1_685' title='bbox 782 4875 829 4928; x_wconf 91' lang='lat' dir='ltr'><strong>ille</strong></span> <span class='ocrx_word' id='word_1_686' title='bbox 838 4874 940 4948; x_wconf 85' lang='lat' dir='ltr'><strong>quod</strong></span> <span class='ocrx_word' id='word_1_687' title='bbox 954 4875 992 4930; x_wconf 91' lang='lat' dir='ltr'><strong>ad</strong></span> <span class='ocrx_word' id='word_1_688' title='bbox 1005 4893 1072 4930; x_wconf 91' lang='lat' dir='ltr'><strong>cor</strong></span> <span class='ocrx_word' id='word_1_689' title='bbox 1115 4876 1171 4931; x_wconf 90' lang='lat' dir='ltr'><strong>boc</strong></span> <span class='ocrx_word' id='word_1_690' title='bbox 1186 4878 1320 4952; x_wconf 80' lang='lat' dir='ltr'><strong>dogmate</strong></span> <span class='ocrx_word' id='word_1_691' title='bbox 1344 4879 1381 4934; x_wconf 88' lang='lat' dir='ltr'><strong>ad</strong></span> <span class='ocrx_word' id='word_1_692' title='bbox 1398 4897 1429 4934; x_wconf 83' lang='lat' dir='ltr'><strong>ea</strong></span> <span class='ocrx_word' id='word_1_693' title='bbox 1455 4897 1517 4951; x_wconf 85' lang='lat' dir='ltr'><strong>quse</strong></span> <span class='ocrx_word' id='word_1_694' title='bbox 1535 4887 1693 4951; x_wconf 86' lang='lat' dir='ltr'><strong>sequuntur</strong></span> <span class='ocrx_word' id='word_1_695' title='bbox 1709 4851 1845 4934; x_wconf 63' lang='grc' dir='ltr'>ιτιιιντονεῑθὶ</span> 
     </span>
     <span class='ocr_line' id='line_1_52' title="bbox 296 4945 1845 5046; baseline 0.001 -35"><span class='ocrx_word' id='word_1_696' title='bbox 296 4975 350 5031; x_wconf 84' lang='lat' dir='ltr'><strong>pus</strong></span> <span class='ocrx_word' id='word_1_697' title='bbox 363 4959 462 5013; x_wconf 87' lang='lat' dir='ltr'><strong>attinet</strong></span> <span class='ocrx_word' id='word_1_698' title='bbox 464 4956 591 5030; x_wconf 85' lang='lat' dir='ltr'><strong>,injuriis</strong></span> <span class='ocrx_word' id='word_1_699' title='bbox 601 4961 728 5015; x_wconf 88' lang='lat' dir='ltr'><strong>omnium</strong></span> <span class='ocrx_word' id='word_1_700' title='bbox 737 4962 857 5017; x_wconf 87' lang='lat' dir='ltr'><strong>maxime</strong></span> <span class='ocrx_word' id='word_1_701' title='bbox 869 4973 910 5016; x_wconf 87' lang='lat' dir='ltr'><strong>est</strong></span> <span class='ocrx_word' id='word_1_702' title='bbox 920 4963 1071 5031; x_wconf 80' lang='lat' dir='ltr'><strong>obnoxius,</strong></span> <span class='ocrx_word' id='word_1_703' title='bbox 1115 4963 1171 5018; x_wconf 90' lang='lat' dir='ltr'><strong>hoc</strong></span> <span class='ocrx_word' id='word_1_704' title='bbox 1186 4975 1292 5020; x_wconf 91' lang='lat' dir='ltr'><strong>tantum</strong></span> <span class='ocrx_word' id='word_1_705' title='bbox 1303 4967 1382 5039; x_wconf 88' lang='lat' dir='ltr'><strong>prius</strong></span> <span class='ocrx_word' id='word_1_706' title='bbox 1396 4965 1479 5020; x_wconf 88' lang='lat' dir='ltr'><strong>dictis</strong></span> <span class='ocrx_word' id='word_1_707' title='bbox 1493 4963 1642 5033; x_wconf 87' lang='lat' dir='ltr'><strong>addentes,</strong></span> <span class='ocrx_word' id='word_1_708' title='bbox 1652 4945 1845 5046; x_wconf 77' lang='lat' dir='ltr'><strong>quemadmodut8</strong></span> 
     </span>
     <span class='ocr_line' id='line_1_53' title="bbox 298 5045 1845 5127; baseline 0.005 -31"><span class='ocrx_word' id='word_1_709' title='bbox 298 5044 464 5117; x_wconf 90' lang='lat' dir='ltr'><strong>quippequi</strong></span> <span class='ocrx_word' id='word_1_710' title='bbox 479 5063 531 5100; x_wconf 89' lang='lat' dir='ltr'><strong>nec</strong></span> <span class='ocrx_word' id='word_1_711' title='bbox 545 5046 695 5118; x_wconf 86' lang='lat' dir='ltr'><strong>imperium</strong></span> <span class='ocrx_word' id='word_1_712' title='bbox 710 5047 838 5120; x_wconf 82' lang='lat' dir='ltr'><strong>affectet,</strong></span> <span class='ocrx_word' id='word_1_713' title='bbox 851 5051 1074 5123; x_wconf 87' lang='lat' dir='ltr'><strong>necimperanti·</strong></span> <span class='ocrx_word' id='word_1_714' title='bbox 1116 5069 1150 5106; x_wconf 84' lang='lat' dir='ltr'><strong>ex</strong></span> <span class='ocrx_word' id='word_1_715' title='bbox 1164 5061 1270 5106; x_wconf 70' lang='lat' dir='ltr'><strong>natura</strong></span> <span class='ocrx_word' id='word_1_716' title='bbox 1286 5063 1388 5107; x_wconf 80' lang='lat' dir='ltr'><strong>nostrae</strong></span> <span class='ocrx_word' id='word_1_717' title='bbox 1411 5054 1588 5127; x_wconf 78' lang='lat' dir='ltr'><strong>ignoratione</strong></span> <span class='ocrx_word' id='word_1_718' title='bbox 1601 5035 1845 5118; x_wconf 70' lang='lat' dir='ltr'><strong>nullumnonu&#39;lul]</strong></span> 
     </span>
     <span class='ocr_line' id='line_1_54' title="bbox 298 5128 1824 5215; baseline 0.008 -35"><span class='ocrx_word' id='word_1_719' title='bbox 298 5128 351 5182; x_wconf 85' lang='lat' dir='ltr'><strong>bus</strong></span> <span class='ocrx_word' id='word_1_720' title='bbox 363 5131 499 5186; x_wconf 78' lang='lat' dir='ltr'><strong>serviliter</strong></span> <span class='ocrx_word' id='word_1_721' title='bbox 510 5131 664 5188; x_wconf 87' lang='lat' dir='ltr'><strong>aduletur</strong></span> <span class='ocrx_word' id='word_1_722' title='bbox 675 5131 747 5188; x_wconf 87' lang='lat' dir='ltr'><strong>adeo</strong></span> <span class='ocrx_word' id='word_1_723' title='bbox 763 5145 796 5188; x_wconf 88' lang='lat' dir='ltr'><strong>ut</strong></span> <span class='ocrx_word' id='word_1_724' title='bbox 808 5152 863 5192; x_wconf 86' lang='lat' dir='ltr'><strong>nrsr</strong></span> <span class='ocrx_word' id='word_1_725' title='bbox 856 5135 929 5190; x_wconf 85' lang='lat' dir='ltr'><strong>alra</strong></span> <span class='ocrx_word' id='word_1_726' title='bbox 943 5136 1072 5208; x_wconf 84' lang='lat' dir='ltr'><strong>quaedam</strong></span> <span class='ocrx_word' id='word_1_727' title='bbox 1117 5135 1234 5210; x_wconf 85' lang='lat' dir='ltr'><strong>irrepit,</strong></span> <span class='ocrx_word' id='word_1_728' title='bbox 1248 5138 1299 5209; x_wconf 84' lang='lat' dir='ltr'><strong>ita,</strong></span> <span class='ocrx_word' id='word_1_729' title='bbox 1313 5140 1336 5192; x_wconf 86' lang='lat' dir='ltr'><strong>si</strong></span> <span class='ocrx_word' id='word_1_730' title='bbox 1351 5149 1460 5194; x_wconf 87' lang='lat' dir='ltr'><strong>nosmet</strong></span> <span class='ocrx_word' id='word_1_731' title='bbox 1484 5141 1559 5215; x_wconf 83' lang='lat' dir='ltr'><strong>ipsos</strong></span> <span class='ocrx_word' id='word_1_732' title='bbox 1573 5157 1718 5194; x_wconf 89' lang='lat' dir='ltr'><strong>noscamus</strong></span> <span class='ocrx_word' id='word_1_733' title='bbox 1731 5129 1824 5208; x_wconf 81' lang='lat' dir='ltr'><strong>eaqued</strong></span> 
     </span>
    </p>
   </div>
   <div class='ocr_carea' id='block_1_8' title="bbox 0 0 1884 5908">
    <p class='ocr_par' dir='ltr' id='par_1_11' title="bbox 0 0 1884 5908">
     <span class='ocr_line' id='line_1_55' title="bbox 0 0 1884 5908; baseline 0 0"><span class='ocrx_word' id='word_1_734' title='bbox 0 0 1884 5908; x_wconf 95' lang='lat' dir='ltr'><strong> </strong></span> 
     </span>
    </p>
   </div>
  </div>
 </body>
</html>
