3740 5908
270 399 325 452 82²

820 392 1026 455 nnnlctlnt
1047 394 1295 456 FRAGMENTA.

327 524 440 583 κλειτον·
456 522 532 601 κρέας
555 523 581 582 dl
598 531 650 582 tritu
669 523 757 602 serpis
778 525 823 585 καί
843 531 934 605 νεκροῦ
955 526 1039 605 μέρος.
1085 549 1122 588 os.
1144 518 1210 586 εἶναι
1222 524 1310 605 γθρθν
1324 523 1354 582 τὸ
1369 522 1446 604 copis
1466 521 1621 582 θπίστασθαι
1641 519 1751 596 γνώμην
1765 517 1841 592 οίηια

365 609 552 688 (Plutarchus
567 610 746 688 Symposiac.
760 612 814 671 lib.
826 613 878 685 tv,
897 621 923 681 t,
939 614 1038 683 3,v01.

326 696 380 768 Xl,
402 719 432 776 p.
454 699 519 759 186.
539 699 634 758 Verba
648 700 725 779 κρίας
744 695 772 756 dl
785 707 838 756 πᾶν
853 703 911 758 κτλ.
927 700 1038 758 Plutar-

327 786 373 866 chi
398 795 477 846 sunt.
499 788 600 864 lnepte
620 786 724 845 Suidas
747 806 778 847 v.
794 784 963 865 Ἡράκλειτος
976 787 1015 843 ait
1033 807 1039 840 :

327 869 494 950 Ἡράκλειτος
504 871 553 952 ίρη
565 874 698 949 ὀλιγωρεῖν
709 871 795 942 πάντη
805 877 852 929 τοῦ
863 871 985 946 σώματος
997 870 1041 928 καί

328 957 439 1032 νομίζειν
461 958 584 1016 αὐτὸκαὶ
603 958 718 1036 κοπρίων
735 959 931 1039 ίκὸλητάτερον·
955 959 984 1018 ἐκ
997 961 1042 1017 τοῦ

328 1044 421 1123 ῥᾴστου
438 1044 465 1102 dl
481 1046 552 1124 αὐτῷ
566 1043 611 1111 τὰς
625 1043 761 1125 θεραπείας
769 1047 946 1124 ἀποπληροῦν,
956 1043 1004 1111 ἕως
1013 1043 1043 1102 ἂν

327 1133 341 1188 θ
356 1131 410 1197 θεὸς
426 1127 515 1210 ὥσπερ
530 1131 631 1210 ὀργάνῳ
644 1134 682 1210 τῷ
695 1131 798 1208 σώματι
807 1135 919 1211 χρῆσθαι
934 1131 1042 1189 ἐπιτάτ-

325 1239 369 1292 τῃ.
382 1217 425 1275 cf.
434 1217 557 1277 Cedren.
572 1217 638 1276 hist.
648 1237 678 1293 p.
696 1228 762 1290 1⁵7·
774 1219 870 1287 Quid?
884 1217 962 1294 quod
974 1215 1044 1274 Cel-

327 1322 376 1362 sus
389 1323 505 1380 quoque
524 1304 661 1362 Heracliti
676 1303 784 1362 dictum
797 1305 828 1362 in
841 1305 964 1364 alienam
975 1321 1042 1362 sen-

328 1390 395 1446 tiam
407 1390 539 1448 detorsit.
556 1389 664 1448 Locum
683 1390 748 1468 ejus
762 1392 891 1452 servavit
902 1392 1043 1465 Origenes

327 1489 429 1532 contre
443 1475 519 1534 Cels.
538 1476 604 1554 Vp.
628 1477 685 1536 588
703 1499 710 1536 :
725 1477 771 1536 καί
782 1479 868 1558 ψυχῆς
881 1477 928 1554 μίν
942 1477 1044 1535 αἰώνιον

330 1561 419 1639 βιοτὴν
444 1561 542 1621 δύναιτ’
565 1563 595 1621 du
620 1567 776 1643 παρασχεῖν·
795 1566 881 1632 νίκυις
900 1564 944 1636 δι’,
966 1564 1044 1643 φησὶν

327 1648 505 1726 Ἡράκλειτος,
515 1649 629 1728 κοπρίων
637 1649 827 1732 ίκάλητότεροι·
839 1659 923 1731 σάρκα
937 1652 969 1723 δὴ
986 1695 994 1709 .
1010 1693 1019 1711 .
1035 1695 1044 1713 .

327 1735 429 1795 αἰώνιον
452 1739 583 1817 άπερῆναι
605 1737 737 1798 ...οὔτε
765 1739 921 1817 βουλήσεται
943 1744 958 1798 θ
977 1739 1042 1811 θεάς,

328 1824 385 1884 οὔτε
413 1824 560 1894 δυνήσεται.
585 1825 774 1885 Ηεεοσίίεεοιπ
799 1828 974 1886 locutionem
1001 1849 1045 1885 κο-

244 1973 247 1978 ,
327 1912 410 1990 πρίων
438 1909 621 1990 θκθλητότερος
649 1913 799 1972 adnotavit
823 1915 908 1972 etiam
934 1913 1044 1971 Pollux

326 1997 472 2057 onomast.
482 1997 518 2068 V,
536 2000 600 2060 163.
616 1999 692 2058 Hinc
710 2001 787 2077 apud
803 1999 921 2058 Sextum
936 1999 1044 2073 legitur

327 2084 391 2143 adv.
407 2085 496 2146 nath.
512 2085 593 2157 Vlll,
615 2089 673 2144 286
689 2106 695 2143 :
712 2086 822 2162 καὶμὴν
836 2090 947 2166 puniret
961 2083 1045 2163 ‘de-

326 2170 425 2237 κλειτός
448 2194 511 2251 φησι
523 2173 553 2230 τὸ
571 2173 608 2247 μὴ
623 2164 689 2232 εἶναι
701 2175 805 2249 λογικὸν
828 2173 872 2232 τὸν
896 2172 1043 2249 ἄνθρωπον,

326 2256 403 2332 μόνον
422 2259 445 2315 θ’
457 2259 584 2336 ὑπάρχειν
599 2262 722 2339 ρρενῆρες
733 2260 764 2318 el
776 2261 907 2339 περιίχον·
925 2271 954 2317 et
966 2257 1042 2336 opud

325 2343 532 2404 philostratum
549 2346 602 2424 Ep.
630 2348 665 2405 18
688 2367 695 2407 :
711 2345 883 2426 Ἡράκλειτος
901 2348 917 2403 θ
936 2344 1042 2424 φυσικὸς

327 2430 421 2508 άλογον
435 2420 501 2489 εἶναι
511 2433 579 2490 κατὰ
589 2432 665 2512 φύσιν
675 2431 755 2513 Epeos
764 2434 809 2493 τθν
820 2434 965 2511 ἄνθρωπον.
981 2432 1044 2489 Hoc

326 2516 363 2573 de
376 2517 448 2576 solis
460 2519 582 2576 mortuis
593 2519 812 2597 accipiendum.
827 2521 879 2596 qui
895 2519 965 2597 quie
979 2517 1044 2576 ani·

326 2621 402 2660 mam
417 2602 454 2661 de
467 2604 541 2662 coelo
556 2623 615 2662 non
636 2604 746 2664 ducunt
769 2607 891 2665 rationis
911 2617 1043 2685 expertes

327 2688 454 2766 Ephesio
467 2689 642 2768 philosopho
656 2690 859 2767 videbuntur.)

297 2821 304 2836 .
325 2773 434 2835 Ἐνθάθε
447 2775 536 2842 ἰόντας
544 2775 732 2837 ἐπανίστασθαι
744 2777 789 2837 καὶ
799 2776 916 2859 ρίιλακας
928 2776 1044 2856 γίνεσθαι

326 2857 411 2942 θγερσί
424 2859 527 2930 ζώντων
541 2861 586 2921 καί
600 2865 707 2941 νεκρῶν.

366 2947 564 3027 (Hippolytus
574 2947 682 3008 Heres.
693 2950 791 3012 Helut.
805 2971 835 3028 p.
850 2950 907 3008 283
919 2949 967 3012 ed.
978 2951 1043 3013 Mit-

327 3037 381 3100 let.
395 3053 403 3096 t
415 3035 485 3112 λέγει
495 3034 522 3092 δὲ
535 3034 581 3092 καί
597 3035 693 3115 σαρκὸς
703 3037 845 3095 ἀνάστασιν
858 3037 953 3109 ταύτης
965 3063 1041 3120 ρανε·

327 3131 373 3199 ρᾶς
383 3111 437 3200 ἕνῇ
450 3120 629 3199 γεγενήμεθα,
642 3121 686 3179 καί
700 3121 742 3180 τὸν
755 3112 874 3182 dilucide
889 3124 986 3194 ταύτης
996 3131 1043 3197 τῆς

330 3211 498 3275 ἀναστάσεως
512 3207 593 3266 αἴτιον
612 3209 693 3275 οὕτως
707 3209 800 3285 λίγων·
813 3237 826 3262 ι
837 3207 920 3269 Ἔνθα
936 3212 960 3268 δ’
975 3214 1042 3272 ίόντι

329 3295 517 3355 θπανίστασθαι
531 3295 577 3353 καί
592 3293 710 3377 ριίλακας
728 3297 844 3374 γίνεσθαι
865 3297 1042 3376 ίγερτιζάντων

326 3383 371 3441 καί
387 3384 521 3458 νεκρῶν.»
543 3382 715 3440 Επιεπιίονίι
734 3383 792 3440 ίινεσ
814 3383 990 3460 Berneysius
1012 3386 1041 3442 in

326 3469 401 3526 Hus.
418 3466 473 3526 Hb.
487 3467 526 3526 lx
538 3488 566 3546 p.
579 3469 648 3537 245.
659 3469 779 3527 Fallitur
790 3469 967 3548 Hippolytus
979 3491 1041 3530 car·

327 3556 374 3614 nis
390 3558 632 3613 resurrectionem
643 3575 706 3631 quae
717 3555 880 3614 christianae
890 3558 1042 3633 religionis

325 3641 447 3719 propris
458 3655 501 3698 est
516 3641 660 3700 Heraclito
671 3641 812 3700 tribuens.
820 3642 879 3702 Nos
893 3645 1041 3703 existima-

327 3748 390 3787 mus
426 3727 581 3804 Ephesium
618 3729 824 3808 philosophum
861 3745 1040 3791 mortuorum

223 3827 228 3834 '
326 3815 441 3872 animos
451 3816 586 3874 vivorum
602 3817 734 3874 custodes
750 3835 813 3875 esse
827 3817 964 3877 voluisse.
977 3821 1040 3888 Qun

327 3903 402 3958 inre
416 3913 531 3959 secutus
544 3914 589 3960 est
603 3901 758 3959 Hesiodum
778 3902 832 3979 up.
851 3914 880 3960 et
892 3903 977 3965 Dieb.
994 3925 1039 3966 vs.

329 4006 457 4044 rar-ras
475 3987 516 4044 ita
535 4000 682 4045 canentem
706 3988 769 4046 :rol
790 3989 837 4063 μὲν
855 3988 976 4062 δαίμονές
991 3995 1040 4051 εἰσι

326 4073 385 4138 Διὸς
401 4074 516 4148 μεγάλου
530 4073 572 4132 διὰ
585 4075 696 4152 βουλάς,
710 4073 795 4133 ίσθλοί
803 4119 811 4149 ,
823 4075 974 4156 ἐπιχθόνιοι,
990 4080 1041 4158 ρύ-

324 4162 401 4225 λακες
410 4163 512 4229 θνητῶν
529 4161 684 4238 ἀνθρώπων.
706 4162 791 4230 Qttod
804 4175 897 4222 autent
916 4165 1042 4240 vigilan·

326 4259 368 4303 ter
380 4247 513 4305 viventes
526 4261 554 4306 et
565 4262 697 4307 mortuos
716 4249 848 4327 opponit,
864 4250 895 4308 id
907 4269 942 4310 eo
953 4251 1039 4328 salet,

326 4344 356 4389 ut
378 4333 532 4408 vigilantes
554 4347 583 4392 et
603 4334 779 4394 dormientes
798 4349 884 4414 atque
902 4333 974 4396 edei)
992 4359 1040 4397 si-

324 4419 437 4494 pientes
447 4434 475 4478 et
489 4419 659 4498 insipientes
672 4421 880 4498 intelligentur.
893 4425 903 4501 J

1089 2104 1125 2148 no.

1144 613 1330 692 ίγκνὸιρνῆσαι
1345 611 1429 669 πάντα
1441 611 1483 670 διά
1495 609 1609 667 πάντων.

1147 702 1306 779 (Diogenes
1321 699 1453 768 Laertius
1475 695 1518 754 lib
1542 695 1591 766 lX,
1617 716 1643 767 ι,
1670 693 1759 771 cujus
1774 713 1843 752 mem-

1146 786 1242 844 branae
1257 785 1362 843 habent
1381 783 1487 861 γνώμην
1501 781 1547 853 ἥτε
1571 784 1596 839 ol
1611 782 1664 857 (sl.
1681 780 1726 838 ὅτε
1739 773 1772 858 ᾗ)
1787 782 1844 856 ἐγώ·

1147 871 1276 950 6ερνήαει.
1293 875 1398 930 Sensus
1411 871 1519 945 flagitat
1530 868 1609 946 quod
1619 867 1701 927 edidi
1714 867 1771 938 οἵην
1785 871 1846 942 uir·

1146 959 1304 1039 κυὸερνῆσαι
1317 959 1363 1016 vel
1379 958 1535 1037 θγκυὸερνῇν
1553 957 1573 1019 i.
1589 975 1615 1018 e.
1630 953 1796 1036 ἕγκυὸερνᾳκ
1811 956 1847 1012 si-

1148 1047 1226 1105 milis
1239 1059 1282 1104 est
1302 1046 1384 1104 locus
1400 1044 1477 1122 apud
1497 1043 1706 1121 Hippocratem
1720 1044 1780 1122 περὶ
1798 1045 1848 1100 διεί-

1146 1156 1193 1204 της
1205 1135 1216 1192 l
1228 1151 1294 1210 pag.
1309 1133 1366 1206 639
1378 1132 1413 1190 ed
1423 1131 1519 1190 Hiilrn.
1536 1149 1544 1189 ε
1555 1131 1649 1202 τοῦτο(
1660 1129 1691 1188 τὸ
1701 1129 1769 1208 πῦρ)
1778 1131 1848 1186 πάντα

1147 1217 1190 1276 διὰ
1200 1220 1296 1285 παντὸς
1310 1218 1438 1296 κυὸερνᾷ·
1451 1238 1514 1295 quae
1528 1217 1618 1274 verba
1629 1217 1801 1296 Heracliteis
1812 1237 1848 1274 su·

1146 1325 1201 1381 pra
1210 1307 1397 1364 adnumeravi
1410 1305 1444 1363 ad
1457 1307 1557 1380 fragm.
1572 1306 1620 1373 46.
1632 1306 1759 1363 Videtur
1771 1319 1846 1361 autem

1149 1394 1310 1452 llersclitus
1336 1392 1465 1472 κυάερνᾷν
1487 1404 1515 1449 et
1531 1388 1656 1458 οίακίζειν
1673 1392 1792 1466 (fragm.
1809 1392 1848 1454 50}

1148 1483 1311 1559 promiscue
1325 1499 1492 1558 usurpasse.
1510 1477 1628 1557 EpHesii
1646 1479 1776 1537 hominis
1794 1479 1848 1536 effi·

1148 1581 1207 1626 tum
1218 1569 1261 1626 sic
1276 1567 1404 1625 imitatus
1419 1579 1462 1624 est
1476 1563 1630 1623 Cleanthes
1646 1563 1749 1640 hymn.
1762 1563 1847 1620 iulos.

1148 1641 1191 1714 ils.
1202 1655 1291 1721 31-3t
1312 1651 1402 1713 τᾶλλά
1418 1655 1470 1713 Ζεῦ
1480 1652 1618 1728 πάνθωρε,
1634 1650 1801 1728 κελαινεφές,
1812 1651 1847 1725 ri:-

1150 1739 1306 1821 χικίραυνε,
1340 1739 1490 1818 ἀνθρώπους
1518 1736 1589 1818 ptimo
1620 1736 1792 1815 ᾶπειροσιίνης
1811 1739 1850 1794 ὀπί

1147 1830 1257 1904 λυγρῆς,
1267 1827 1300 1899 ἣν
1308 1824 1340 1884 σθ
1349 1873 1358 1904 ,
1367 1825 1462 1904 πάτερ,
1473 1823 1600 1882 σκέδασον
1610 1825 1701 1904 ψνγῆς
1713 1823 1775 1900 tino,
1784 1823 1819 1888 δίς
1830 1823 1849 1878 il

1148 1918 1261 1994 κυρῆσαι
1272 1911 1389 1991 γνώμης,
1404 1903 1423 1990 ᾗ
1441 1913 1549 1976 πίσυνος
1561 1907 1593 1968 σθ
1608 1909 1686 1981 δίκης
1702 1911 1769 1985 με’τα
1781 1911 1848 1968 πάντα

1147 1999 1303 2081 κυάερνᾷς,)

1150 2087 1237 2164 Νάμος
1249 2086 1294 2146 καί
1312 2085 1392 2166 βουλὴ
1405 2083 1539 2144 πείθεσθαι
1548 2083 1612 2151 tide.

1189 2174 1336 2249 (Clemens
1348 2174 1452 2232 Strom.
1469 2176 1499 2241 V,
1523 2182 1556 2241 rt,
1574 2192 1603 2248 p.
1621 2171 1694 2244 718.
1710 2169 1759 2228 Sic
1771 2183 1796 2227 et
1807 2169 1848 2226 He-

1147 2264 1266 2319 rodotus
1277 2261 1329 2319 lib.
1345 2260 1369 2330 l,
1385 2261 1439 2317 no
1450 2257 1583 2318 πείθεσθαί
1594 2279 1661 2323 τινος
1676 2257 1765 2330 dixit,
1777 2277 1848 2333 quun

1147 2349 1256 2406 Atticos
1270 2348 1441 2425 plerumque
1459 2343 1591 2402 πείθεσθαί
1610 2367 1660 2400 τινι
1676 2344 1786 2402 dixisse
1797 2363 1849 2400 ron·

1148 2445 1209 2491 stet.
1222 2434 1282 2490 Huc
1299 2433 1445 2510 pertinent
1459 2430 1596 2488 Heracliti
1612 2427 1707 2488 verba
1720 2429 1792 2506 apud
1802 2427 1848 2485 Sto

1147 2520 1239 2578 baeum
1252 2518 1328 2576 Flor.
1342 2518 1396 2588 tlt,
1408 2519 1445 2586 tt.
1464 2514 1636 2597 ισιυρρονίειν
1648 2513 1733 2594 ἀρετ-λ
1747 2513 1849 2591 ραγίετη,

1147 2605 1191 2664 καὶ
1210 2605 1287 2684 αορίη
1308 2603 1407 2676 olette
1420 2602 1505 2681 λίγειν
1519 2602 1565 2662 καί
1587 2599 1687 2660 ποιίεεν
1703 2601 1772 2661 κατά
1790 2601 1847 2680 piro

1148 2688 1283 2759 ίπαίοντας
1293 2737 1301 2770 ‚
1312 2712 1375 2768 quse
1386 2705 1480 2750 tamen
1495 2691 1596 2766 fragm.
1617 2689 1654 2747 55
1669 2687 1849 2748 consideranti

1146 2781 1198 2839 vix
1211 2779 1328 2858 Ephesii
1344 2779 1512 2857 philosophi
1530 2796 1594 2837 esse
1611 2775 1798 2836 ridebuntur.
1819 2775 1850 2831 ne

1148 2867 1262 2945 reliquo
1282 2885 1358 2925 unus
1383 2867 1433 2925 ille
1458 2883 1544 2944 quem
1563 2862 1729 2922 Heraclitus
1744 2881 1849 2938 sequen-

1146 2953 1214 3013 dum
1229 2965 1327 3011 censet
1342 2966 1391 3011 aut
1408 2952 1470 3030 ipse
1485 2949 1600 3029 Jupiter
1613 2962 1658 3008 est
1677 2963 1730 3008 aut
1744 2951 1849 3026 quicun-

1146 3061 1203 3120 que
1218 3040 1324 3099 divinae
1339 3042 1444 3098 mentis
1459 3037 1594 3118 (γνώμης)
1609 3037 1757 3116 interpres
1775 3034 1847 3094 habe

1147 3132 1227 3200 tur.)

1113 3256 1121 3271 .
1149 3215 1319 3276 Καθάπτεται
1333 3213 1361 3272 dl
1373 3213 1418 3272 καί
1429 3215 1481 3272 τῶν
1492 3211 1622 3291 Ἐρεσίων
1634 3211 1679 3268 ἐπὶ
1691 3213 1730 3292 τῷ
1741 3211 1781 3269 τὸν
1791 3213 1846 3266 ἑταῖ-

1147 3323 1188 3380 ρον
1208 3301 1327 3360 θκὸαλεῖν
1343 3299 1563 3380 Ἓρμάδωρον,ίν
1583 3288 1620 3374 οἷς
1642 3319 1735 3378 φησιν·
1755 3295 1846 3361 ι’λξιον

1146 3387 1289 3468 Ἐφεσίοισι
1302 3388 1401 3460 ἡάηδθν
1416 3383 1566 3445 άποθανάειν
1582 3395 1650 3443 πᾶσι
1662 3385 1711 3444 καὶ
1725 3382 1848 3450 mistiri-

1146 3475 1215 3536 ὅοισι
1227 3476 1274 3545 τὴν
1291 3476 1367 3533 πόλιν
1385 3471 1572 3548 καταλιπίειν,
1587 3469 1681 3537 οίτινες
1699 3472 1848 3549 Ἑρμόδωρον

1146 3563 1247 3620 ἑωυτῶν
1260 3563 1377 3633 θνήῑστον
1390 3561 1512 3629 ἔξίάαλον
1525 3561 1651 3638 λέγοντες·
1666 3557 1775 3634 Ἡμέων
1796 3555 1847 3633 prii

1145 3639 1180 3713 είς
1192 3649 1310 3718 ὀνήῖστος
1321 3647 1397 3706 ἔστω·
1410 3649 1432 3706 εἶ
1446 3649 1474 3706 δι’
1485 3669 1524 3712 τις
1544 3649 1678 3718 τοιοῦτος,
1694 3645 1762 3724 άλλη
1776 3667 1800 3701 τε
1813 3641 1847 3698 καὶ

1146 3734 1202 3813 μετ’
1214 3734 1310 3792 ἄλλων.
1332 3761 1345 3787 ν

1185 3823 1348 3900 (Diogenes
1357 3819 1541 3880 Laertiuslib
1554 3817 1606 3895 lx,
1622 3817 1780 3894 s.Vulgari
1798 3817 1848 3872 dec-

1146 3907 1245 3966 θανίειν
1259 3921 1288 3966 et
1300 3907 1482 3978 καταλιπίειν;
1494 3907 1579 3967 codd.
1591 3909 1731 3964 ἀποθανεῖν
1743 3918 1770 3962 et
1782 3925 1847 3961 κατα-

1144 3997 1237 4053 λιπεῖν.
1249 3994 1354 4054 lisdem
1366 4014 1459 4072 prope
1467 3992 1566 4052 verbis
1575 3993 1635 4051 haec
1649 4005 1748 4051 narrat
1761 3991 1846 4048 Cicero

1144 4085 1228 4142 Tusc.
1242 4080 1278 4153 V,
1300 4083 1346 4140 36.
1360 4081 1457 4139 illinus
1477 4093 1608 4138 accurate
1627 4079 1801 4138 lamblichus
1820 4075 1848 4130 de

1146 4169 1197 4225 vit.
1210 4166 1295 4244 Pyre.
1311 4186 1335 4226 s.
1350 4166 1404 4239 ¹73
1427 4188 1434 4222 :
1450 4167 1478 4223 οὒ
1492 4165 1543 4242 γάρ
1554 4164 1674 4244 καθάπερ
1695 4163 1847 4242 Ἡράκλειτοι

1146 4252 1275 4331 Ἐρεσίοις
1297 4252 1407 4331 γράψειν
1429 4251 1479 4327 ἔφη
1498 4249 1557 4315 τοὺς
1571 4249 1680 4328 νόμους,
1700 4247 1847 4324 ἀπάγξασθαι

1144 4333 1845 4416 τοθςπολίταςὴθηδθνκελεύσας.Ιπρουσίεαίαειιίο

1143 4426 1289 4503 discrepet
1299 4425 1403 4483 Strabo
1417 4424 1470 4486 lib.
1482 4427 1552 4486 xlv
1569 4445 1600 4503 p.
1616 4425 1675 4492 ota
1688 4425 1735 4484 ed.
1744 4419 1814 4494 cas.)

295 4713 334 4762 ei.
351 4711 584 4760 lliccorrunermtes
596 4711 695 4760 esctun
712 4714 738 4762 et
750 4712 864 4762 custodes
877 4712 928 4763 liert
939 4713 1039 4776 vigilen-
1086 4715 1261 4766 Hermodorum
1286 4715 1427 4779 ejecissent,
1451 4715 1553 4765 dicens:
1581 4733 1594 4758 α
1615 4717 1737 4764 iterentur
1754 4703 1846 4759 united

264 4800 302 4850 ter
316 4797 451 4848 urentium
462 4799 487 4848 et
501 4802 661 4848 mortnomm.
1085 4802 1179 4864 Ephesii
1202 4801 1292 4863 adulti,
1303 4805 1331 4852 ut
1350 4803 1428 4852 mone
1441 4801 1586 4862 afficientur,
1606 4799 1743 4862 imponerer
1758 4807 1809 4845 rem
1823 4792 1844 4837 ⁰¹

294 4891 332 4936 ss.
351 4888 409 4935 iuss
423 4886 488 4936 enim
500 4896 572 4934 unam
582 4883 733 4948 septentiam,
751 4897 823 4936 nosse
835 4886 940 4937 mentem
953 4900 982 4938 es
995 4901 1039 4950 po·
1083 4887 1167 4937 urbem
1180 4887 1327 4950 relinquant,
1336 4887 1393 4949 quia
1404 4887 1580 4937 Hermodorum
1590 4884 1807 4950 prestantissima!
1817 4877 1844 4926 θ

263 4972 337 5022 tentia
350 4971 486 5035 preditam,
499 4974 527 5022 ut
539 4971 620 5022 omnis
631 4971 732 5022 omnino
742 4971 867 5034 gubernet·
1083 4983 1137 5022 vem
1156 4973 1233 5034 petria
1245 4973 1390 5036 expellentes
1411 4975 1443 5023 ite
1457 4974 1531 5023 locuti
1545 4976 1603 5024 sunt
1619 4993 1626 5022 ε
1643 4976 1720 5023 Homo
1738 4969 1767 5020 de
1785 4964 1841 5016 nobit

294 5065 333 5110 ot.
343 5061 390 5112 nu
402 5062 427 5110 et
439 5061 564 5110 consiliunt
573 5061 612 5111 est
626 5059 667 5110 nul
675 5059 780 5110 obedire.
1082 5072 1145 5108 onus
1153 5060 1270 5123 excellat3
1284 5061 1324 5110 sed
1335 5063 1356 5109 sl
1367 5061 1421 5122 quis
1431 5061 1484 5110 talis
1495 5061 1623 5121 exstiterit,
1635 5059 1690 5109 alibi
1702 5061 1727 5108 et
1738 5067 1789 5106 ουον
1799 5049 1840 5101 stit

295 5147 334 5196 st.
353 5145 511 5209 Reprebeudit
528 5149 601 5198 etism
615 5147 729 5210 spirutu
751 5148 815 5210 qnod
834 5147 941 5198 sodslstn
964 5159 1036 5196 snum
1080 5146 1182 5208 degat.»
