3840 5924
230 413 268 466 οι
880 347 1192 458 concurrimus

231 543 356 614 ligantia.
374 561 387 588 ι
402 537 439 592 At
451 533 534 614 ὄρωρε
557 553 617 591 non
639 533 781 605 activam,
805 531 856 591 sed
877 544 1009 592 neutram
1059 529 1238 590 Schneidew.
1254 529 1368 609 ἅρμασιν
1378 529 1404 588 έν
1416 525 1539 606 Χαρίτων
1554 525 1683 608 ρορηθείς.
1697 527 1847 606 Empedo-

230 627 317 686 babet
340 635 520 704 potestatem.
543 623 687 682 Praeterea
710 621 853 680 sententia
873 641 933 680 non
951 635 1009 678 tam
1059 620 1115 678 clis
1130 619 1227 676 locum
1244 616 1347 696 procul
1362 615 1452 674 dubie
1466 615 1606 694 spectavit
1618 614 1702 672 Plato
1716 615 1747 671 in
1762 614 1849 672 Pbae·

230 714 390 793 pcrlcctum
403 709 503 790 ύρονρε,
519 730 605 788 quam
621 723 671 770 aut
692 710 747 768 boc
761 710 857 786 ipsum
871 722 920 768 aut
932 709 1014 767 aliud
1058 707 1113 766 dro
1126 727 1158 785 p.
1170 713 1227 778 τού
1241 709 1275 763 Α.
1287 703 1321 762 τθι
1332 703 1379 778 μέν
1390 707 1453 762 θεῶν
1464 702 1588 782 &Liparo
1601 703 1745 784 ίαοῤῥύπιις
1754 704 1849 775 εὖήνιοι

230 801 354 860 verbum
367 800 501 878 praesenti
518 812 649 876 tempore
661 798 842 857 enuntiatum
856 797 1012 856 desiderat.
1058 792 1121 852 ὄντα
1136 791 1231 873 ῥαδίως
1244 793 1397 870 πορεύεται,
1408 789 1443 849 τά
1457 791 1484 848 δέ
1500 791 1568 849 ἄλλο
1583 789 1739 868 πορεύονται
1756 791 1843 867 μόγις·

231 889 304 950 hlihi
327 889 405 948 Sexti
428 886 654 966 explicationem
679 886 821 964 spectanti
846 884 1014 960 ponendum
1061 878 1144 960 βρίθει
1157 878 1207 960 γάρ
1219 882 1234 937 θ
1245 883 1291 949 τῆς
1305 877 1390 949 κάκης
1399 877 1480 945 ίππος
1493 877 1613 956 μετέχων
1628 877 1671 936 έπί
1684 883 1734 956 γῆν
1754 879 1844 956 ῥέπων

230 977 346 1036 videtur
367 974 478 1034 πεύσεαι
492 975 521 1033 ού
545 973 624 1032 πλέον
644 970 676 1044 ἠέ
698 972 801 1054 βροτείη
823 977 901 1050 μῆτις
919 976 1013 1051 ὁρᾶται
1061 989 1090 1026 τε
1104 966 1150 1025 καὶ
1164 965 1294 1046 βαρύνων,
1305 963 1337 1037 ἣν
1350 965 1388 1043 μὴ
1403 967 1489 1033 καλῶς
1505 957 1712 1045 ᾖτεθραμμίνος
1726 967 1779 1026 ind
1792 971 1847 1023 τῶν

232 1087 289 1122 πονε
296 1070 363 1141 μίαν
372 1083 521 1138 cognosces
527 1105 534 1132 ‚
553 1083 638 1138 qnam
651 1075 786 1138 quantum
796 1061 923 1118 Ιιιειιιαιια
933 1063 1017 1117 intel·
1061 1055 1184 1136 ἡνιόχων.
1196 1056 1325 1114 Omnino
1345 1056 1381 1115 ad
1400 1055 1620 1136 exprimendam
1635 1055 1847 1114 sublimitatem

234 1158 349 1230 ligentr'a
372 1155 453 1210 videt.
475 1150 509 1208 ld
523 1150 601 1208 enim
624 1167 684 1210 non
708 1161 820 1210 tantum
841 1146 942 1207 verbis
956 1146 1015 1206 ἀλλ’
1062 1146 1143 1204 nulla
1155 1144 1305 1204 veteribus
1319 1146 1564 1204 accommodatior
1580 1143 1735 1202 videbatur
1748 1145 1848 1220 imago

234 1235 879 1320 ἐρ’θσονὶκνεῖταιθαἰνθρώπινοελάγοςληπτλν
888 1235 1016 1315 ὑπάρχειν
1062 1252 1149 1310 quam
1180 1253 1295 1292 currus.
1320 1233 1365 1293 Ci.
1388 1231 1638 1292 llemsterbusinnt
1663 1231 1699 1289 ad
1721 1231 1847 1290 Lucian.

235 1340 458 1386 consentaneum
478 1337 539 1397 est,
559 1325 611 1384 sed
632 1325 718 1384 etiam
742 1324 954 1403 sequentibus:
972 1323 1018 1383 καί
1061 1321 1162 1381 Somn.
1173 1341 1200 1381 c.
1215 1321 1251 1378 15
1262 1340 1328 1399 pag.
1347 1321 1459 1396 198ed.
1476 1321 1541 1399 Bip.
1556 1333 1584 1378 et
1595 1322 1655 1378 λοι.
1670 1319 1706 1377 ad
1729 1319 1848 1380 Platon.

236 1414 279 1474 θιλ
294 1418 344 1473 τών
368 1412 426 1484 ἑξῆς
447 1412 592 1483 ἐπιπλήξας
614 1417 668 1480 τοῖς
690 1412 770 1472 πλέον
785 1411 1019 1494 ίπαγγελλομένοις
1062 1409 1083 1468 l.
1097 1429 1123 1470 c.
1137 1427 1168 1487 p.
1183 1427 1242 1484 apo
1255 1427 1316 1485 seq.
1335 1409 1409 1469 ilinc
1425 1409 1511 1467 etiam
1525 1406 1605 1466 aurei
1620 1407 1761 1464 carminis
1775 1427 1848 1464 con-

236 1501 371 1580 γινώσκειν
386 1500 546 1579 παρίστησιν
558 1497 597 1558 dn
611 1521 638 1561 κ.
653 1523 680 1562 τ.
695 1501 722 1563 λ.
1062 1495 1141 1555 ditor
1159 1513 1204 1556 vs.
1221 1495 1259 1570 69
1271 1494 1377 1572 ἡνιύχον
1400 1491 1508 1571 γνώμην
1532 1505 1713 1551 commentus
1735 1505 1794 1564 est,
1810 1495 1850 1552 de

275 1587 337 1648 Vss.
355 1589 462 1660 [ιδ-57.
477 1587 581 1648 Sextus
602 1587 623 1645 l.
648 1608 674 1647 ο.
690 1584 735 1645 καί
749 1583 793 1644 at
815 1587 868 1644 τῶν
883 1585 942 1658 ίξῆς
961 1585 1020 1646 lm·
1063 1600 1122 1658 qua
1136 1582 1204 1640 vide
1218 1581 1385 1640 Hieroclem
1405 1599 1471 1658 pag.
1496 1581 1551 1639 165
1571 1599 1632 1657 seq.
1646 1579 1693 1638 ed.
1707 1593 1800 1641 nostr.
1820 1595 1850 1640 et

236 1674 337 1746 πλήξας
351 1683 405 1744 τοίς
417 1673 495 1732 πλέον
518 1672 754 1752 ίπαγγελλομάνοις
767 1671 915 1750 γινώσκειν,
938 1671 1021 1752 παρί-
1064 1689 1129 1746 quae
1139 1668 1183 1728 ibi
1198 1670 1364 1728 notaviinus
1378 1689 1408 1747 p.
1429 1677 1496 1740 174.

237 1785 328 1833 στησιν
350 1761 390 1820 ὅτι
413 1761 443 1820 τὸ
466 1762 499 1820 δι’
521 1761 632 1833 ἑκάστης
651 1760 796 1830 αἰσθήσιος
818 1759 1018 1836 λαμύανάμενον
1103 1755 1153 1818 Vs.
1165 1756 1249 1817 domi
1258 1756 1486 1834 r'Codd.,quod
1496 1754 1666 1814 Karstenius
1676 1754 1850 1816 demandata

237 1849 329 1908 πιστόν
344 1851 415 1924 έστι,
428 1847 563 1926 τοῦλόγου
579 1850 678 1907 τούτοιν
692 1849 908 1920 ίπιστοιτοῦντος,
922 1846 1019 1928 καίπερ
1065 1843 1163 1902 subito
1184 1843 1274 1903 ttusae
1295 1843 1434 1920 loquendi
1462 1844 1528 1902 vice
1549 1841 1712 1920 positisque
1735 1842 1850 1902 lacunae

237 1940 361 2015 πρότερον
385 1935 563 2016 καταδραμὼν
584 1940 632 2006 τῆς
653 1936 699 1994 ἀπ’
721 1937 805 1994 αὐτῶν
820 1934 940 2002 πίστεως.
955 1934 1020 2016 psol
1064 1931 1155 2007 signis
1176 1931 1315 1991 defendit.
1342 1930 1374 1988 σύ
1397 1933 1422 2009 γ’
1436 1931 1577 2006 Bergkius
1599 1929 1739 2000 tentavit;
1767 1929 1796 1989 τί
1821 1934 1850 2008 μ’

237 2023 308 2104 γάρ·
323 2023 390 2082 ἀλλὰ
402 2023 465 2101 θεολ,
482 2027 540 2082 κτλ.
550 2022 600 2080 Vs.
613 2023 653 2080 50
674 2023 738 2082 sine
760 2024 887 2082 auctoris
900 2026 1021 2082 nomine
1064 2019 1317 2079 Panzerbieterus.
1332 2018 1429 2078 Porro
1442 2018 1546 2097 βιήσεαι
1559 2017 1700 2092 Bergltius
1712 2017 1847 2096 scripsit.

238 2115 308 2172 citat
327 2113 461 2170 Clemens
485 2112 565 2170 Alex.
589 2111 697 2169 Strom.
712 2110 747 2170 V.
763 2130 793 2187 p.
811 2111 869 2168 ttae
881 2111 927 2170 ed.
942 2111 1020 2171 Pott.
1064 2138 1105 2152 -
1117 2105 1167 2167 Vs.
1190 2106 1298 2168 51-52.
1314 2109 1413 2164 θνατῶν
1435 2105 1515 2164 Sexti
1535 2102 1727 2180 membrana,
1746 2109 1850 2176 θνητῶν

237 2199 287 2259 Vs.
305 2201 341 2258 52
362 2199 484 2258 Procius
499 2199 531 2257 in
555 2197 687 2256 Platonis
710 2196 852 2255 'l’imaeum
875 2216 941 2276 pag.
966 2199 1020 2256 106
1067 2191 1847 2270 llerglriusetliarstenius.dasldobntCodd.,dvndsiotat

240 2291 281 2366 (p.
299 2289 356 2346 252
371 2288 407 2344 ed
435 2284 586 2361 Schneid.)
600 2285 647 2344 his
661 2285 759 2344 verbis
778 2284 1022 2362 ιἘμπεδοκλῆςδί
1067 2283 1216 2358 berghius.
1232 2280 1371 2364 ίριιθοιίης
1391 2283 1437 2340 vel
1458 2280 1499 2361 ἆρ’
1515 2269 1537 2361 ᾧ
1552 2282 1636 2352 θοείης
1653 2280 1743 2361 (θώῃς)
1766 2284 1851 2343 Sexti

240 2375 323 2448 αὐτὴν
346 2372 537 2452 ἐπαγγέλλεται
558 2371 650 2432 δώσειν
666 2374 715 2443 τὴν
738 2373 872 2444 ἀλήθειαν·
893 2372 939 2432 καί
959 2373 1022 2432 τάδε
1067 2373 1150 2433 codd.
1166 2386 1253 2450 atque
1266 2371 1357 2430 editio
1367 2369 1564 2443 Genevensis3
1580 2372 1622 2450 tp'
1634 2362 1681 2451 ᾧθ
1692 2372 1765 2443 ὁσίης
1784 2373 1850 2432 Cle·

240 2466 286 2532 τῆς
307 2461 399 2540 σοφίης
420 2463 462 2520 ἐπ’
486 2461 589 2538 ἄκροισι
606 2460 700 2528 θοάζει.
724 2461 971 2534 AddePlutatclt.
986 2463 1023 2522 de
1069 2461 1173 2519 mentis
1187 2459 1257 2518 libri
1273 2471 1302 2518 et
1315 2457 1487 2534 Stephanus.
1510 2457 1601 2517 Plene
1614 2472 1681 2537 post
1699 2462 1782 2519 εἰπεῖν
1804 2460 1851 2518 di·

240 2549 369 2607 Amicor.
386 2547 468 2607 mult.
483 2565 549 2625 pag.
567 2548 604 2622 93
624 2546 700 2624 (vot.
718 2547 755 2606 Vl
776 2569 806 2626 p.
830 2550 887 2616 346
903 2549 948 2608 ed.
967 2547 1022 2630 lh).
1068 2547 1232 2606 stinxerunt
1262 2545 1432 2604 Karstenius
1455 2556 1484 2602 et
1506 2544 1661 2621 llergkius,
1687 2547 1851 2606 versiculos

239 2635 288 2695 Vs.
303 2635 351 2706 45.
362 2632 525 2715 έτετρέψατε
539 2634 639 2706 codd.;
656 2634 819 2714 ιἰποτρίψατε
834 2637 961 2694 correxit
972 2635 1022 2696 Fa·
1068 2633 1181 2712 aliquot
1193 2633 1270 2692 inter
1283 2632 1361 2690 hunc
1381 2643 1411 2689 et
1429 2633 1597 2710 proximum
1621 2634 1765 2693 excidisse
1786 2634 1853 2712 opi-

240 2723 361 2783 bricius.
373 2721 422 2783 Vs.
436 2723 485 2792 46.
504 2721 634 2801 θχεύσστι
659 2721 724 2783 cod.
740 2723 892 2795 nonnulli;
914 2723 1020 2803 θχετεύ-
1068 2721 1137 2779 nati.
1151 2720 1208 2778 Sed
1220 2720 1296 2778 nihil
1311 2719 1410 2778 deesse
1423 2720 1587 2798 suspicatus
1602 2735 1645 2780 est
1667 2725 1852 2781 Hermannus

241 2832 306 2871 αντε
319 2809 484 2869 emendavit
496 2809 670 2888 Stephanus.
681 2810 732 2870 Vs.
746 2811 795 2877 ta.
809 2808 870 2868 Pro
885 2811 1026 2870 membra·
1068 2828 1152 2886 quern
1164 2808 1359 2867 Bekherusait
1369 2805 1483 2865 sublata
1493 2819 1559 2884 post
1568 2807 1649 2865 εἰπεῖν
1659 2806 1851 2866 distinctione

142 2923 144 2934 ·
241 2917 345 2956 narum
360 2895 442 2955 vitiis
458 2897 498 2976 tp·
512 2896 670 2975 ἡμείροισιν,
686 2895 851 2976 έρημίροισιν
863 2899 910 2956 vel
925 2898 1023 2978 ἐρημί-
1068 2917 1111 2956 rs.
1127 2897 1163 2954 5ο
1174 2917 1229 2974 pro
1238 2896 1357 2971 vulgato
1367 2893 1456 2974 θάρσει
1468 2894 1545 2972 qnod
1556 2895 1729 2974 interpretes
1742 2895 1852 2955 ablusa

243 3004 318 3062 ρησιν
328 2983 458 3059 reposuit
467 2982 629 3060 Stephanus
640 2981 830 3064 ίρημερίαισιν.
841 2983 912 3043 Post
921 2985 1023 3043 ἀκούειν
1070 2983 1115 3040 vel
1130 2997 1216 3060 poeta
1229 2983 1368 3041 mortales
1387 2981 1521 3040 hortante
1535 2981 1644 3040 dictum
1665 2983 1852 3042 existimave-

242 3091 301 3129 non
316 3072 402 3150 plene
416 3070 604 3131 distinximus
619 3093 683 3130 curn
699 3071 852 3132 Karstenio
863 3087 893 3131 et
902 3074 1024 3149 Bergkio
1068 3083 1134 3127 rant
1146 3068 1238 3148 θάρσεϊ
1252 3088 1397 3130 exarasse.
1420 3069 1466 3128 καὶ
1480 3068 1539 3128 τότε
1552 3067 1584 3141 δὴ
1596 3069 1717 3143 Sextus,
1731 3071 1776 3129 καὶ
1789 3072 1853 3130 τάδε

244 3180 349 3220 comm.
371 3160 407 3218 de
428 3159 550 3237 Emped.
572 3180 697 3239 prooem.
713 3181 742 3238 p.
771 3183 817 3238 19,
841 3161 891 3220 sed
910 3162 1026 3238 virgula
1069 3155 1205 3229 Procius,
1219 3157 1265 3216 καί
1281 3158 1344 3235 σύγε
1359 3155 1391 3228 δὴ
1406 3157 1659 3220 Panaerbieterus.
1673 3158 1758 3227 θοάζει
1772 3159 1852 3219 Sexti

243 3248 338 3326 posita
351 3247 485 3306 ultimum
497 3266 614 3308 versum
623 3245 713 3326 πέμπε
722 3247 911 3327 παρίὗσιύίης
921 3249 1024 3308 ἐλύσατ’
1069 3247 1154 3305 codd.
1189 3247 1417 3325 Regimontanus
1449 3259 1478 3306 et
1507 3246 1758 3320 vratislaviensis,
1782 3248 1853 3306 item

244 3333 344 3406 εὐήνιον
364 3333 437 3413 θρμα
459 3352 494 3392 ex
518 3332 631 3411 ιίντομαι
653 3347 753 3413 πρίνινοι
776 3352 838 3392 esse
862 3335 1022 3394 voluimus.
1069 3333 1422 3412 ProolnsetStephanus3
1435 3334 1516 3414 θοάζῃ
1530 3334 1603 3396 Cod.
1617 3335 1748 3396 Cizenais
1764 3351 1853 3416 atque

243 3420 381 3482 Precatur
392 3423 470 3480 eninr
485 3417 596 3481 llusam
608 3441 673 3500 quae
688 3441 807 3481 currum
819 3421 905 3497 regit,
918 3435 951 3481 ut
965 3421 1023 3482 sibi
1069 3421 1159 3482 editio
1180 3423 1376 3496 Genevensis,
1399 3423 1517 3498 θαμίζειν
1536 3424 1727 3498 Plutarchus,
1750 3427 1854 3494 θοάσιις

244 3509 361 3568 dicturo
370 3521 509 3586 qnantum
520 3508 692 3569 mortalibus
702 3507 804 3568 audire
813 3508 908 3568 lasest
918 3510 1024 3585 agilem
1069 3509 1203 3571 Sturzius
1225 3525 1340 3572 secutus
1361 3512 1539 3588 Scaligerum
1560 3513 1590 3572 in
1605 3513 1742 3592 Stephani
1765 3515 1854 3574 Poesi

244 3596 328 3656 illum
341 3615 457 3655 currum
470 3595 604 3673 apietate
616 3597 746 3676 prolecta
761 3597 864 3655 mittat.
879 3598 1026 3676 Quippea
1070 3597 1143 3676 phil.
1158 3618 1189 3677 p.
1205 3601 1263 3657 216
1275 3601 1327 3678 qui
1345 3613 1440 3659 tamen
1455 3601 1486 3660 in
1501 3600 1580 3660 libro
1601 3600 1854 3678 Lugdnnobatavo

245 3684 352 3762 pietate
372 3683 519 3761 proficisci
541 3685 620 3758 vult,
637 3697 669 3744 ut
689 3684 720 3742 in
741 3685 847 3744 itinere
865 3685 966 3744 oculos
989 3686 1026 3744 ab
1073 3685 1224 3746 Karstenio
1246 3699 1316 3746 teste
1338 3687 1413 3756 θόαζε
1437 3687 1493 3764 legi
1514 3687 1632 3746 volebat
1655 3689 1734 3766 quod
1758 3710 1855 3768 nuper

245 3773 326 3832 omni
338 3772 530 3849 turpitudine,
538 3772 689 3844 dedecore,
701 3772 812 3848 flagitio
825 3785 946 3832 avertat.
963 3773 1028 3832 Cae-
1073 3773 1293 3833 Panzerbietero
1306 3777 1339 3834 in
1353 3788 1475 3834 mentem
1491 3777 1581 3834 venit.
1595 3777 1677 3834 Adde
1687 3777 1765 3854 quod
1779 3777 1856 3836 θαάσ-

245 3871 339 3918 terum
360 3859 475 3934 Rergkii
498 3860 665 3936 conjectura
685 3859 774 3936 πέμπε
797 3859 826 3918 δέ
850 3863 878 3936 μ’
898 3859 1027 3934 Εὐαεὸίης
1071 3883 1125 3929 σεις
1137 3863 1449 3942 Karsteniusconjecit,
1463 3862 1742 3936 bodinielleinelrius,
1754 3867 1856 3934 θοάζεις

246 3945 367 4004 minime
383 3946 547 4004 necessaria
564 3959 617 4006 est.
633 3946 718 4015 Quod
740 3961 835 4005 autem
857 3947 1027 4008 Karstenius
1071 3949 1228 4026 Bergkius,
1244 3952 1343 4020 θοάζειν
1360 3952 1543 4010 llermannus
1555 3953 1602 4012 cui
1620 3953 1767 4033 astipulati
1787 3967 1856 4014 sunt

247 4033 303 4103 ait,
319 4049 381 4090 esse
400 4031 586 4108 ambiguum,
611 4031 674 4109 παρ’
687 4046 784 4092 utrum
804 4033 890 4110 jungi
911 4049 1028 4112 praestet
1072 4039 1217 4098 llelrlrerm
1228 4052 1257 4097 et
1274 4040 1414 4099 Steinius.
1431 4039 1491 4098 Etsi
1512 4041 1590 4099 enim
1606 4061 1664 4100 non
1680 4041 1857 4120 displicebat

247 4137 312 4176 cnm
327 4121 483 4197 participio
496 4117 608 4180 ἐλάουσα
623 4141 660 4178 an
671 4140 736 4179 cum
748 4120 881 4193 εὐσιύίης,
895 4137 1027 4180 neutrum
1072 4127 1124 4184 illa
1146 4145 1233 4204 quam
1254 4128 1306 4187 alii
1327 4127 1504 4206 philosopho
1526 4128 1689 4188 tribuerant
1710 4130 1855 4188 sententia

246 4225 318 4265 vero
332 4219 507 4285 prepostere
530 4208 593 4266 lieri
617 4228 708 4285 quum
731 4209 830 4267 cadem
853 4209 1028 4285 ambiguitas
1072 4213 1163 4293 θάρσει
1179 4216 1238 4275 κτλ.
1254 4218 1328 4272 ande
1340 4229 1370 4272 et
1381 4221 1420 4272 σέο
1433 4223 1462 4272 r'n
1473 4223 1622 4292 sapientia
1635 4217 1788 4290 fastigium
1804 4223 1852 4270 ι’νι-

247 4294 410 4372 reperiatur
422 4314 467 4353 vs.
480 4297 518 4355 85
536 4299 592 4362 ιώς
609 4295 712 4376 δέπαρ’
724 4296 855 4378 ἡμετέρης
868 4296 974 4357 κελεται
985 4319 1030 4356 τι·
1073 4307 1177 4373 solato,
1195 4317 1290 4362 tumen
1306 4303 1442 4362 hocloco
1457 4303 1645 4382 Empedocles
1665 4323 1700 4362 ea
1717 4305 1857 4380 praefatus

248 4381 375 4458 πώματα
392 4381 517 4458 Μούσης,
530 4383 582 4443 ubi
596 4384 670 4464 παρά
682 4387 730 4445 rel
746 4405 812 4445 cum
832 4385 936 4446 κέλεται
959 4407 1029 4447 con·
1073 4411 1138 4469 quae
1156 4391 1192 4450 ad
1207 4391 1463 4450 commendandam
1479 4389 1651 4449 mortalibus
1669 4393 1805 4470 pietatem
1828 4405 1857 4451 et

246 4468 332 4548 jungi
346 4470 440 4529 liceat.
452 4472 500 4530 vel
516 4491 583 4530 cum
598 4471 707 4546 Μούσης
723 4494 731 4531 t
747 4474 779 4533 in
798 4493 834 4532 eo
854 4475 902 4532 vir
926 4476 1029 4536 doctus
1074 4478 1242 4537 modestiam
1258 4479 1356 4538 valent
1374 4499 1433 4537 non
1450 4475 1605 4536 videbatur
1624 4493 1710 4556 posse
1723 4478 1859 4538 homines

250 4557 373 4618 fallitur.
389 4557 503 4618 Etenim
524 4557 598 4638 παρά
611 4560 661 4618 hic
677 4562 801 4620 eundem
822 4561 909 4621 habet
929 4583 1029 4638 usum,
1074 4579 1123 4624 aut
1141 4567 1204 4644 ipse
1220 4569 1261 4624 ita
1279 4565 1365 4624 affari
1380 4579 1430 4625 aut
1452 4565 1565 4624 blusam
1590 4563 1786 4641 alloquentem
1809 4566 1857 4624 in·

248 4659 280 4704 nt
294 4646 325 4705 in
339 4645 445 4724 Odyss.
459 4647 511 4708 lib.
524 4647 592 4722 llll,
609 4668 646 4722 7⁰
662 4652 726 4730 παρ’
738 4648 842 4722 Αἰήταο
854 4649 971 4711 πλέουσα
983 4654 1029 4711 vel
1073 4653 1194 4726 ducere,
1207 4667 1239 4712 ut
1253 4653 1375 4712 audacia
1387 4673 1450 4713 esse
1463 4671 1538 4730 opus
1551 4671 1612 4731 prae
1625 4671 1655 4710 se
1671 4652 1759 4710 ferret
1773 4653 1809 4710 ad
1826 4653 1858 4712 id

248 4731 336 4792 lliad.
352 4733 402 4805 Vl,
422 4755 475 4808 ¹77
497 4739 571 4812 σῆμα
592 4735 717 4816 φέρεσθαι
741 4737 816 4818 παρά
829 4759 906 4805 τινος.
930 4737 1031 4817 ltaque
1075 4743 1153 4821 quod
1165 4761 1307 4801 summum
1321 4743 1352 4800 in
1363 4761 1460 4801 rerum
1471 4739 1716 4818 contemplatione
1728 4752 1772 4799 est
1785 4760 1858 4798 con·

249 4819 438 4897 Empedocles
463 4841 645 4900 nequaquam
664 4831 784 4902 pietatis
811 4845 920 4883 οιιινιιοι
946 4827 1032 4887 linxit
1075 4831 1262 4909 sequendum.
1272 4831 1456 4909 Quapropter
1465 4828 1599 4888 versibus
1607 4829 1658 4900 ita,
1666 4829 1708 4887 nti
1717 4829 1857 4902 diximus,

194 4935 198 4942 ¹
247 4923 280 4970 ut
294 4909 463 4971 Karstenius
476 4912 557 4984 vult,
573 4911 624 4972 sed
638 4914 804 4992 superiores
817 4927 918 4992 poetas
932 4915 1029 4974 imita·
1075 4919 1232 4978 emendatis
1255 4931 1339 4996 negat
1367 4917 1555 4997 Empedocles
1573 4917 1732 4996 cupiditate
1759 4923 1861 4974 eximii

249 5009 351 5058 utsest
364 4998 416 5076 qui
431 4999 577 5059 Musarum
591 5013 621 5059 et
632 4999 804 5060 Gratiarum
826 5021 1029 5061 currusexco·
1068 5009 1156 5080 flores
1169 5009 1281 5065 honoris
1300 5029 1320 5064 α
1342 5005 1506 5065 mortalibus
1529 5007 1692 5082 reportandi
1716 5023 1780 5064 sese
1802 5005 1860 5064 im·

249 5086 420 5160 giraverunt.
433 5087 577 5148 Pindarus
587 5089 674 5167 Pyth.
685 5087 722 5163 x,
734 5090 772 5148 65
782 5091 836 5149 τύδ’
846 5088 945 5158 ἔζευξεν
957 5089 1030 5168 άρμα
1076 5093 1192 5172 pulsum
1202 5094 1257 5168 iri,
1271 5107 1304 5154 ut
1318 5093 1500 5173 pluraquam
1514 5093 1556 5150 fas
1571 5092 1609 5151 sit
1620 5090 1756 5150 audacter·
1767 5109 1860 5151 enun-

251 5171 380 5254 ΙῙιερίδιον
393 5175 544 5258 τετράορον.
558 5176 700 5240 Simonid.
714 5177 827 5256 Fragm.
841 5177 923 5255 CCV,
938 5197 973 5238 to
982 5181 1029 5241 ed.
1076 5182 1130 5242 tiet
1136 5199 1227 5260 eaque
1235 5182 1355 5242 audacia
1364 5181 1395 5241 in
1405 5181 1554 5260 sapientias
1562 5177 1708 5256 iastip'um
1718 5175 1858 5240 enitatur.
