<?xml version="1.0" encoding="UTF-8"?>
<!DOCTYPE html PUBLIC "-//W3C//DTD XHTML 1.0 Transitional//EN"
    "http://www.w3.org/TR/xhtml1/DTD/xhtml1-transitional.dtd">
<html xmlns="http://www.w3.org/1999/xhtml" xml:lang="en" lang="en">
 <head>
  <title>
</title>
<meta http-equiv="Content-Type" content="text/html;charset=utf-8" />
  <meta name='ocr-system' content='tesseract 3.04.00' />
  <meta name='ocr-capabilities' content='ocr_page ocr_carea ocr_par ocr_line ocrx_word'/>
</head>
<body>
  <div class='ocr_page' id='page_1' title='image "./fragmentaphilos03mullgoog/fragmentaphilos03mullgoog_0098.png"; bbox 0 0 3838 5926; ppageno 0'>
   <div class='ocr_carea' id='block_1_1' title="bbox 490 393 1678 471">
    <p class='ocr_par' dir='ltr' id='par_1_1' title="bbox 490 393 1678 471">
     <span class='ocr_line' id='line_1_1' title="bbox 490 393 1678 471; baseline 0.006 -18"><span class='ocrx_word' id='word_1_1' title='bbox 490 393 531 453; x_wconf 84' lang='lat' dir='ltr'><strong>m</strong></span> <span class='ocrx_word' id='word_1_2' title='bbox 554 393 795 456; x_wconf 78' lang='lat' dir='ltr'><strong>nursuoctls</strong></span> <span class='ocrx_word' id='word_1_3' title='bbox 816 393 1027 458; x_wconf 72' lang='lat' dir='ltr'><strong>chaumati</strong></span> <span class='ocrx_word' id='word_1_4' title='bbox 1050 396 1266 471; x_wconf 68' lang='lat' dir='ltr'><strong>nstramus.</strong></span> <span class='ocrx_word' id='word_1_5' title='bbox 1641 409 1678 463; x_wconf 73' lang='lat' dir='ltr'><strong>tt</strong></span> 
     </span>
    </p>
   </div>
   <div class='ocr_carea' id='block_1_2' title="bbox 62 523 856 4627">
    <p class='ocr_par' dir='ltr' id='par_1_2' title="bbox 66 523 854 1565">
     <span class='ocr_line' id='line_1_2' title="bbox 71 523 852 606; baseline 0.006 -25"><span class='ocrx_word' id='word_1_6' title='bbox 71 523 266 602; x_wconf 72' lang='lat' dir='ltr'><strong>Theophrasti</strong></span> <span class='ocrx_word' id='word_1_7' title='bbox 281 526 347 583; x_wconf 91' lang='lat' dir='ltr'><strong>loco</strong></span> <span class='ocrx_word' id='word_1_8' title='bbox 365 526 505 602; x_wconf 86' lang='lat' dir='ltr'><strong>colligens</strong></span> <span class='ocrx_word' id='word_1_9' title='bbox 519 527 610 586; x_wconf 87' lang='lat' dir='ltr'><strong>verba</strong></span> <span class='ocrx_word' id='word_1_10' title='bbox 624 527 685 586; x_wconf 85' lang='lat' dir='ltr'><strong>haec</strong></span> <span class='ocrx_word' id='word_1_11' title='bbox 698 527 735 585; x_wconf 87' lang='lat' dir='ltr'><strong>ab</strong></span> <span class='ocrx_word' id='word_1_12' title='bbox 749 528 852 606; x_wconf 87' lang='lat' dir='ltr'><strong>Empe-</strong></span> 
     </span>
     <span class='ocr_line' id='line_1_3' title="bbox 71 612 854 692; baseline 0.006 -25"><span class='ocrx_word' id='word_1_13' title='bbox 71 612 152 668; x_wconf 83' lang='lat' dir='ltr'><strong>doele</strong></span> <span class='ocrx_word' id='word_1_14' title='bbox 164 613 201 670; x_wconf 92' lang='lat' dir='ltr'><strong>ad</strong></span> <span class='ocrx_word' id='word_1_15' title='bbox 217 613 403 691; x_wconf 90' lang='lat' dir='ltr'><strong>aperiendam</strong></span> <span class='ocrx_word' id='word_1_16' title='bbox 419 615 577 692; x_wconf 85' lang='lat' dir='ltr'><strong>voluptatis</strong></span> <span class='ocrx_word' id='word_1_17' title='bbox 595 629 624 673; x_wconf 88' lang='lat' dir='ltr'><strong>et</strong></span> <span class='ocrx_word' id='word_1_18' title='bbox 638 616 751 674; x_wconf 87' lang='lat' dir='ltr'><strong>doloris</strong></span> <span class='ocrx_word' id='word_1_19' title='bbox 769 627 854 673; x_wconf 87' lang='lat' dir='ltr'><strong>natu-</strong></span> 
     </span>
     <span class='ocr_line' id='line_1_4' title="bbox 70 699 854 779; baseline 0.005 -23"><span class='ocrx_word' id='word_1_20' title='bbox 70 719 130 757; x_wconf 93' lang='lat' dir='ltr'><strong>ram</strong></span> <span class='ocrx_word' id='word_1_21' title='bbox 148 720 215 758; x_wconf 87' lang='lat' dir='ltr'><strong>esse</strong></span> <span class='ocrx_word' id='word_1_22' title='bbox 237 699 369 758; x_wconf 90' lang='lat' dir='ltr'><strong>adhibita</strong></span> <span class='ocrx_word' id='word_1_23' title='bbox 390 701 426 758; x_wconf 91' lang='lat' dir='ltr'><strong>iis</strong></span> <span class='ocrx_word' id='word_1_24' title='bbox 451 701 617 776; x_wconf 76' lang='lat' dir='ltr'><strong>fragmentis</strong></span> <span class='ocrx_word' id='word_1_25' title='bbox 639 703 794 779; x_wconf 91' lang='lat' dir='ltr'><strong>inquibus</strong></span> <span class='ocrx_word' id='word_1_26' title='bbox 817 703 854 760; x_wconf 91' lang='lat' dir='ltr'><strong>de</strong></span> 
     </span>
     <span class='ocr_line' id='line_1_5' title="bbox 71 777 852 863; baseline 0.006 -20"><span class='ocrx_word' id='word_1_27' title='bbox 71 787 240 844; x_wconf 79' lang='lat' dir='ltr'><strong>mortalium</strong></span> <span class='ocrx_word' id='word_1_28' title='bbox 265 789 385 863; x_wconf 89' lang='lat' dir='ltr'><strong>ingenio</strong></span> <span class='ocrx_word' id='word_1_29' title='bbox 405 777 534 846; x_wconf 64' lang='lat' dir='ltr'><strong>et&#39;sensu</strong></span> <span class='ocrx_word' id='word_1_30' title='bbox 555 791 650 862; x_wconf 87' lang='lat' dir='ltr'><strong>agitur</strong></span> <span class='ocrx_word' id='word_1_31' title='bbox 665 808 698 846; x_wconf 86' lang='lat' dir='ltr'><strong>ea</strong></span> <span class='ocrx_word' id='word_1_32' title='bbox 718 784 852 848; x_wconf 87' lang='lat' dir='ltr'><strong>inseruit.</strong></span> 
     </span>
     <span class='ocr_line' id='line_1_6' title="bbox 69 874 849 953; baseline 0.005 -23"><span class='ocrx_word' id='word_1_33' title='bbox 69 874 126 931; x_wconf 85' lang='lat' dir='ltr'><strong>Nos</strong></span> <span class='ocrx_word' id='word_1_34' title='bbox 142 875 174 932; x_wconf 94' lang='lat' dir='ltr'><strong>in</strong></span> <span class='ocrx_word' id='word_1_35' title='bbox 189 875 244 932; x_wconf 91' lang='lat' dir='ltr'><strong>hac</strong></span> <span class='ocrx_word' id='word_1_36' title='bbox 258 875 482 950; x_wconf 77' lang='lat' dir='ltr'><strong>fragmentorum</strong></span> <span class='ocrx_word' id='word_1_37' title='bbox 498 877 642 953; x_wconf 81' lang='lat' dir='ltr'>paucitate</span> <span class='ocrx_word' id='word_1_38' title='bbox 664 895 697 933; x_wconf 89' lang='lat' dir='ltr'><strong>ac</strong></span> <span class='ocrx_word' id='word_1_39' title='bbox 712 878 849 953; x_wconf 86' lang='lat' dir='ltr'><strong>deprava·</strong></span> 
     </span>
     <span class='ocr_line' id='line_1_7' title="bbox 68 962 854 1040; baseline 0.004 -23"><span class='ocrx_word' id='word_1_40' title='bbox 68 962 150 1019; x_wconf 91' lang='lat' dir='ltr'><strong>tione</strong></span> <span class='ocrx_word' id='word_1_41' title='bbox 171 964 271 1022; x_wconf 91' lang='lat' dir='ltr'><strong>minus</strong></span> <span class='ocrx_word' id='word_1_42' title='bbox 295 963 331 1021; x_wconf 89' lang='lat' dir='ltr'><strong>de</strong></span> <span class='ocrx_word' id='word_1_43' title='bbox 350 963 417 1021; x_wconf 91' lang='lat' dir='ltr'><strong>sede</strong></span> <span class='ocrx_word' id='word_1_44' title='bbox 437 962 525 1040; x_wconf 89' lang='lat' dir='ltr'><strong>hujus</strong></span> <span class='ocrx_word' id='word_1_45' title='bbox 550 962 608 1022; x_wconf 90' lang='lat' dir='ltr'><strong>loci</strong></span> <span class='ocrx_word' id='word_1_46' title='bbox 622 982 708 1038; x_wconf 90' lang='lat' dir='ltr'><strong>quam</strong></span> <span class='ocrx_word' id='word_1_47' title='bbox 732 963 768 1021; x_wconf 87' lang='lat' dir='ltr'><strong>de</strong></span> <span class='ocrx_word' id='word_1_48' title='bbox 790 964 854 1040; x_wconf 88' lang='lat' dir='ltr'><strong>ejus</strong></span> 
     </span>
     <span class='ocr_line' id='line_1_8' title="bbox 67 1049 853 1130; baseline 0.005 -26"><span class='ocrx_word' id='word_1_49' title='bbox 67 1049 274 1108; x_wconf 81' lang='lat' dir='ltr'><strong>emendatione</strong></span> <span class='ocrx_word' id='word_1_50' title='bbox 287 1066 316 1110; x_wconf 88' lang='lat' dir='ltr'><strong>et</strong></span> <span class='ocrx_word' id='word_1_51' title='bbox 336 1053 573 1130; x_wconf 81' lang='lat' dir='ltr'><strong>interpretatione</strong></span> <span class='ocrx_word' id='word_1_52' title='bbox 594 1052 712 1109; x_wconf 80' lang='lat' dir='ltr'><strong>solliciti</strong></span> <span class='ocrx_word' id='word_1_53' title='bbox 735 1052 853 1111; x_wconf 88' lang='lat' dir='ltr'><strong>fuimus.</strong></span> 
     </span>
     <span class='ocr_line' id='line_1_9' title="bbox 67 1137 854 1218; baseline 0.006 -24"><span class='ocrx_word' id='word_1_54' title='bbox 67 1137 184 1197; x_wconf 83' lang='lat' dir='ltr'><strong>Placuit</strong></span> <span class='ocrx_word' id='word_1_55' title='bbox 199 1141 291 1214; x_wconf 90' lang='lat' dir='ltr'><strong>igitur</strong></span> <span class='ocrx_word' id='word_1_56' title='bbox 308 1140 474 1218; x_wconf 81' lang='lat' dir='ltr'><strong>Empedocli</strong></span> <span class='ocrx_word' id='word_1_57' title='bbox 489 1142 695 1199; x_wconf 89' lang='lat' dir='ltr'><strong>elementorum</strong></span> <span class='ocrx_word' id='word_1_58' title='bbox 711 1161 815 1217; x_wconf 86' lang='lat' dir='ltr'><strong>genera</strong></span> <span class='ocrx_word' id='word_1_59' title='bbox 826 1155 854 1199; x_wconf 87' lang='lat' dir='ltr'><strong>et</strong></span> 
     </span>
     <span class='ocr_line' id='line_1_10' title="bbox 67 1226 850 1308; baseline 0.008 -28"><span class='ocrx_word' id='word_1_60' title='bbox 67 1238 164 1300; x_wconf 85' lang='lat' dir='ltr'><strong>partes</strong></span> <span class='ocrx_word' id='word_1_61' title='bbox 177 1226 237 1284; x_wconf 90' lang='lat' dir='ltr'><strong>alia</strong></span> <span class='ocrx_word' id='word_1_62' title='bbox 250 1247 410 1301; x_wconf 81' lang='lat' dir='ltr'><strong>congruere</strong></span> <span class='ocrx_word' id='word_1_63' title='bbox 423 1229 499 1286; x_wconf 87' lang='lat' dir='ltr'><strong>inter</strong></span> <span class='ocrx_word' id='word_1_64' title='bbox 520 1247 568 1298; x_wconf 90' lang='lat' dir='ltr'><strong>se,</strong></span> <span class='ocrx_word' id='word_1_65' title='bbox 585 1229 642 1286; x_wconf 89' lang='lat' dir='ltr'><strong>alia</strong></span> <span class='ocrx_word' id='word_1_66' title='bbox 660 1228 827 1308; x_wconf 79' lang='lat' dir='ltr'><strong>discrepare.</strong></span> <span class='ocrx_word' id='word_1_67' title='bbox 844 1250 850 1286; x_wconf 92' lang='lat'><strong>:</strong></span> 
     </span>
     <span class='ocr_line' id='line_1_11' title="bbox 67 1313 853 1395; baseline 0.008 -27"><span class='ocrx_word' id='word_1_68' title='bbox 67 1313 119 1368; x_wconf 89' lang='lat' dir='ltr'><strong>illa</strong></span> <span class='ocrx_word' id='word_1_69' title='bbox 142 1314 230 1371; x_wconf 86' lang='lat' dir='ltr'><strong>facile</strong></span> <span class='ocrx_word' id='word_1_70' title='bbox 253 1315 413 1373; x_wconf 85' lang='lat' dir='ltr'><strong>coalescere</strong></span> <span class='ocrx_word' id='word_1_71' title='bbox 428 1329 457 1372; x_wconf 90' lang='lat' dir='ltr'><strong>et</strong></span> <span class='ocrx_word' id='word_1_72' title='bbox 478 1317 570 1372; x_wconf 90' lang='lat' dir='ltr'><strong>amice</strong></span> <span class='ocrx_word' id='word_1_73' title='bbox 595 1319 778 1395; x_wconf 84' lang='lat' dir='ltr'><strong>conspirare,</strong></span> <span class='ocrx_word' id='word_1_74' title='bbox 794 1317 853 1374; x_wconf 79' lang='lat' dir='ltr'><strong>haec</strong></span> 
     </span>
     <span class='ocr_line' id='line_1_12' title="bbox 66 1402 854 1473; baseline 0.006 -16"><span class='ocrx_word' id='word_1_75' title='bbox 66 1402 167 1459; x_wconf 86' lang='lat' dir='ltr'><strong>odisse</strong></span> <span class='ocrx_word' id='word_1_76' title='bbox 178 1403 258 1459; x_wconf 90' lang='lat' dir='ltr'><strong>inter</strong></span> <span class='ocrx_word' id='word_1_77' title='bbox 271 1421 302 1460; x_wconf 89' lang='lat' dir='ltr'><strong>sc</strong></span> <span class='ocrx_word' id='word_1_78' title='bbox 313 1415 341 1460; x_wconf 90' lang='lat' dir='ltr'><strong>et</strong></span> <span class='ocrx_word' id='word_1_79' title='bbox 352 1402 536 1473; x_wconf 90' lang='lat' dir='ltr'><strong>discordare;</strong></span> <span class='ocrx_word' id='word_1_80' title='bbox 551 1403 610 1461; x_wconf 90' lang='lat' dir='ltr'><strong>illis</strong></span> <span class='ocrx_word' id='word_1_81' title='bbox 622 1405 793 1462; x_wconf 88' lang='lat' dir='ltr'><strong>coeuntibus</strong></span> <span class='ocrx_word' id='word_1_82' title='bbox 803 1425 854 1463; x_wconf 85' lang='lat' dir='ltr'><strong>ro·</strong></span> 
     </span>
     <span class='ocr_line' id='line_1_13' title="bbox 66 1489 548 1565; baseline 0.004 -21"><span class='ocrx_word' id='word_1_83' title='bbox 66 1489 209 1565; x_wconf 88' lang='lat' dir='ltr'><strong>luptatem</strong></span> <span class='ocrx_word' id='word_1_84' title='bbox 220 1533 229 1560; x_wconf 97' lang='lat'><strong>,</strong></span> <span class='ocrx_word' id='word_1_85' title='bbox 242 1489 303 1560; x_wconf 86' lang='lat' dir='ltr'><strong>his,</strong></span> <span class='ocrx_word' id='word_1_86' title='bbox 317 1489 446 1548; x_wconf 92' lang='lat' dir='ltr'><strong>dolorem</strong></span> <span class='ocrx_word' id='word_1_87' title='bbox 461 1491 548 1548; x_wconf 88' lang='lat' dir='ltr'><strong>nasci.</strong></span> 
     </span>
    </p>

    <p class='ocr_par' dir='ltr' id='par_1_3' title="bbox 62 1575 855 2703">
     <span class='ocr_line' id='line_1_14' title="bbox 106 1575 854 1655; baseline 0.009 -25"><span class='ocrx_word' id='word_1_88' title='bbox 106 1575 157 1635; x_wconf 78' lang='lat' dir='ltr'><strong>Vs.</strong></span> <span class='ocrx_word' id='word_1_89' title='bbox 177 1578 250 1636; x_wconf 70' lang='lat' dir='ltr'><strong>aba.</strong></span> <span class='ocrx_word' id='word_1_90' title='bbox 266 1576 363 1655; x_wconf 79' lang='grc' dir='ltr'>ἄρθμια</span> <span class='ocrx_word' id='word_1_91' title='bbox 377 1577 459 1654; x_wconf 75' lang='grc' dir='ltr'>κτλ]</span> <span class='ocrx_word' id='word_1_92' title='bbox 475 1577 646 1655; x_wconf 81' lang='lat' dir='ltr'><strong>Simplicius</strong></span> <span class='ocrx_word' id='word_1_93' title='bbox 659 1579 705 1639; x_wconf 88' lang='lat' dir='ltr'><strong>ed.</strong></span> <span class='ocrx_word' id='word_1_94' title='bbox 725 1579 790 1638; x_wconf 79' lang='lat' dir='ltr'><strong>hid.</strong></span> <span class='ocrx_word' id='word_1_95' title='bbox 804 1579 854 1638; x_wconf 87' lang='lat' dir='ltr'><strong>ha·</strong></span> 
     </span>
     <span class='ocr_line' id='line_1_15' title="bbox 65 1662 850 1746; baseline 0.01 -25"><span class='ocrx_word' id='word_1_96' title='bbox 65 1662 141 1721; x_wconf 87' lang='lat' dir='ltr'><strong>het:</strong></span> <span class='ocrx_word' id='word_1_97' title='bbox 168 1665 250 1743; x_wconf 80' lang='grc' dir='ltr'>ἄρτια</span> <span class='ocrx_word' id='word_1_98' title='bbox 265 1664 313 1742; x_wconf 82' lang='grc' dir='ltr'>μὲν</span> <span class='ocrx_word' id='word_1_99' title='bbox 332 1664 384 1745; x_wconf 84' lang='grc' dir='ltr'><strong>γδρ</strong></span> <span class='ocrx_word' id='word_1_100' title='bbox 399 1667 466 1724; x_wconf 77' lang='grc' dir='ltr'>αὐτὰ</span> <span class='ocrx_word' id='word_1_101' title='bbox 486 1669 585 1724; x_wconf 81' lang='grc' dir='ltr'>ἑαυτῶν</span> <span class='ocrx_word' id='word_1_102' title='bbox 609 1667 694 1724; x_wconf 85' lang='grc' dir='ltr'>πάντα</span> <span class='ocrx_word' id='word_1_103' title='bbox 719 1666 850 1746; x_wconf 86' lang='grc' dir='ltr'>μέρισσιν.</span> 
     </span>
     <span class='ocr_line' id='line_1_16' title="bbox 67 1747 854 1833; baseline 0.013 -28"><span class='ocrx_word' id='word_1_104' title='bbox 67 1747 165 1809; x_wconf 84' lang='lat' dir='ltr'><strong>l&#39;erba</strong></span> <span class='ocrx_word' id='word_1_105' title='bbox 175 1752 246 1810; x_wconf 74' lang='grc' dir='ltr'>αὐτὰ</span> <span class='ocrx_word' id='word_1_106' title='bbox 259 1768 288 1810; x_wconf 82' lang='grc' dir='ltr'><strong>οι</strong></span> <span class='ocrx_word' id='word_1_107' title='bbox 301 1752 386 1810; x_wconf 79' lang='grc' dir='ltr'>πάντα</span> <span class='ocrx_word' id='word_1_108' title='bbox 399 1754 577 1832; x_wconf 88' lang='lat' dir='ltr'><strong>transposuit</strong></span> <span class='ocrx_word' id='word_1_109' title='bbox 588 1753 736 1824; x_wconf 79' lang='lat' dir='ltr'><strong>Sturrius,</strong></span> <span class='ocrx_word' id='word_1_110' title='bbox 750 1770 854 1833; x_wconf 88' lang='lat' dir='ltr'><strong>praete·</strong></span> 
     </span>
     <span class='ocr_line' id='line_1_17' title="bbox 64 1839 854 1920; baseline 0.008 -25"><span class='ocrx_word' id='word_1_111' title='bbox 64 1857 118 1895; x_wconf 89' lang='lat' dir='ltr'><strong>rea</strong></span> <span class='ocrx_word' id='word_1_112' title='bbox 133 1840 276 1916; x_wconf 88' lang='lat' dir='ltr'><strong>quoniam</strong></span> <span class='ocrx_word' id='word_1_113' title='bbox 292 1860 347 1918; x_wconf 90' lang='lat' dir='ltr'><strong>pro</strong></span> <span class='ocrx_word' id='word_1_114' title='bbox 363 1839 440 1917; x_wconf 81' lang='grc' dir='ltr'>ἄρτια</span> <span class='ocrx_word' id='word_1_115' title='bbox 455 1840 601 1918; x_wconf 89' lang='lat' dir='ltr'><strong>Simplicii</strong></span> <span class='ocrx_word' id='word_1_116' title='bbox 614 1841 679 1900; x_wconf 91' lang='lat' dir='ltr'><strong>cod.</strong></span> <span class='ocrx_word' id='word_1_117' title='bbox 696 1842 730 1901; x_wconf 91' lang='grc' dir='ltr'><strong>Ι).</strong></span> <span class='ocrx_word' id='word_1_118' title='bbox 744 1842 854 1920; x_wconf 86' lang='lat' dir='ltr'><strong>praebet</strong></span> 
     </span>
     <span class='ocr_line' id='line_1_18' title="bbox 62 1925 855 2004; baseline 0.008 -22"><span class='ocrx_word' id='word_1_119' title='bbox 62 1925 181 2004; x_wconf 74' lang='grc' dir='ltr'>ἄρθμια,</span> <span class='ocrx_word' id='word_1_120' title='bbox 192 1926 317 2001; x_wconf 80' lang='grc' dir='ltr'>μέλεσσιν</span> <span class='ocrx_word' id='word_1_121' title='bbox 330 1940 423 1985; x_wconf 90' lang='lat' dir='ltr'><strong>autem</strong></span> <span class='ocrx_word' id='word_1_122' title='bbox 436 1928 596 2003; x_wconf 85' lang='lat' dir='ltr'><strong>elegantius</strong></span> <span class='ocrx_word' id='word_1_123' title='bbox 608 1928 734 2004; x_wconf 86' lang='lat' dir='ltr'><strong>videtur,</strong></span> <span class='ocrx_word' id='word_1_124' title='bbox 742 1929 855 1988; x_wconf 85' lang='lat' dir='ltr'><strong>Karste-</strong></span> 
     </span>
     <span class='ocr_line' id='line_1_19' title="bbox 62 2012 853 2094; baseline 0.005 -24"><span class='ocrx_word' id='word_1_125' title='bbox 62 2014 135 2071; x_wconf 88' lang='lat' dir='ltr'><strong>nius</strong></span> <span class='ocrx_word' id='word_1_126' title='bbox 146 2013 242 2073; x_wconf 88' lang='lat' dir='ltr'><strong>edidit</strong></span> <span class='ocrx_word' id='word_1_127' title='bbox 255 2032 264 2073; x_wconf 90' lang='lat'>:</span> <span class='ocrx_word' id='word_1_128' title='bbox 287 2015 384 2094; x_wconf 73' lang='grc' dir='ltr'>ἄρθμια</span> <span class='ocrx_word' id='word_1_129' title='bbox 400 2012 446 2092; x_wconf 82' lang='grc' dir='ltr'>μίν</span> <span class='ocrx_word' id='word_1_130' title='bbox 458 2013 509 2092; x_wconf 76' lang='grc' dir='ltr'><strong>γὰρ</strong></span> <span class='ocrx_word' id='word_1_131' title='bbox 520 2013 607 2074; x_wconf 75' lang='grc' dir='ltr'>πάντα</span> <span class='ocrx_word' id='word_1_132' title='bbox 621 2017 718 2073; x_wconf 77' lang='grc' dir='ltr'>ἑαυτῶν</span> <span class='ocrx_word' id='word_1_133' title='bbox 729 2016 794 2074; x_wconf 77' lang='grc' dir='ltr'>αὐτὰ</span> <span class='ocrx_word' id='word_1_134' title='bbox 807 2017 853 2092; x_wconf 83' lang='grc' dir='ltr'>μί-</span> 
     </span>
     <span class='ocr_line' id='line_1_20' title="bbox 63 2101 852 2179; baseline 0.003 -19"><span class='ocrx_word' id='word_1_135' title='bbox 63 2104 167 2161; x_wconf 84' lang='grc' dir='ltr'>λεσσιν.</span> <span class='ocrx_word' id='word_1_136' title='bbox 187 2101 289 2179; x_wconf 78' lang='lat' dir='ltr'><strong>Neque</strong></span> <span class='ocrx_word' id='word_1_137' title='bbox 313 2115 406 2160; x_wconf 90' lang='lat' dir='ltr'><strong>tamen</strong></span> <span class='ocrx_word' id='word_1_138' title='bbox 433 2103 494 2160; x_wconf 83' lang='lat' dir='ltr'><strong>haec</strong></span> <span class='ocrx_word' id='word_1_139' title='bbox 519 2103 688 2178; x_wconf 89' lang='lat' dir='ltr'><strong>corrigendi</strong></span> <span class='ocrx_word' id='word_1_140' title='bbox 712 2105 852 2162; x_wconf 83' lang='lat' dir='ltr'><strong>versiculi</strong></span> 
     </span>
     <span class='ocr_line' id='line_1_21' title="bbox 64 2188 853 2269; baseline 0.003 -23"><span class='ocrx_word' id='word_1_141' title='bbox 64 2190 144 2247; x_wconf 88' lang='lat' dir='ltr'><strong>ratio</strong></span> <span class='ocrx_word' id='word_1_142' title='bbox 164 2188 392 2247; x_wconf 85' lang='lat' dir='ltr'><strong>Panzerbietero</strong></span> <span class='ocrx_word' id='word_1_143' title='bbox 411 2189 550 2248; x_wconf 82' lang='lat' dir='ltr'><strong>satisfecit</strong></span> <span class='ocrx_word' id='word_1_144' title='bbox 567 2189 720 2266; x_wconf 85' lang='lat' dir='ltr'><strong>legendum</strong></span> <span class='ocrx_word' id='word_1_145' title='bbox 745 2210 853 2269; x_wconf 92' lang='lat' dir='ltr'><strong>propo·</strong></span> 
     </span>
     <span class='ocr_line' id='line_1_22' title="bbox 63 2275 854 2356; baseline 0.003 -22"><span class='ocrx_word' id='word_1_146' title='bbox 63 2279 148 2334; x_wconf 85' lang='lat' dir='ltr'><strong>nenti</strong></span> <span class='ocrx_word' id='word_1_147' title='bbox 167 2298 174 2332; x_wconf 94' lang='lat'><strong>:</strong></span> <span class='ocrx_word' id='word_1_148' title='bbox 193 2276 293 2356; x_wconf 82' lang='grc' dir='ltr'>ἄρθμια</span> <span class='ocrx_word' id='word_1_149' title='bbox 308 2277 355 2352; x_wconf 79' lang='grc' dir='ltr'>μὲν</span> <span class='ocrx_word' id='word_1_150' title='bbox 367 2275 418 2356; x_wconf 80' lang='grc' dir='ltr'><strong>γάρ</strong></span> <span class='ocrx_word' id='word_1_151' title='bbox 433 2278 456 2333; x_wconf 85' lang='grc' dir='ltr'>τ’</span> <span class='ocrx_word' id='word_1_152' title='bbox 468 2276 534 2334; x_wconf 74' lang='grc' dir='ltr'>αὐτὰ</span> <span class='ocrx_word' id='word_1_153' title='bbox 548 2279 646 2335; x_wconf 88' lang='grc' dir='ltr'>ίαυτῶν</span> <span class='ocrx_word' id='word_1_154' title='bbox 658 2277 746 2335; x_wconf 81' lang='grc' dir='ltr'>πάντα</span> <span class='ocrx_word' id='word_1_155' title='bbox 761 2278 854 2355; x_wconf 86' lang='grc' dir='ltr'>μέρεσ-</span> 
     </span>
     <span class='ocr_line' id='line_1_23' title="bbox 65 2363 854 2444; baseline 0.003 -23"><span class='ocrx_word' id='word_1_156' title='bbox 65 2388 117 2422; x_wconf 85' lang='grc' dir='ltr'>σιν.</span> <span class='ocrx_word' id='word_1_157' title='bbox 133 2363 193 2421; x_wconf 87' lang='lat' dir='ltr'><strong>Sed</strong></span> <span class='ocrx_word' id='word_1_158' title='bbox 204 2363 254 2422; x_wconf 88' lang='lat' dir='ltr'><strong>hic</strong></span> <span class='ocrx_word' id='word_1_159' title='bbox 267 2383 386 2442; x_wconf 89' lang='lat' dir='ltr'><strong>quoquc</strong></span> <span class='ocrx_word' id='word_1_160' title='bbox 400 2382 502 2422; x_wconf 89' lang='lat' dir='ltr'><strong>versus</strong></span> <span class='ocrx_word' id='word_1_161' title='bbox 513 2363 644 2422; x_wconf 83' lang='lat' dir='ltr'><strong>insuavis</strong></span> <span class='ocrx_word' id='word_1_162' title='bbox 655 2377 741 2441; x_wconf 90' lang='lat' dir='ltr'><strong>atque</strong></span> <span class='ocrx_word' id='word_1_163' title='bbox 751 2365 854 2444; x_wconf 87' lang='lat' dir='ltr'><strong>Empe·</strong></span> 
     </span>
     <span class='ocr_line' id='line_1_24' title="bbox 66 2451 854 2530; baseline 0.006 -24"><span class='ocrx_word' id='word_1_164' title='bbox 66 2451 153 2509; x_wconf 89' lang='lat' dir='ltr'><strong>docle</strong></span> <span class='ocrx_word' id='word_1_165' title='bbox 189 2451 331 2526; x_wconf 87' lang='lat' dir='ltr'><strong>indignus</strong></span> <span class='ocrx_word' id='word_1_166' title='bbox 365 2464 418 2511; x_wconf 87' lang='lat' dir='ltr'><strong>est.</strong></span> <span class='ocrx_word' id='word_1_167' title='bbox 449 2451 547 2521; x_wconf 89' lang='lat' dir='ltr'><strong>Quare</strong></span> <span class='ocrx_word' id='word_1_168' title='bbox 583 2452 688 2510; x_wconf 90' lang='lat' dir='ltr'><strong>Steinii</strong></span> <span class='ocrx_word' id='word_1_169' title='bbox 711 2453 854 2530; x_wconf 75' lang='lat' dir='ltr'><strong>¹exemplo</strong></span> 
     </span>
     <span class='ocr_line' id='line_1_25' title="bbox 66 2537 854 2619; baseline 0.003 -23"><span class='ocrx_word' id='word_1_170' title='bbox 66 2540 211 2616; x_wconf 84' lang='lat' dir='ltr'><strong>rescripsi</strong></span> <span class='ocrx_word' id='word_1_171' title='bbox 235 2537 358 2619; x_wconf 76' lang='grc' dir='ltr'>τᾶρθμια</span> <span class='ocrx_word' id='word_1_172' title='bbox 383 2538 430 2614; x_wconf 85' lang='grc' dir='ltr'>μίν</span> <span class='ocrx_word' id='word_1_173' title='bbox 455 2539 507 2619; x_wconf 75' lang='grc' dir='ltr'><strong>γὰρ</strong></span> <span class='ocrx_word' id='word_1_174' title='bbox 526 2539 602 2599; x_wconf 78' lang='grc' dir='ltr'>πένθ’</span> <span class='ocrx_word' id='word_1_175' title='bbox 626 2543 713 2598; x_wconf 85' lang='grc' dir='ltr'>αθτῶν</span> <span class='ocrx_word' id='word_1_176' title='bbox 738 2539 854 2617; x_wconf 71' lang='grc' dir='ltr'>ἐγίνοντο</span> 
     </span>
     <span class='ocr_line' id='line_1_26' title="bbox 67 2627 208 2703; baseline 0.021 -20"><span class='ocrx_word' id='word_1_177' title='bbox 67 2627 208 2703; x_wconf 84' lang='grc' dir='ltr'>μέρτσσιν.</span> 
     </span>
    </p>

    <p class='ocr_par' dir='ltr' id='par_1_4' title="bbox 67 2711 855 3493">
     <span class='ocr_line' id='line_1_27' title="bbox 106 2711 855 2792; baseline 0.009 -26"><span class='ocrx_word' id='word_1_178' title='bbox 106 2712 156 2770; x_wconf 78' lang='lat' dir='ltr'><strong>Vs.</strong></span> <span class='ocrx_word' id='word_1_179' title='bbox 182 2713 253 2770; x_wconf 79' lang='lat'><strong>263.</strong></span> <span class='ocrx_word' id='word_1_180' title='bbox 272 2711 367 2770; x_wconf 89' lang='lat' dir='ltr'><strong>Verba</strong></span> <span class='ocrx_word' id='word_1_181' title='bbox 384 2711 678 2792; x_wconf 75' lang='grc' dir='ltr'>ἠλέκτωρ-θάλασσα,</span> <span class='ocrx_word' id='word_1_182' title='bbox 698 2715 809 2792; x_wconf 86' lang='lat' dir='ltr'><strong>protasi</strong></span> <span class='ocrx_word' id='word_1_183' title='bbox 827 2729 855 2773; x_wconf 85' lang='lat' dir='ltr'><strong>et</strong></span> 
     </span>
     <span class='ocr_line' id='line_1_28' title="bbox 67 2798 854 2879; baseline 0.004 -22"><span class='ocrx_word' id='word_1_184' title='bbox 67 2800 193 2878; x_wconf 86' lang='lat' dir='ltr'><strong>apodosi</strong></span> <span class='ocrx_word' id='word_1_185' title='bbox 216 2798 384 2877; x_wconf 81' lang='lat' dir='ltr'><strong>interjecta,</strong></span> <span class='ocrx_word' id='word_1_186' title='bbox 405 2821 458 2879; x_wconf 93' lang='lat' dir='ltr'><strong>per</strong></span> <span class='ocrx_word' id='word_1_187' title='bbox 475 2802 687 2878; x_wconf 89' lang='lat' dir='ltr'><strong>appositionem</strong></span> <span class='ocrx_word' id='word_1_188' title='bbox 709 2802 854 2861; x_wconf 83' lang='lat' dir='ltr'><strong>vocabulo</strong></span> 
     </span>
     <span class='ocr_line' id='line_1_29' title="bbox 67 2885 854 2967; baseline 0.005 -24"><span class='ocrx_word' id='word_1_189' title='bbox 67 2888 156 2944; x_wconf 80' lang='grc' dir='ltr'>πάντα</span> <span class='ocrx_word' id='word_1_190' title='bbox 170 2885 309 2963; x_wconf 92' lang='lat' dir='ltr'><strong>adjuncta</strong></span> <span class='ocrx_word' id='word_1_191' title='bbox 328 2900 403 2946; x_wconf 92' lang='lat' dir='ltr'><strong>sunt.</strong></span> <span class='ocrx_word' id='word_1_192' title='bbox 417 2887 513 2957; x_wconf 89' lang='lat' dir='ltr'><strong>Quum</strong></span> <span class='ocrx_word' id='word_1_193' title='bbox 532 2901 626 2946; x_wconf 89' lang='lat' dir='ltr'><strong>autem</strong></span> <span class='ocrx_word' id='word_1_194' title='bbox 645 2887 765 2967; x_wconf 84' lang='grc' dir='ltr'>ἠλέκτωρ</span> <span class='ocrx_word' id='word_1_195' title='bbox 783 2891 854 2948; x_wconf 88' lang='lat' dir='ltr'><strong>alias</strong></span> 
     </span>
     <span class='ocr_line' id='line_1_30' title="bbox 68 2975 854 3052; baseline 0.006 -20"><span class='ocrx_word' id='word_1_196' title='bbox 68 2977 106 3033; x_wconf 87' lang='lat' dir='ltr'><strong>sit</strong></span> <span class='ocrx_word' id='word_1_197' title='bbox 118 2981 164 3031; x_wconf 87' lang='lat' dir='ltr'><strong>rol</strong></span> <span class='ocrx_word' id='word_1_198' title='bbox 178 2987 210 3032; x_wconf 85' lang='lat' dir='ltr'><strong>ut</strong></span> <span class='ocrx_word' id='word_1_199' title='bbox 225 2975 304 3051; x_wconf 89' lang='lat' dir='ltr'><strong>apud</strong></span> <span class='ocrx_word' id='word_1_200' title='bbox 320 2975 476 3052; x_wconf 83' lang='lat' dir='ltr'><strong>Homerum</strong></span> <span class='ocrx_word' id='word_1_201' title='bbox 492 2975 575 3035; x_wconf 87' lang='lat' dir='ltr'><strong>iliad.</strong></span> <span class='ocrx_word' id='word_1_202' title='bbox 589 2977 641 3037; x_wconf 89' lang='lat' dir='ltr'><strong>lib.</strong></span> <span class='ocrx_word' id='word_1_203' title='bbox 660 2976 709 3048; x_wconf 83' lang='lat' dir='ltr'><strong>vl,</strong></span> <span class='ocrx_word' id='word_1_204' title='bbox 725 2977 780 3036; x_wconf 78' lang='lat'><strong>513</strong></span> <span class='ocrx_word' id='word_1_205' title='bbox 796 2979 854 3037; x_wconf 79' lang='grc' dir='ltr'>τεθ-</span> 
     </span>
     <span class='ocr_line' id='line_1_31' title="bbox 68 3061 852 3143; baseline 0.005 -24"><span class='ocrx_word' id='word_1_206' title='bbox 68 3085 127 3140; x_wconf 70' lang='grc' dir='ltr'>χισι</span> <span class='ocrx_word' id='word_1_207' title='bbox 142 3061 309 3142; x_wconf 79' lang='grc' dir='ltr'>παμφαίνων</span> <span class='ocrx_word' id='word_1_208' title='bbox 323 3067 357 3128; x_wconf 80' lang='grc' dir='ltr'><strong>ὡς</strong></span> <span class='ocrx_word' id='word_1_209' title='bbox 371 3061 491 3143; x_wconf 83' lang='grc' dir='ltr'>ἠλέκτωρ</span> <span class='ocrx_word' id='word_1_210' title='bbox 500 3061 652 3143; x_wconf 79' lang='grc' dir='ltr'>Ὑπερίων,</span> <span class='ocrx_word' id='word_1_211' title='bbox 667 3077 695 3122; x_wconf 83' lang='lat' dir='ltr'><strong>et</strong></span> <span class='ocrx_word' id='word_1_212' title='bbox 709 3064 762 3125; x_wconf 89' lang='lat' dir='ltr'><strong>lib.</strong></span> <span class='ocrx_word' id='word_1_213' title='bbox 775 3065 852 3138; x_wconf 78' lang='lat' dir='ltr'><strong>lilii,</strong></span> 
     </span>
     <span class='ocr_line' id='line_1_32' title="bbox 71 3150 854 3230; baseline 0.006 -24"><span class='ocrx_word' id='word_1_214' title='bbox 71 3152 136 3227; x_wconf 84' lang='lat'><strong>398,</strong></span> <span class='ocrx_word' id='word_1_215' title='bbox 156 3150 349 3228; x_wconf 79' lang='lat' dir='ltr'><strong>Empedocles</strong></span> <span class='ocrx_word' id='word_1_216' title='bbox 368 3150 424 3208; x_wconf 93' lang='lat' dir='ltr'><strong>hoc</strong></span> <span class='ocrx_word' id='word_1_217' title='bbox 438 3152 557 3209; x_wconf 92' lang='lat' dir='ltr'><strong>nomine</strong></span> <span class='ocrx_word' id='word_1_218' title='bbox 570 3171 625 3230; x_wconf 90' lang='lat' dir='ltr'><strong>pro</strong></span> <span class='ocrx_word' id='word_1_219' title='bbox 640 3158 705 3226; x_wconf 81' lang='lat' dir='ltr'><strong>igne</strong></span> <span class='ocrx_word' id='word_1_220' title='bbox 718 3172 788 3210; x_wconf 89' lang='lat' dir='ltr'><strong>usus</strong></span> <span class='ocrx_word' id='word_1_221' title='bbox 802 3167 854 3221; x_wconf 83' lang='lat' dir='ltr'><strong>est.</strong></span> 
     </span>
     <span class='ocr_line' id='line_1_33' title="bbox 69 3238 853 3313; baseline 0.003 -18"><span class='ocrx_word' id='word_1_222' title='bbox 69 3239 214 3297; x_wconf 86' lang='lat' dir='ltr'><strong>Similiter</strong></span> <span class='ocrx_word' id='word_1_223' title='bbox 230 3238 340 3313; x_wconf 85' lang='grc' dir='ltr'>οὐρανόν</span> <span class='ocrx_word' id='word_1_224' title='bbox 354 3239 403 3296; x_wconf 92' lang='lat' dir='ltr'><strong>hic</strong></span> <span class='ocrx_word' id='word_1_225' title='bbox 424 3259 518 3297; x_wconf 87' lang='lat' dir='ltr'><strong>aerem</strong></span> <span class='ocrx_word' id='word_1_226' title='bbox 537 3259 600 3298; x_wconf 89' lang='lat' dir='ltr'><strong>esse</strong></span> <span class='ocrx_word' id='word_1_227' title='bbox 614 3239 695 3310; x_wconf 88' lang='lat' dir='ltr'><strong>vult,</strong></span> <span class='ocrx_word' id='word_1_228' title='bbox 720 3241 853 3300; x_wconf 82' lang='grc' dir='ltr'>θάλασσαν</span> 
     </span>
     <span class='ocr_line' id='line_1_34' title="bbox 69 3325 854 3405; baseline 0.005 -23"><span class='ocrx_word' id='word_1_229' title='bbox 69 3325 854 3405; x_wconf 69' lang='lat' dir='ltr'><strong>aquamditenimelementorumappellationes,quem·</strong></span> 
     </span>
     <span class='ocr_line' id='line_1_35' title="bbox 70 3415 783 3493; baseline 0.004 -21"><span class='ocrx_word' id='word_1_230' title='bbox 70 3415 227 3472; x_wconf 88' lang='lat' dir='ltr'><strong>admodum</strong></span> <span class='ocrx_word' id='word_1_231' title='bbox 242 3415 341 3491; x_wconf 90' lang='lat' dir='ltr'><strong>poesis</strong></span> <span class='ocrx_word' id='word_1_232' title='bbox 354 3415 430 3472; x_wconf 90' lang='lat' dir='ltr'><strong>ratio</strong></span> <span class='ocrx_word' id='word_1_233' title='bbox 445 3415 517 3486; x_wconf 89' lang='lat' dir='ltr'><strong>sert,</strong></span> <span class='ocrx_word' id='word_1_234' title='bbox 529 3416 636 3493; x_wconf 85' lang='lat' dir='ltr'><strong>saepius</strong></span> <span class='ocrx_word' id='word_1_235' title='bbox 647 3416 783 3476; x_wconf 88' lang='lat' dir='ltr'><strong>variavit.</strong></span> 
     </span>
    </p>

    <p class='ocr_par' dir='ltr' id='par_1_5' title="bbox 69 3500 856 4627">
     <span class='ocr_line' id='line_1_36' title="bbox 109 3500 852 3581; baseline 0.007 -24"><span class='ocrx_word' id='word_1_236' title='bbox 109 3502 159 3561; x_wconf 87' lang='lat' dir='ltr'><strong>Vs.</strong></span> <span class='ocrx_word' id='word_1_237' title='bbox 180 3504 251 3568; x_wconf 67' lang='lat'><strong>264.</strong></span> <span class='ocrx_word' id='word_1_238' title='bbox 263 3500 329 3559; x_wconf 77' lang='lat' dir='ltr'><strong>deca</strong></span> <span class='ocrx_word' id='word_1_239' title='bbox 345 3505 403 3561; x_wconf 85' lang='grc' dir='ltr'>κτλ.</span> <span class='ocrx_word' id='word_1_240' title='bbox 415 3503 427 3581; x_wconf 92' lang='grc'>]</span> <span class='ocrx_word' id='word_1_241' title='bbox 441 3501 603 3578; x_wconf 80' lang='lat' dir='ltr'><strong>legebatur</strong></span> <span class='ocrx_word' id='word_1_242' title='bbox 617 3503 682 3560; x_wconf 84' lang='grc' dir='ltr'>θσσα</span> <span class='ocrx_word' id='word_1_243' title='bbox 696 3525 738 3581; x_wconf 86' lang='grc' dir='ltr'><strong>φιν</strong></span> <span class='ocrx_word' id='word_1_244' title='bbox 751 3505 777 3560; x_wconf 78' lang='grc' dir='ltr'><strong>ἐν</strong></span> <span class='ocrx_word' id='word_1_245' title='bbox 792 3509 852 3576; x_wconf 73' lang='grc' dir='ltr'>θνη·</span> 
     </span>
     <span class='ocr_line' id='line_1_37' title="bbox 69 3585 854 3666; baseline 0.005 -22"><span class='ocrx_word' id='word_1_246' title='bbox 69 3595 137 3644; x_wconf 83' lang='grc' dir='ltr'>τοῖσι</span> <span class='ocrx_word' id='word_1_247' title='bbox 151 3589 212 3646; x_wconf 84' lang='grc' dir='ltr'>κτλ.</span> <span class='ocrx_word' id='word_1_248' title='bbox 232 3585 311 3663; x_wconf 91' lang='lat' dir='ltr'><strong>quod</strong></span> <span class='ocrx_word' id='word_1_249' title='bbox 325 3606 377 3664; x_wconf 89' lang='lat' dir='ltr'><strong>per</strong></span> <span class='ocrx_word' id='word_1_250' title='bbox 390 3606 421 3646; x_wconf 87' lang='lat' dir='ltr'><strong>se</strong></span> <span class='ocrx_word' id='word_1_251' title='bbox 432 3588 556 3663; x_wconf 83' lang='lat' dir='ltr'><strong>intelligi</strong></span> <span class='ocrx_word' id='word_1_252' title='bbox 573 3601 667 3666; x_wconf 89' lang='lat' dir='ltr'><strong>potest</strong></span> <span class='ocrx_word' id='word_1_253' title='bbox 682 3609 854 3666; x_wconf 82' lang='lat' dir='ltr'><strong>qaoecarrque</strong></span> 
     </span>
     <span class='ocr_line' id='line_1_38' title="bbox 71 3673 854 3754; baseline 0.011 -28"><span class='ocrx_word' id='word_1_254' title='bbox 71 3681 142 3747; x_wconf 79' lang='lat' dir='ltr'><strong>ipsis</strong></span> <span class='ocrx_word' id='word_1_255' title='bbox 154 3687 224 3748; x_wconf 89' lang='lat' dir='ltr'><strong>etc.,</strong></span> <span class='ocrx_word' id='word_1_256' title='bbox 238 3673 263 3730; x_wconf 92' lang='lat' dir='ltr'><strong>si</strong></span> <span class='ocrx_word' id='word_1_257' title='bbox 278 3673 322 3750; x_wconf 78' lang='grc' dir='ltr'><strong>φὶν</strong></span> <span class='ocrx_word' id='word_1_258' title='bbox 341 3673 370 3733; x_wconf 87' lang='grc' dir='ltr'><strong>Ιι.</strong></span> <span class='ocrx_word' id='word_1_259' title='bbox 383 3674 403 3733; x_wconf 93' lang='lat' dir='ltr'><strong>l.</strong></span> <span class='ocrx_word' id='word_1_260' title='bbox 428 3674 562 3732; x_wconf 90' lang='lat' dir='ltr'><strong>doricum</strong></span> <span class='ocrx_word' id='word_1_261' title='bbox 581 3683 642 3733; x_wconf 80' lang='lat' dir='ltr'><strong>esse</strong></span> <span class='ocrx_word' id='word_1_262' title='bbox 657 3695 711 3753; x_wconf 91' lang='lat' dir='ltr'><strong>pro</strong></span> <span class='ocrx_word' id='word_1_263' title='bbox 723 3675 782 3754; x_wconf 82' lang='grc' dir='ltr'>σφὶν</span> <span class='ocrx_word' id='word_1_264' title='bbox 798 3691 854 3734; x_wconf 90' lang='lat' dir='ltr'><strong>sta-</strong></span> 
     </span>
     <span class='ocr_line' id='line_1_39' title="bbox 72 3762 855 3840; baseline 0.005 -21"><span class='ocrx_word' id='word_1_265' title='bbox 72 3775 242 3839; x_wconf 87' lang='lat' dir='ltr'><strong>tuamus,e</strong></span> <span class='ocrx_word' id='word_1_266' title='bbox 261 3762 476 3840; x_wconf 87' lang='lat' dir='ltr'><strong>posterioribus</strong></span> <span class='ocrx_word' id='word_1_267' title='bbox 497 3763 703 3821; x_wconf 81' lang='lat' dir='ltr'><strong>Callimachum</strong></span> <span class='ocrx_word' id='word_1_268' title='bbox 721 3766 805 3822; x_wconf 91' lang='lat' dir='ltr'><strong>etiam</strong></span> <span class='ocrx_word' id='word_1_269' title='bbox 826 3780 855 3823; x_wconf 89' lang='lat' dir='ltr'><strong>et</strong></span> 
     </span>
     <span class='ocr_line' id='line_1_40' title="bbox 72 3850 853 3928; baseline 0.006 -22"><span class='ocrx_word' id='word_1_270' title='bbox 72 3851 252 3909; x_wconf 82' lang='lat' dir='ltr'><strong>Nicandrum</strong></span> <span class='ocrx_word' id='word_1_271' title='bbox 271 3863 403 3908; x_wconf 87' lang='lat' dir='ltr'><strong>auctores</strong></span> <span class='ocrx_word' id='word_1_272' title='bbox 424 3850 544 3908; x_wconf 88' lang='lat' dir='ltr'><strong>citantes</strong></span> <span class='ocrx_word' id='word_1_273' title='bbox 563 3851 614 3928; x_wconf 90' lang='lat' dir='ltr'><strong>qui</strong></span> <span class='ocrx_word' id='word_1_274' title='bbox 636 3851 712 3909; x_wconf 93' lang='lat' dir='ltr'><strong>hanc</strong></span> <span class='ocrx_word' id='word_1_275' title='bbox 732 3852 853 3923; x_wconf 87' lang='lat' dir='ltr'><strong>formam</strong></span> 
     </span>
     <span class='ocr_line' id='line_1_41' title="bbox 75 3937 852 4015; baseline 0.005 -19"><span class='ocrx_word' id='word_1_276' title='bbox 75 3939 305 4015; x_wconf 82' lang='lat' dir='ltr'><strong>frequentarunt.</strong></span> <span class='ocrx_word' id='word_1_277' title='bbox 321 3939 410 4013; x_wconf 77' lang='lat' dir='ltr'><strong>Atqui</strong></span> <span class='ocrx_word' id='word_1_278' title='bbox 423 3959 481 3997; x_wconf 93' lang='lat' dir='ltr'><strong>non</strong></span> <span class='ocrx_word' id='word_1_279' title='bbox 496 3937 583 3996; x_wconf 92' lang='lat' dir='ltr'><strong>credo</strong></span> <span class='ocrx_word' id='word_1_280' title='bbox 592 3938 793 4015; x_wconf 88' lang='lat' dir='ltr'><strong>Empedoclem</strong></span> <span class='ocrx_word' id='word_1_281' title='bbox 809 3960 852 4000; x_wconf 90' lang='lat' dir='ltr'><strong>se·</strong></span> 
     </span>
     <span class='ocr_line' id='line_1_42' title="bbox 75 4024 853 4105; baseline 0.003 -22"><span class='ocrx_word' id='word_1_282' title='bbox 75 4028 127 4085; x_wconf 92' lang='lat' dir='ltr'><strong>mel</strong></span> <span class='ocrx_word' id='word_1_283' title='bbox 141 4029 279 4105; x_wconf 88' lang='lat' dir='ltr'><strong>posuisse</strong></span> <span class='ocrx_word' id='word_1_284' title='bbox 294 4026 338 4103; x_wconf 82' lang='grc' dir='ltr'><strong>φλν</strong></span> <span class='ocrx_word' id='word_1_285' title='bbox 348 4045 404 4102; x_wconf 92' lang='lat' dir='ltr'><strong>pro</strong></span> <span class='ocrx_word' id='word_1_286' title='bbox 417 4025 476 4105; x_wconf 81' lang='grc' dir='ltr'>σφὶν</span> <span class='ocrx_word' id='word_1_287' title='bbox 492 4026 536 4084; x_wconf 84' lang='lat' dir='ltr'><strong>vel</strong></span> <span class='ocrx_word' id='word_1_288' title='bbox 553 4024 660 4105; x_wconf 82' lang='grc' dir='ltr'>σφίσιν,</span> <span class='ocrx_word' id='word_1_289' title='bbox 676 4038 708 4084; x_wconf 92' lang='lat' dir='ltr'><strong>ut</strong></span> <span class='ocrx_word' id='word_1_290' title='bbox 722 4025 794 4084; x_wconf 90' lang='lat' dir='ltr'><strong>alibi</strong></span> <span class='ocrx_word' id='word_1_291' title='bbox 810 4027 853 4086; x_wconf 90' lang='lat' dir='ltr'><strong>di-</strong></span> 
     </span>
     <span class='ocr_line' id='line_1_43' title="bbox 75 4111 855 4192; baseline 0 -20"><span class='ocrx_word' id='word_1_292' title='bbox 75 4117 129 4186; x_wconf 90' lang='lat' dir='ltr'><strong>cit,</strong></span> <span class='ocrx_word' id='word_1_293' title='bbox 143 4113 216 4192; x_wconf 89' lang='lat' dir='ltr'><strong>quia</strong></span> <span class='ocrx_word' id='word_1_294' title='bbox 235 4111 416 4188; x_wconf 84' lang='lat' dir='ltr'><strong>antiquiores</strong></span> <span class='ocrx_word' id='word_1_295' title='bbox 428 4125 520 4190; x_wconf 81' lang='lat' dir='ltr'><strong>poetae</strong></span> <span class='ocrx_word' id='word_1_296' title='bbox 537 4113 567 4170; x_wconf 93' lang='lat' dir='ltr'><strong>in</strong></span> <span class='ocrx_word' id='word_1_297' title='bbox 580 4111 749 4189; x_wconf 90' lang='lat' dir='ltr'><strong>hujusmodi</strong></span> <span class='ocrx_word' id='word_1_298' title='bbox 767 4112 855 4172; x_wconf 90' lang='lat' dir='ltr'><strong>rebus</strong></span> 
     </span>
     <span class='ocr_line' id='line_1_44' title="bbox 74 4198 854 4277; baseline -0.001 -18"><span class='ocrx_word' id='word_1_299' title='bbox 74 4201 129 4260; x_wconf 90' lang='lat' dir='ltr'><strong>sibi</strong></span> <span class='ocrx_word' id='word_1_300' title='bbox 145 4213 280 4260; x_wconf 83' lang='lat' dir='ltr'><strong>constare</strong></span> <span class='ocrx_word' id='word_1_301' title='bbox 292 4198 396 4259; x_wconf 87' lang='lat' dir='ltr'><strong>solent.</strong></span> <span class='ocrx_word' id='word_1_302' title='bbox 411 4199 485 4258; x_wconf 87' lang='lat' dir='ltr'><strong>Male</strong></span> <span class='ocrx_word' id='word_1_303' title='bbox 499 4199 741 4258; x_wconf 85' lang='lat' dir='ltr'><strong>Panzerbieterus</strong></span> <span class='ocrx_word' id='word_1_304' title='bbox 756 4199 854 4277; x_wconf 86' lang='lat' dir='ltr'><strong>conje-</strong></span> 
     </span>
     <span class='ocr_line' id='line_1_45' title="bbox 75 4285 855 4366; baseline -0.001 -19"><span class='ocrx_word' id='word_1_305' title='bbox 75 4291 112 4347; x_wconf 82' lang='lat' dir='ltr'><strong>cit</strong></span> <span class='ocrx_word' id='word_1_306' title='bbox 125 4287 194 4347; x_wconf 74' lang='lat' dir='ltr'><strong>daea</strong></span> <span class='ocrx_word' id='word_1_307' title='bbox 208 4291 261 4346; x_wconf 86' lang='grc' dir='ltr'>τιν’</span> <span class='ocrx_word' id='word_1_308' title='bbox 273 4306 339 4363; x_wconf 84' lang='lat' dir='ltr'><strong>quae</strong></span> <span class='ocrx_word' id='word_1_309' title='bbox 348 4285 486 4365; x_wconf 86' lang='lat' dir='ltr'><strong>junctura</strong></span> <span class='ocrx_word' id='word_1_310' title='bbox 500 4286 710 4364; x_wconf 83' lang='lat' dir='ltr'><strong>quaestionibus</strong></span> <span class='ocrx_word' id='word_1_311' title='bbox 725 4286 855 4366; x_wconf 92' lang='lat' dir='ltr'><strong>obliquis</strong></span> 
     </span>
     <span class='ocr_line' id='line_1_46' title="bbox 75 4373 855 4455; baseline -0.005 -20"><span class='ocrx_word' id='word_1_312' title='bbox 75 4374 276 4455; x_wconf 88' lang='lat' dir='ltr'><strong>relinquenda.</strong></span> <span class='ocrx_word' id='word_1_313' title='bbox 299 4375 485 4452; x_wconf 86' lang='lat' dir='ltr'><strong>Quapropter</strong></span> <span class='ocrx_word' id='word_1_314' title='bbox 507 4375 619 4431; x_wconf 88' lang='lat' dir='ltr'><strong>Steinio</strong></span> <span class='ocrx_word' id='word_1_315' title='bbox 643 4386 790 4451; x_wconf 90' lang='lat' dir='ltr'><strong>praeeunte</strong></span> <span class='ocrx_word' id='word_1_316' title='bbox 813 4373 855 4454; x_wconf 79' lang='grc' dir='ltr'><strong>φίν</strong></span> 
     </span>
     <span class='ocr_line' id='line_1_47' title="bbox 75 4459 854 4538; baseline -0.005 -15"><span class='ocrx_word' id='word_1_317' title='bbox 75 4463 205 4523; x_wconf 88' lang='lat' dir='ltr'><strong>converti</strong></span> <span class='ocrx_word' id='word_1_318' title='bbox 217 4464 250 4520; x_wconf 90' lang='lat' dir='ltr'><strong>in</strong></span> <span class='ocrx_word' id='word_1_319' title='bbox 273 4485 330 4521; x_wconf 85' lang='grc' dir='ltr'>νυν.</span> <span class='ocrx_word' id='word_1_320' title='bbox 349 4461 399 4519; x_wconf 86' lang='lat' dir='ltr'><strong>Est</strong></span> <span class='ocrx_word' id='word_1_321' title='bbox 420 4481 507 4532; x_wconf 88' lang='lat' dir='ltr'><strong>vero,</strong></span> <span class='ocrx_word' id='word_1_322' title='bbox 526 4481 562 4518; x_wconf 90' lang='lat' dir='ltr'><strong>ne</strong></span> <span class='ocrx_word' id='word_1_323' title='bbox 576 4461 646 4538; x_wconf 91' lang='lat' dir='ltr'><strong>quid</strong></span> <span class='ocrx_word' id='word_1_324' title='bbox 665 4459 747 4518; x_wconf 90' lang='lat' dir='ltr'><strong>dubii</strong></span> <span class='ocrx_word' id='word_1_325' title='bbox 763 4480 854 4519; x_wconf 90' lang='lat' dir='ltr'><strong>rema-</strong></span> 
     </span>
     <span class='ocr_line' id='line_1_48' title="bbox 75 4545 856 4627; baseline -0.006 -15"><span class='ocrx_word' id='word_1_326' title='bbox 75 4567 151 4626; x_wconf 83' lang='lat' dir='ltr'><strong>neat,</strong></span> <span class='ocrx_word' id='word_1_327' title='bbox 168 4553 217 4610; x_wconf 85' lang='lat' dir='ltr'><strong>hic</strong></span> <span class='ocrx_word' id='word_1_328' title='bbox 231 4549 391 4609; x_wconf 79' lang='lat' dir='ltr'><strong>verborum</strong></span> <span class='ocrx_word' id='word_1_329' title='bbox 414 4549 486 4606; x_wconf 89' lang='lat' dir='ltr'><strong>ordo</strong></span> <span class='ocrx_word' id='word_1_330' title='bbox 503 4568 510 4608; x_wconf 89' lang='lat'><strong>:</strong></span> <span class='ocrx_word' id='word_1_331' title='bbox 526 4547 610 4608; x_wconf 87' lang='grc' dir='ltr'>παίντα</span> <span class='ocrx_word' id='word_1_332' title='bbox 626 4545 744 4627; x_wconf 75' lang='grc' dir='ltr'>ἐγένοντο</span> <span class='ocrx_word' id='word_1_333' title='bbox 757 4549 856 4627; x_wconf 80' lang='grc' dir='ltr'>ἄρθμια</span> 
     </span>
    </p>
   </div>
   <div class='ocr_carea' id='block_1_3' title="bbox 74 4627 857 5235">
    <p class='ocr_par' dir='ltr' id='par_1_6' title="bbox 74 4627 857 5155">
     <span class='ocr_line' id='line_1_49' title="bbox 75 4627 857 4719; baseline -0.001 -22"><span class='ocrx_word' id='word_1_334' title='bbox 75 4642 157 4719; x_wconf 75' lang='grc' dir='ltr'>(τοῖς)</span> <span class='ocrx_word' id='word_1_335' title='bbox 170 4643 258 4698; x_wconf 77' lang='grc' dir='ltr'>αὑτῶν</span> <span class='ocrx_word' id='word_1_336' title='bbox 274 4635 398 4714; x_wconf 84' lang='grc' dir='ltr'>μέρεσσιν</span> <span class='ocrx_word' id='word_1_337' title='bbox 416 4627 478 4712; x_wconf 76' lang='grc' dir='ltr'>(οἷον</span> <span class='ocrx_word' id='word_1_338' title='bbox 490 4637 611 4717; x_wconf 80' lang='grc' dir='ltr'>ἠλέκτωρ</span> <span class='ocrx_word' id='word_1_339' title='bbox 624 4637 701 4714; x_wconf 86' lang='grc' dir='ltr'>κτλ.)</span> <span class='ocrx_word' id='word_1_340' title='bbox 715 4634 780 4695; x_wconf 76' lang='grc' dir='ltr'>ὅσσα</span> <span class='ocrx_word' id='word_1_341' title='bbox 791 4639 857 4696; x_wconf 77' lang='grc' dir='ltr'>ἀπο·</span> 
     </span>
     <span class='ocr_line' id='line_1_50' title="bbox 75 4723 854 4806; baseline 0.003 -22"><span class='ocrx_word' id='word_1_342' title='bbox 75 4727 242 4806; x_wconf 76' lang='grc' dir='ltr'>πλαγχθέντα</span> <span class='ocrx_word' id='word_1_343' title='bbox 260 4725 271 4802; x_wconf 86' lang='lat'>(</span> <span class='ocrx_word' id='word_1_344' title='bbox 280 4724 328 4784; x_wconf 77' lang='grc' dir='ltr'><strong>ἀπ’</strong></span> <span class='ocrx_word' id='word_1_345' title='bbox 347 4727 449 4799; x_wconf 80' lang='grc' dir='ltr'>αὐτῶν)</span> <span class='ocrx_word' id='word_1_346' title='bbox 468 4723 583 4805; x_wconf 81' lang='grc' dir='ltr'>πέφυκέν</span> <span class='ocrx_word' id='word_1_347' title='bbox 597 4747 641 4782; x_wconf 90' lang='grc' dir='ltr'><strong>νυν</strong></span> <span class='ocrx_word' id='word_1_348' title='bbox 665 4727 691 4783; x_wconf 72' lang='grc' dir='ltr'><strong>ἐν</strong></span> <span class='ocrx_word' id='word_1_349' title='bbox 715 4730 854 4796; x_wconf 86' lang='grc' dir='ltr'>θνητοῖσιν.</span> 
     </span>
     <span class='ocr_line' id='line_1_51' title="bbox 75 4811 857 4890; baseline -0.005 -16"><span class='ocrx_word' id='word_1_350' title='bbox 75 4815 220 4874; x_wconf 87' lang='lat' dir='ltr'><strong>Sententia</strong></span> <span class='ocrx_word' id='word_1_351' title='bbox 233 4813 305 4872; x_wconf 90' lang='lat' dir='ltr'><strong>satis</strong></span> <span class='ocrx_word' id='word_1_352' title='bbox 324 4813 424 4890; x_wconf 87' lang='lat' dir='ltr'><strong>plana.</strong></span> <span class='ocrx_word' id='word_1_353' title='bbox 437 4811 588 4870; x_wconf 82' lang='lat' dir='ltr'><strong>Elementa</strong></span> <span class='ocrx_word' id='word_1_354' title='bbox 604 4813 697 4870; x_wconf 90' lang='lat' dir='ltr'><strong>amica</strong></span> <span class='ocrx_word' id='word_1_355' title='bbox 715 4825 782 4869; x_wconf 89' lang='lat' dir='ltr'><strong>sunt</strong></span> <span class='ocrx_word' id='word_1_356' title='bbox 795 4813 857 4870; x_wconf 89' lang='lat' dir='ltr'><strong>suis</strong></span> 
     </span>
     <span class='ocr_line' id='line_1_52' title="bbox 75 4899 855 4980; baseline -0.001 -20"><span class='ocrx_word' id='word_1_357' title='bbox 75 4921 195 4980; x_wconf 81' lang='lat' dir='ltr'><strong>quaeque</strong></span> <span class='ocrx_word' id='word_1_358' title='bbox 208 4899 361 4979; x_wconf 89' lang='lat' dir='ltr'><strong>partibus,</strong></span> <span class='ocrx_word' id='word_1_359' title='bbox 379 4899 448 4957; x_wconf 87' lang='lat' dir='ltr'><strong>inde</strong></span> <span class='ocrx_word' id='word_1_360' title='bbox 459 4899 594 4958; x_wconf 90' lang='lat' dir='ltr'><strong>delibatis</strong></span> <span class='ocrx_word' id='word_1_361' title='bbox 607 4913 635 4958; x_wconf 89' lang='lat' dir='ltr'><strong>et</strong></span> <span class='ocrx_word' id='word_1_362' title='bbox 650 4919 685 4958; x_wconf 87' lang='lat' dir='ltr'><strong>ex</strong></span> <span class='ocrx_word' id='word_1_363' title='bbox 697 4899 855 4959; x_wconf 85' lang='lat' dir='ltr'><strong>immortali</strong></span> 
     </span>
     <span class='ocr_line' id='line_1_53' title="bbox 74 4988 856 5069; baseline -0.005 -19"><span class='ocrx_word' id='word_1_364' title='bbox 74 4992 162 5069; x_wconf 86' lang='lat' dir='ltr'><strong>stirpe</strong></span> <span class='ocrx_word' id='word_1_365' title='bbox 179 4992 210 5049; x_wconf 94' lang='lat' dir='ltr'><strong>in</strong></span> <span class='ocrx_word' id='word_1_366' title='bbox 225 4988 382 5048; x_wconf 89' lang='lat' dir='ltr'><strong>mortalem</strong></span> <span class='ocrx_word' id='word_1_367' title='bbox 399 5002 532 5047; x_wconf 90' lang='lat' dir='ltr'><strong>naturam</strong></span> <span class='ocrx_word' id='word_1_368' title='bbox 555 4988 700 5067; x_wconf 87' lang='lat' dir='ltr'><strong>depressis</strong></span> <span class='ocrx_word' id='word_1_369' title='bbox 717 5003 746 5047; x_wconf 89' lang='lat' dir='ltr'><strong>et</strong></span> <span class='ocrx_word' id='word_1_370' title='bbox 773 4989 856 5066; x_wconf 86' lang='lat' dir='ltr'><strong>quasi</strong></span> 
     </span>
     <span class='ocr_line' id='line_1_54' title="bbox 74 5077 775 5155; baseline 0 -18"><span class='ocrx_word' id='word_1_371' title='bbox 74 5079 228 5150; x_wconf 86' lang='lat' dir='ltr'><strong>demersis,</strong></span> <span class='ocrx_word' id='word_1_372' title='bbox 241 5079 308 5137; x_wconf 80' lang='lat' dir='ltr'><strong>sive</strong></span> <span class='ocrx_word' id='word_1_373' title='bbox 321 5077 353 5134; x_wconf 91' lang='lat' dir='ltr'><strong>in</strong></span> <span class='ocrx_word' id='word_1_374' title='bbox 364 5077 498 5134; x_wconf 87' lang='lat' dir='ltr'><strong>mortalia</strong></span> <span class='ocrx_word' id='word_1_375' title='bbox 509 5095 633 5155; x_wconf 91' lang='lat' dir='ltr'><strong>corpora</strong></span> <span class='ocrx_word' id='word_1_376' title='bbox 650 5077 775 5137; x_wconf 89' lang='lat' dir='ltr'><strong>mutatis.</strong></span> 
     </span>
    </p>

    <p class='ocr_par' dir='ltr' id='par_1_7' title="bbox 112 5161 852 5235">
     <span class='ocr_line' id='line_1_55' title="bbox 112 5161 852 5235; baseline -0.001 -12"><span class='ocrx_word' id='word_1_377' title='bbox 112 5165 157 5228; x_wconf 86' lang='lat' dir='ltr'><strong>Vs.</strong></span> <span class='ocrx_word' id='word_1_378' title='bbox 175 5167 240 5228; x_wconf 77' lang='lat'><strong>265.</strong></span> <span class='ocrx_word' id='word_1_379' title='bbox 252 5165 290 5235; x_wconf 78' lang='grc' dir='ltr'><strong>ὣς</strong></span> <span class='ocrx_word' id='word_1_380' title='bbox 301 5163 326 5224; x_wconf 84' lang='grc' dir='ltr'><strong>δ’</strong></span> <span class='ocrx_word' id='word_1_381' title='bbox 342 5161 447 5233; x_wconf 78' lang='grc' dir='ltr'>αὔτως]</span> <span class='ocrx_word' id='word_1_382' title='bbox 461 5165 504 5224; x_wconf 89' lang='lat' dir='ltr'><strong>lta</strong></span> <span class='ocrx_word' id='word_1_383' title='bbox 519 5185 583 5224; x_wconf 91' lang='lat' dir='ltr'><strong>cum</strong></span> <span class='ocrx_word' id='word_1_384' title='bbox 594 5164 706 5224; x_wconf 91' lang='lat' dir='ltr'><strong>Steinio</strong></span> <span class='ocrx_word' id='word_1_385' title='bbox 715 5164 852 5235; x_wconf 61' lang='grc' dir='ltr'>ταπεινὴ</span> 
     </span>
    </p>
   </div>
   <div class='ocr_carea' id='block_1_4' title="bbox 897 527 1682 2006">
    <p class='ocr_par' dir='ltr' id='par_1_8' title="bbox 897 527 1682 2006">
     <span class='ocr_line' id='line_1_56' title="bbox 897 527 1680 596; baseline 0.004 -8"><span class='ocrx_word' id='word_1_386' title='bbox 897 531 933 594; x_wconf 79' lang='grc' dir='ltr'><strong>ὣς</strong></span> <span class='ocrx_word' id='word_1_387' title='bbox 958 530 981 586; x_wconf 84' lang='grc' dir='ltr'><strong>δ’</strong></span> <span class='ocrx_word' id='word_1_388' title='bbox 996 527 1082 596; x_wconf 79' lang='grc' dir='ltr'>αθτως</span> <span class='ocrx_word' id='word_1_389' title='bbox 1103 529 1237 588; x_wconf 85' lang='lat' dir='ltr'><strong>Sturzius</strong></span> <span class='ocrx_word' id='word_1_390' title='bbox 1259 541 1289 586; x_wconf 89' lang='lat' dir='ltr'><strong>et</strong></span> <span class='ocrx_word' id='word_1_391' title='bbox 1312 527 1494 588; x_wconf 88' lang='lat' dir='ltr'><strong>Karstenius.</strong></span> <span class='ocrx_word' id='word_1_392' title='bbox 1516 529 1611 590; x_wconf 84' lang='lat' dir='ltr'><strong>Verba</strong></span> <span class='ocrx_word' id='word_1_393' title='bbox 1631 533 1680 591; x_wconf 80' lang='grc' dir='ltr'><strong>ὅσα</strong></span> 
     </span>
     <span class='ocr_line' id='line_1_57' title="bbox 897 613 1680 695; baseline 0.003 -19"><span class='ocrx_word' id='word_1_394' title='bbox 897 625 990 693; x_wconf 75' lang='grc' dir='ltr'>κρᾶσιν</span> <span class='ocrx_word' id='word_1_395' title='bbox 1007 614 1124 694; x_wconf 79' lang='grc' dir='ltr'>ἐπαρκέα</span> <span class='ocrx_word' id='word_1_396' title='bbox 1136 617 1235 691; x_wconf 76' lang='grc' dir='ltr'>μᾶλλον</span> <span class='ocrx_word' id='word_1_397' title='bbox 1246 613 1318 676; x_wconf 80' lang='grc' dir='ltr'>ἔασιν</span> <span class='ocrx_word' id='word_1_398' title='bbox 1332 616 1573 694; x_wconf 86' lang='lat' dir='ltr'><strong>interpretatione</strong></span> <span class='ocrx_word' id='word_1_399' title='bbox 1583 621 1680 695; x_wconf 88' lang='lat' dir='ltr'><strong>potius</strong></span> 
     </span>
     <span class='ocr_line' id='line_1_58' title="bbox 898 701 1680 784; baseline 0.005 -24"><span class='ocrx_word' id='word_1_400' title='bbox 898 723 984 780; x_wconf 88' lang='lat' dir='ltr'><strong>qnam</strong></span> <span class='ocrx_word' id='word_1_401' title='bbox 1011 701 1212 762; x_wconf 82' lang='lat' dir='ltr'><strong>emendatione</strong></span> <span class='ocrx_word' id='word_1_402' title='bbox 1241 715 1334 778; x_wconf 85' lang='lat' dir='ltr'><strong>egent.</strong></span> <span class='ocrx_word' id='word_1_403' title='bbox 1365 703 1536 763; x_wconf 86' lang='lat' dir='ltr'><strong>Karstenius</strong></span> <span class='ocrx_word' id='word_1_404' title='bbox 1557 707 1680 784; x_wconf 83' lang='lat' dir='ltr'><strong>expulso</strong></span> 
     </span>
     <span class='ocr_line' id='line_1_59' title="bbox 899 788 1681 870; baseline 0.009 -24"><span class='ocrx_word' id='word_1_405' title='bbox 899 788 1016 866; x_wconf 84' lang='grc' dir='ltr'>έπαρκέα</span> <span class='ocrx_word' id='word_1_406' title='bbox 1035 793 1134 850; x_wconf 83' lang='lat' dir='ltr'><strong>versui</strong></span> <span class='ocrx_word' id='word_1_407' title='bbox 1153 790 1253 848; x_wconf 85' lang='lat' dir='ltr'><strong>intulit</strong></span> <span class='ocrx_word' id='word_1_408' title='bbox 1273 791 1389 870; x_wconf 73' lang='grc' dir='ltr'>ἐπαρτέα</span> <span class='ocrx_word' id='word_1_409' title='bbox 1409 813 1559 866; x_wconf 82' lang='lat' dir='ltr'><strong>congruum</strong></span> <span class='ocrx_word' id='word_1_410' title='bbox 1584 796 1681 853; x_wconf 78' lang='lat' dir='ltr'><strong>valere</strong></span> 
     </span>
     <span class='ocr_line' id='line_1_60' title="bbox 898 875 1682 955; baseline 0.01 -24"><span class='ocrx_word' id='word_1_411' title='bbox 898 875 1005 933; x_wconf 88' lang='lat' dir='ltr'><strong>dicens.</strong></span> <span class='ocrx_word' id='word_1_412' title='bbox 1022 877 1060 932; x_wconf 80' lang='lat' dir='ltr'><strong>At</strong></span> <span class='ocrx_word' id='word_1_413' title='bbox 1073 877 1188 955; x_wconf 73' lang='grc' dir='ltr'>ἐπαρτης</span> <span class='ocrx_word' id='word_1_414' title='bbox 1204 878 1366 955; x_wconf 89' lang='lat' dir='ltr'><strong>appellatur</strong></span> <span class='ocrx_word' id='word_1_415' title='bbox 1377 893 1496 954; x_wconf 84' lang='lat' dir='ltr'><strong>paratus</strong></span> <span class='ocrx_word' id='word_1_416' title='bbox 1513 881 1559 938; x_wconf 87' lang='lat' dir='ltr'><strong>vel</strong></span> <span class='ocrx_word' id='word_1_417' title='bbox 1572 889 1621 955; x_wconf 77' lang='lat' dir='ltr'><strong>qm·</strong></span> <span class='ocrx_word' id='word_1_418' title='bbox 1640 897 1682 939; x_wconf 81' lang='lat' dir='ltr'><strong>ert</strong></span> 
     </span>
     <span class='ocr_line' id='line_1_61' title="bbox 900 963 1681 1038; baseline 0.012 -20"><span class='ocrx_word' id='word_1_419' title='bbox 900 971 928 1018; x_wconf 83' lang='lat' dir='ltr'><strong>in</strong></span> <span class='ocrx_word' id='word_1_420' title='bbox 940 978 1060 1038; x_wconf 80' lang='lat' dir='ltr'><strong>promtu.</strong></span> <span class='ocrx_word' id='word_1_421' title='bbox 1080 963 1151 1022; x_wconf 90' lang='lat' dir='ltr'><strong>ltem</strong></span> <span class='ocrx_word' id='word_1_422' title='bbox 1165 964 1406 1024; x_wconf 86' lang='lat' dir='ltr'><strong>Panzerbieterus</strong></span> <span class='ocrx_word' id='word_1_423' title='bbox 1419 966 1498 1024; x_wconf 86' lang='lat' dir='ltr'><strong>nulla</strong></span> <span class='ocrx_word' id='word_1_424' title='bbox 1510 969 1681 1028; x_wconf 87' lang='lat' dir='ltr'><strong>necessitate</strong></span> 
     </span>
     <span class='ocr_line' id='line_1_62' title="bbox 898 1048 1681 1132; baseline 0.009 -25"><span class='ocrx_word' id='word_1_425' title='bbox 898 1048 1033 1109; x_wconf 89' lang='lat' dir='ltr'><strong>subactus</strong></span> <span class='ocrx_word' id='word_1_426' title='bbox 1054 1064 1154 1109; x_wconf 85' lang='lat' dir='ltr'><strong>auctor</strong></span> <span class='ocrx_word' id='word_1_427' title='bbox 1168 1052 1222 1110; x_wconf 89' lang='lat' dir='ltr'><strong>fuit</strong></span> <span class='ocrx_word' id='word_1_428' title='bbox 1234 1094 1243 1124; x_wconf 93' lang='lat'><strong>,</strong></span> <span class='ocrx_word' id='word_1_429' title='bbox 1255 1065 1287 1110; x_wconf 91' lang='lat' dir='ltr'><strong>ut</strong></span> <span class='ocrx_word' id='word_1_430' title='bbox 1307 1073 1363 1130; x_wconf 90' lang='lat' dir='ltr'><strong>pro</strong></span> <span class='ocrx_word' id='word_1_431' title='bbox 1382 1053 1497 1132; x_wconf 84' lang='grc' dir='ltr'>ἐπαρκέα</span> <span class='ocrx_word' id='word_1_432' title='bbox 1515 1055 1592 1131; x_wconf 83' lang='grc' dir='ltr'>ιιριιιί</span> <span class='ocrx_word' id='word_1_433' title='bbox 1612 1057 1681 1114; x_wconf 82' lang='lat' dir='ltr'><strong>Em·</strong></span> 
     </span>
     <span class='ocr_line' id='line_1_63' title="bbox 898 1140 1681 1219; baseline 0.01 -24"><span class='ocrx_word' id='word_1_434' title='bbox 898 1140 1047 1216; x_wconf 89' lang='lat' dir='ltr'><strong>pedoclem</strong></span> <span class='ocrx_word' id='word_1_435' title='bbox 1071 1140 1207 1219; x_wconf 77' lang='grc' dir='ltr'>ἔπιίρμινα</span> <span class='ocrx_word' id='word_1_436' title='bbox 1225 1153 1424 1216; x_wconf 87' lang='lat' dir='ltr'><strong>reponeretur.</strong></span> <span class='ocrx_word' id='word_1_437' title='bbox 1440 1141 1527 1210; x_wconf 87' lang='lat' dir='ltr'><strong>Quod</strong></span> <span class='ocrx_word' id='word_1_438' title='bbox 1542 1144 1619 1201; x_wconf 88' lang='lat' dir='ltr'><strong>eninr</strong></span> <span class='ocrx_word' id='word_1_439' title='bbox 1640 1148 1681 1204; x_wconf 91' lang='lat' dir='ltr'><strong>ait</strong></span> 
     </span>
     <span class='ocr_line' id='line_1_64' title="bbox 900 1227 1679 1304; baseline 0.008 -20"><span class='ocrx_word' id='word_1_440' title='bbox 900 1227 1010 1302; x_wconf 89' lang='lat' dir='ltr'><strong>requiri</strong></span> <span class='ocrx_word' id='word_1_441' title='bbox 1022 1227 1217 1304; x_wconf 88' lang='lat' dir='ltr'><strong>adjectivum,</strong></span> <span class='ocrx_word' id='word_1_442' title='bbox 1231 1229 1310 1304; x_wconf 90' lang='lat' dir='ltr'><strong>quod</strong></span> <span class='ocrx_word' id='word_1_443' title='bbox 1322 1233 1415 1286; x_wconf 83' lang='lat' dir='ltr'><strong>idonei</strong></span> <span class='ocrx_word' id='word_1_444' title='bbox 1437 1229 1679 1304; x_wconf 88' lang='lat' dir='ltr'><strong>significationem</strong></span> 
     </span>
     <span class='ocr_line' id='line_1_65' title="bbox 899 1314 1679 1393; baseline 0.009 -22"><span class='ocrx_word' id='word_1_445' title='bbox 899 1314 1026 1374; x_wconf 89' lang='lat' dir='ltr'><strong>habeat:</strong></span> <span class='ocrx_word' id='word_1_446' title='bbox 1051 1317 1082 1374; x_wconf 94' lang='lat' dir='ltr'><strong>id</strong></span> <span class='ocrx_word' id='word_1_447' title='bbox 1104 1329 1180 1374; x_wconf 88' lang='lat' dir='ltr'><strong>recte</strong></span> <span class='ocrx_word' id='word_1_448' title='bbox 1201 1316 1318 1393; x_wconf 91' lang='lat' dir='ltr'><strong>quidem</strong></span> <span class='ocrx_word' id='word_1_449' title='bbox 1342 1329 1455 1388; x_wconf 91' lang='lat' dir='ltr'><strong>monet,</strong></span> <span class='ocrx_word' id='word_1_450' title='bbox 1473 1318 1524 1376; x_wconf 89' lang='lat' dir='ltr'><strong>sed</strong></span> <span class='ocrx_word' id='word_1_451' title='bbox 1542 1337 1577 1376; x_wconf 90' lang='lat' dir='ltr'><strong>ea</strong></span> <span class='ocrx_word' id='word_1_452' title='bbox 1598 1321 1679 1378; x_wconf 90' lang='lat' dir='ltr'><strong>notio</strong></span> 
     </span>
     <span class='ocr_line' id='line_1_66' title="bbox 899 1404 1679 1482; baseline 0.006 -22"><span class='ocrx_word' id='word_1_453' title='bbox 899 1404 1015 1482; x_wconf 84' lang='lat' dir='ltr'><strong>vulgata</strong></span> <span class='ocrx_word' id='word_1_454' title='bbox 1027 1405 1152 1462; x_wconf 92' lang='lat' dir='ltr'><strong>lectione</strong></span> <span class='ocrx_word' id='word_1_455' title='bbox 1164 1405 1338 1463; x_wconf 89' lang='lat' dir='ltr'><strong>continetur.</strong></span> <span class='ocrx_word' id='word_1_456' title='bbox 1354 1405 1425 1462; x_wconf 90' lang='lat' dir='ltr'><strong>Nam</strong></span> <span class='ocrx_word' id='word_1_457' title='bbox 1439 1406 1463 1463; x_wconf 90' lang='lat' dir='ltr'><strong>si</strong></span> <span class='ocrx_word' id='word_1_458' title='bbox 1483 1406 1554 1481; x_wconf 91' lang='lat' dir='ltr'><strong>quid</strong></span> <span class='ocrx_word' id='word_1_459' title='bbox 1567 1406 1604 1464; x_wconf 87' lang='lat' dir='ltr'><strong>ad</strong></span> <span class='ocrx_word' id='word_1_460' title='bbox 1623 1411 1679 1466; x_wconf 90' lang='lat' dir='ltr'><strong>mi·</strong></span> 
     </span>
     <span class='ocr_line' id='line_1_67' title="bbox 898 1491 1680 1570; baseline 0.005 -22"><span class='ocrx_word' id='word_1_461' title='bbox 898 1492 1037 1550; x_wconf 89' lang='lat' dir='ltr'><strong>scendum</strong></span> <span class='ocrx_word' id='word_1_462' title='bbox 1055 1493 1163 1550; x_wconf 88' lang='lat' dir='ltr'><strong>sufficit</strong></span> <span class='ocrx_word' id='word_1_463' title='bbox 1178 1491 1310 1570; x_wconf 70' lang='lat' dir='ltr'><strong>(iaspide</strong></span> <span class='ocrx_word' id='word_1_464' title='bbox 1324 1495 1399 1568; x_wconf 79' lang='grc' dir='ltr'>ἐστι)</span> <span class='ocrx_word' id='word_1_465' title='bbox 1419 1514 1425 1548; x_wconf 93' lang='lat'>:</span> <span class='ocrx_word' id='word_1_466' title='bbox 1442 1493 1470 1550; x_wconf 90' lang='lat' dir='ltr'><strong>id</strong></span> <span class='ocrx_word' id='word_1_467' title='bbox 1487 1493 1623 1551; x_wconf 88' lang='lat' dir='ltr'><strong>idoneum</strong></span> <span class='ocrx_word' id='word_1_468' title='bbox 1643 1496 1680 1552; x_wconf 94' lang='lat' dir='ltr'><strong>ad</strong></span> 
     </span>
     <span class='ocr_line' id='line_1_68' title="bbox 899 1579 1678 1640; baseline 0.006 -6"><span class='ocrx_word' id='word_1_469' title='bbox 899 1579 1054 1637; x_wconf 80' lang='lat' dir='ltr'><strong>mixturam</strong></span> <span class='ocrx_word' id='word_1_470' title='bbox 1069 1579 1228 1638; x_wconf 86' lang='lat' dir='ltr'><strong>faciendam</strong></span> <span class='ocrx_word' id='word_1_471' title='bbox 1244 1580 1283 1637; x_wconf 89' lang='lat' dir='ltr'><strong>sit</strong></span> <span class='ocrx_word' id='word_1_472' title='bbox 1295 1597 1412 1637; x_wconf 87' lang='lat' dir='ltr'><strong>necesse</strong></span> <span class='ocrx_word' id='word_1_473' title='bbox 1423 1592 1476 1640; x_wconf 92' lang='lat' dir='ltr'><strong>est.</strong></span> <span class='ocrx_word' id='word_1_474' title='bbox 1493 1579 1572 1638; x_wconf 87' lang='lat' dir='ltr'><strong>Licet</strong></span> <span class='ocrx_word' id='word_1_475' title='bbox 1583 1595 1678 1639; x_wconf 91' lang='lat' dir='ltr'><strong>autem</strong></span> 
     </span>
     <span class='ocr_line' id='line_1_69' title="bbox 898 1665 1680 1746; baseline 0.006 -25"><span class='ocrx_word' id='word_1_476' title='bbox 898 1665 1010 1746; x_wconf 78' lang='grc' dir='ltr'>ἔταρκές</span> <span class='ocrx_word' id='word_1_477' title='bbox 1022 1666 1151 1724; x_wconf 87' lang='lat' dir='ltr'><strong>dativum</strong></span> <span class='ocrx_word' id='word_1_478' title='bbox 1164 1667 1304 1724; x_wconf 86' lang='lat' dir='ltr'><strong>asciscere</strong></span> <span class='ocrx_word' id='word_1_479' title='bbox 1316 1669 1421 1739; x_wconf 86' lang='lat' dir='ltr'><strong>soleat,</strong></span> <span class='ocrx_word' id='word_1_480' title='bbox 1437 1679 1532 1725; x_wconf 86' lang='lat' dir='ltr'><strong>tamen</strong></span> <span class='ocrx_word' id='word_1_481' title='bbox 1546 1685 1582 1724; x_wconf 89' lang='lat' dir='ltr'><strong>ne</strong></span> <span class='ocrx_word' id='word_1_482' title='bbox 1596 1687 1680 1726; x_wconf 89' lang='lat' dir='ltr'><strong>accu-</strong></span> 
     </span>
     <span class='ocr_line' id='line_1_70' title="bbox 899 1753 1679 1833; baseline 0.003 -22"><span class='ocrx_word' id='word_1_483' title='bbox 899 1755 1021 1811; x_wconf 90' lang='lat' dir='ltr'><strong>sativum</strong></span> <span class='ocrx_word' id='word_1_484' title='bbox 1038 1753 1155 1831; x_wconf 91' lang='lat' dir='ltr'><strong>quidem</strong></span> <span class='ocrx_word' id='word_1_485' title='bbox 1174 1762 1266 1832; x_wconf 75' lang='grc' dir='ltr'>κρθσιν</span> <span class='ocrx_word' id='word_1_486' title='bbox 1282 1755 1456 1831; x_wconf 87' lang='lat' dir='ltr'><strong>simpliciter</strong></span> <span class='ocrx_word' id='word_1_487' title='bbox 1475 1773 1508 1812; x_wconf 92' lang='lat' dir='ltr'><strong>ac</strong></span> <span class='ocrx_word' id='word_1_488' title='bbox 1527 1754 1605 1812; x_wconf 89' lang='lat' dir='ltr'><strong>nude</strong></span> <span class='ocrx_word' id='word_1_489' title='bbox 1622 1775 1679 1833; x_wconf 89' lang='lat' dir='ltr'><strong>po-</strong></span> 
     </span>
     <span class='ocr_line' id='line_1_71' title="bbox 900 1841 1681 1919; baseline 0.001 -21"><span class='ocrx_word' id='word_1_490' title='bbox 900 1841 1002 1913; x_wconf 86' lang='lat' dir='ltr'><strong>situm,</strong></span> <span class='ocrx_word' id='word_1_491' title='bbox 1013 1861 1072 1917; x_wconf 94' lang='lat' dir='ltr'><strong>quo</strong></span> <span class='ocrx_word' id='word_1_492' title='bbox 1090 1860 1175 1899; x_wconf 90' lang='lat' dir='ltr'><strong>sensu</strong></span> <span class='ocrx_word' id='word_1_493' title='bbox 1191 1841 1286 1900; x_wconf 88' lang='lat' dir='ltr'><strong>Graeci</strong></span> <span class='ocrx_word' id='word_1_494' title='bbox 1305 1842 1373 1899; x_wconf 74' lang='grc' dir='ltr'>κατὰ</span> <span class='ocrx_word' id='word_1_495' title='bbox 1394 1850 1487 1919; x_wconf 78' lang='grc' dir='ltr'>κρᾶσιν</span> <span class='ocrx_word' id='word_1_496' title='bbox 1502 1841 1600 1898; x_wconf 88' lang='lat' dir='ltr'><strong>dicere</strong></span> <span class='ocrx_word' id='word_1_497' title='bbox 1613 1863 1681 1900; x_wconf 93' lang='lat' dir='ltr'><strong>con-</strong></span> 
     </span>
     <span class='ocr_line' id='line_1_72' title="bbox 898 1927 1679 2006; baseline 0.005 -21"><span class='ocrx_word' id='word_1_498' title='bbox 898 1939 1072 2001; x_wconf 84' lang='lat' dir='ltr'><strong>sueverunt,</strong></span> <span class='ocrx_word' id='word_1_499' title='bbox 1085 1927 1296 2004; x_wconf 89' lang='lat' dir='ltr'><strong>repudiandum</strong></span> <span class='ocrx_word' id='word_1_500' title='bbox 1309 1947 1371 1986; x_wconf 88' lang='lat' dir='ltr'><strong>esse</strong></span> <span class='ocrx_word' id='word_1_501' title='bbox 1386 1941 1515 2006; x_wconf 89' lang='lat' dir='ltr'><strong>apparet.</strong></span> <span class='ocrx_word' id='word_1_502' title='bbox 1532 1928 1592 1986; x_wconf 91' lang='lat' dir='ltr'><strong>lloc</strong></span> <span class='ocrx_word' id='word_1_503' title='bbox 1606 1949 1679 1988; x_wconf 88' lang='lat' dir='ltr'><strong>vero</strong></span> 
     </span>
    </p>
   </div>
   <div class='ocr_carea' id='block_1_5' title="bbox 898 2015 1788 2103">
    <p class='ocr_par' dir='ltr' id='par_1_9' title="bbox 898 2015 1788 2103">
     <span class='ocr_line' id='line_1_73' title="bbox 898 2015 1788 2103; baseline 0.006 -31"><span class='ocrx_word' id='word_1_504' title='bbox 898 2015 978 2089; x_wconf 91' lang='lat' dir='ltr'><strong>qnod</strong></span> <span class='ocrx_word' id='word_1_505' title='bbox 989 2028 1075 2092; x_wconf 90' lang='lat' dir='ltr'><strong>caput</strong></span> <span class='ocrx_word' id='word_1_506' title='bbox 1088 2016 1131 2073; x_wconf 92' lang='lat' dir='ltr'><strong>rei</strong></span> <span class='ocrx_word' id='word_1_507' title='bbox 1142 2029 1185 2074; x_wconf 90' lang='lat' dir='ltr'><strong>est</strong></span> <span class='ocrx_word' id='word_1_508' title='bbox 1202 2017 1320 2074; x_wconf 90' lang='lat' dir='ltr'><strong>silentio</strong></span> <span class='ocrx_word' id='word_1_509' title='bbox 1337 2029 1488 2074; x_wconf 90' lang='lat' dir='ltr'><strong>transeunt</strong></span> <span class='ocrx_word' id='word_1_510' title='bbox 1505 2017 1680 2103; x_wconf 74' lang='lat' dir='ltr'><strong>Karstenins</strong></span> <span class='ocrx_word' id='word_1_511' title='bbox 1785 2059 1788 2066; x_wconf 89' lang='lat'>-</span> 
     </span>
    </p>
   </div>
   <div class='ocr_carea' id='block_1_6' title="bbox 898 2102 1682 5239">
    <p class='ocr_par' dir='ltr' id='par_1_10' title="bbox 898 2102 1191 2164">
     <span class='ocr_line' id='line_1_74' title="bbox 898 2102 1191 2164; baseline 0.017 -5"><span class='ocrx_word' id='word_1_512' title='bbox 898 2114 926 2160; x_wconf 89' lang='lat' dir='ltr'><strong>et</strong></span> <span class='ocrx_word' id='word_1_513' title='bbox 940 2102 1191 2164; x_wconf 85' lang='lat' dir='ltr'><strong>Panzerbieterus.</strong></span> 
     </span>
    </p>

    <p class='ocr_par' dir='ltr' id='par_1_11' title="bbox 898 2188 1680 2878">
     <span class='ocr_line' id='line_1_75' title="bbox 937 2188 1679 2272; baseline 0.008 -27"><span class='ocrx_word' id='word_1_514' title='bbox 937 2189 985 2248; x_wconf 88' lang='lat' dir='ltr'><strong>Vs.</strong></span> <span class='ocrx_word' id='word_1_515' title='bbox 999 2193 1065 2248; x_wconf 80' lang='lat'><strong>266.</strong></span> <span class='ocrx_word' id='word_1_516' title='bbox 1083 2191 1208 2262; x_wconf 73' lang='grc' dir='ltr'>ἀλλήλοις</span> <span class='ocrx_word' id='word_1_517' title='bbox 1217 2192 1275 2249; x_wconf 85' lang='grc' dir='ltr'>κτλ.</span> <span class='ocrx_word' id='word_1_518' title='bbox 1289 2188 1301 2266; x_wconf 92' lang='grc'>]</span> <span class='ocrx_word' id='word_1_519' title='bbox 1316 2188 1411 2247; x_wconf 83' lang='lat' dir='ltr'><strong>Verba</strong></span> <span class='ocrx_word' id='word_1_520' title='bbox 1424 2189 1575 2267; x_wconf 59' lang='lat' dir='ltr'><strong>apsinthi</strong></span> <span class='ocrx_word' id='word_1_521' title='bbox 1587 2189 1679 2272; x_wconf 77' lang='grc' dir='ltr'>Ἄφρο·</span> 
     </span>
     <span class='ocr_line' id='line_1_76' title="bbox 899 2275 1679 2358; baseline 0.009 -26"><span class='ocrx_word' id='word_1_522' title='bbox 899 2275 957 2356; x_wconf 82' lang='grc' dir='ltr'>δίτῃ</span> <span class='ocrx_word' id='word_1_523' title='bbox 971 2278 1072 2336; x_wconf 91' lang='lat' dir='ltr'><strong>eodem</strong></span> <span class='ocrx_word' id='word_1_524' title='bbox 1084 2297 1169 2336; x_wconf 91' lang='lat' dir='ltr'><strong>sensu</strong></span> <span class='ocrx_word' id='word_1_525' title='bbox 1184 2278 1322 2335; x_wconf 91' lang='lat' dir='ltr'><strong>dicuntur</strong></span> <span class='ocrx_word' id='word_1_526' title='bbox 1335 2297 1394 2353; x_wconf 91' lang='lat' dir='ltr'><strong>quo</strong></span> <span class='ocrx_word' id='word_1_527' title='bbox 1405 2279 1482 2356; x_wconf 88' lang='lat' dir='ltr'><strong>apud</strong></span> <span class='ocrx_word' id='word_1_528' title='bbox 1495 2279 1679 2358; x_wconf 86' lang='lat' dir='ltr'><strong>Simplicium</strong></span> 
     </span>
     <span class='ocr_line' id='line_1_77' title="bbox 898 2363 1679 2447; baseline 0.008 -25"><span class='ocrx_word' id='word_1_529' title='bbox 898 2363 934 2422; x_wconf 85' lang='lat' dir='ltr'><strong>ad</strong></span> <span class='ocrx_word' id='word_1_530' title='bbox 950 2365 1068 2422; x_wconf 78' lang='lat' dir='ltr'><strong>Aristot.</strong></span> <span class='ocrx_word' id='word_1_531' title='bbox 1083 2363 1171 2424; x_wconf 91' lang='lat' dir='ltr'><strong>lib.ll</strong></span> <span class='ocrx_word' id='word_1_532' title='bbox 1185 2365 1219 2422; x_wconf 88' lang='lat' dir='ltr'><strong>de</strong></span> <span class='ocrx_word' id='word_1_533' title='bbox 1233 2364 1305 2421; x_wconf 83' lang='lat' dir='ltr'><strong>Coel.</strong></span> <span class='ocrx_word' id='word_1_534' title='bbox 1318 2365 1364 2422; x_wconf 92' lang='lat' dir='ltr'><strong>fol.</strong></span> <span class='ocrx_word' id='word_1_535' title='bbox 1382 2385 1435 2440; x_wconf 79' lang='lat' dir='ltr'><strong>rap</strong></span> <span class='ocrx_word' id='word_1_536' title='bbox 1451 2385 1475 2423; x_wconf 91' lang='lat' dir='ltr'><strong>a.</strong></span> <span class='ocrx_word' id='word_1_537' title='bbox 1491 2364 1540 2425; x_wconf 79' lang='grc' dir='ltr'><strong>ὅσα</strong></span> <span class='ocrx_word' id='word_1_538' title='bbox 1553 2372 1598 2424; x_wconf 78' lang='grc' dir='ltr'><strong>νῦν</strong></span> <span class='ocrx_word' id='word_1_539' title='bbox 1618 2370 1679 2447; x_wconf 86' lang='grc' dir='ltr'>φαί-</span> 
     </span>
     <span class='ocr_line' id='line_1_78' title="bbox 898 2451 1678 2532; baseline 0.008 -24"><span class='ocrx_word' id='word_1_540' title='bbox 898 2473 970 2510; x_wconf 85' lang='grc' dir='ltr'>νεται</span> <span class='ocrx_word' id='word_1_541' title='bbox 986 2452 1148 2532; x_wconf 76' lang='grc' dir='ltr'>ἁρμοσθέντα</span> <span class='ocrx_word' id='word_1_542' title='bbox 1164 2451 1299 2530; x_wconf 77' lang='grc' dir='ltr'>Ἀφροδίτη</span> <span class='ocrx_word' id='word_1_543' title='bbox 1316 2452 1390 2527; x_wconf 81' lang='lat' dir='ltr'><strong>(leg.</strong></span> <span class='ocrx_word' id='word_1_544' title='bbox 1405 2451 1542 2532; x_wconf 81' lang='grc' dir='ltr'>Ἀφροδίτη</span> <span class='ocrx_word' id='word_1_545' title='bbox 1554 2453 1575 2532; x_wconf 68' lang='lat' dir='ltr'><strong>l,</strong></span> <span class='ocrx_word' id='word_1_546' title='bbox 1593 2475 1678 2532; x_wconf 85' lang='lat' dir='ltr'><strong>quem</strong></span> 
     </span>
     <span class='ocr_line' id='line_1_79' title="bbox 899 2539 1678 2619; baseline 0.008 -25"><span class='ocrx_word' id='word_1_547' title='bbox 899 2539 994 2597; x_wconf 91' lang='lat' dir='ltr'><strong>locum</strong></span> <span class='ocrx_word' id='word_1_548' title='bbox 1010 2559 1047 2598; x_wconf 84' lang='lat' dir='ltr'><strong>ex</strong></span> <span class='ocrx_word' id='word_1_549' title='bbox 1061 2539 1248 2617; x_wconf 84' lang='lat' dir='ltr'><strong>Empedocle,</strong></span> <span class='ocrx_word' id='word_1_550' title='bbox 1264 2553 1296 2598; x_wconf 90' lang='lat' dir='ltr'><strong>nt</strong></span> <span class='ocrx_word' id='word_1_551' title='bbox 1309 2540 1350 2596; x_wconf 89' lang='lat' dir='ltr'><strong>ait</strong></span> <span class='ocrx_word' id='word_1_552' title='bbox 1362 2539 1506 2612; x_wconf 85' lang='lat' dir='ltr'><strong>Stagiritae</strong></span> <span class='ocrx_word' id='word_1_553' title='bbox 1524 2543 1678 2619; x_wconf 85' lang='lat' dir='ltr'><strong>interpres,</strong></span> 
     </span>
     <span class='ocr_line' id='line_1_80' title="bbox 899 2625 1679 2706; baseline 0.003 -21"><span class='ocrx_word' id='word_1_554' title='bbox 899 2629 1020 2704; x_wconf 91' lang='lat' dir='ltr'><strong>petitum</strong></span> <span class='ocrx_word' id='word_1_555' title='bbox 1027 2628 1087 2706; x_wconf 87' lang='lat' dir='ltr'><strong>jam</strong></span> <span class='ocrx_word' id='word_1_556' title='bbox 1097 2629 1228 2687; x_wconf 88' lang='lat' dir='ltr'><strong>Stm·zius</strong></span> <span class='ocrx_word' id='word_1_557' title='bbox 1237 2626 1426 2704; x_wconf 87' lang='lat' dir='ltr'><strong>compararit.</strong></span> <span class='ocrx_word' id='word_1_558' title='bbox 1436 2625 1491 2684; x_wconf 89' lang='lat' dir='ltr'><strong>Sed</strong></span> <span class='ocrx_word' id='word_1_559' title='bbox 1504 2627 1679 2705; x_wconf 87' lang='lat' dir='ltr'><strong>inspiciendi</strong></span> 
     </span>
     <span class='ocr_line' id='line_1_81' title="bbox 899 2713 1680 2795; baseline 0.005 -25"><span class='ocrx_word' id='word_1_560' title='bbox 899 2713 1031 2786; x_wconf 90' lang='lat' dir='ltr'><strong>codices,</strong></span> <span class='ocrx_word' id='word_1_561' title='bbox 1061 2726 1093 2772; x_wconf 91' lang='lat' dir='ltr'><strong>ut</strong></span> <span class='ocrx_word' id='word_1_562' title='bbox 1118 2715 1190 2790; x_wconf 92' lang='lat' dir='ltr'><strong>quid</strong></span> <span class='ocrx_word' id='word_1_563' title='bbox 1211 2715 1391 2772; x_wconf 88' lang='lat' dir='ltr'><strong>auctoritatis</strong></span> <span class='ocrx_word' id='word_1_564' title='bbox 1411 2713 1519 2771; x_wconf 74' lang='lat' dir='ltr'><strong>Aldino</strong></span> <span class='ocrx_word' id='word_1_565' title='bbox 1546 2716 1680 2795; x_wconf 88' lang='lat' dir='ltr'><strong>exemplo</strong></span> 
     </span>
     <span class='ocr_line' id='line_1_82' title="bbox 900 2799 1306 2878; baseline 0.002 -22"><span class='ocrx_word' id='word_1_566' title='bbox 900 2799 1086 2860; x_wconf 87' lang='lat' dir='ltr'><strong>tribuendum</strong></span> <span class='ocrx_word' id='word_1_567' title='bbox 1107 2803 1145 2859; x_wconf 91' lang='lat' dir='ltr'><strong>sit</strong></span> <span class='ocrx_word' id='word_1_568' title='bbox 1162 2815 1306 2878; x_wconf 91' lang='lat' dir='ltr'><strong>appareat.</strong></span> 
     </span>
    </p>

    <p class='ocr_par' dir='ltr' id='par_1_12' title="bbox 898 2886 1681 4017">
     <span class='ocr_line' id='line_1_83' title="bbox 938 2886 1680 2970; baseline 0.008 -26"><span class='ocrx_word' id='word_1_569' title='bbox 938 2889 986 2947; x_wconf 86' lang='lat' dir='ltr'><strong>Vs.</strong></span> <span class='ocrx_word' id='word_1_570' title='bbox 999 2891 1067 2962; x_wconf 82' lang='lat'><strong>267.</strong></span> <span class='ocrx_word' id='word_1_571' title='bbox 1081 2888 1161 2968; x_wconf 70' lang='grc' dir='ltr'>ἐχθρὰ</span> <span class='ocrx_word' id='word_1_572' title='bbox 1172 2888 1194 2946; x_wconf 88' lang='grc' dir='ltr'><strong>δ’</strong></span> <span class='ocrx_word' id='word_1_573' title='bbox 1214 2891 1261 2947; x_wconf 74' lang='grc' dir='ltr'><strong>ἀπ’</strong></span> <span class='ocrx_word' id='word_1_574' title='bbox 1276 2889 1398 2960; x_wconf 75' lang='grc' dir='ltr'>ἀλλήλων</span> <span class='ocrx_word' id='word_1_575' title='bbox 1417 2886 1498 2970; x_wconf 81' lang='grc' dir='ltr'>κτλ]</span> <span class='ocrx_word' id='word_1_576' title='bbox 1515 2889 1600 2967; x_wconf 84' lang='grc' dir='ltr'>Αριιι]</span> <span class='ocrx_word' id='word_1_577' title='bbox 1624 2893 1680 2951; x_wconf 80' lang='grc' dir='ltr'><strong>ΑΙ-</strong></span> 
     </span>
     <span class='ocr_line' id='line_1_84' title="bbox 898 2975 1678 3056; baseline 0.006 -23"><span class='ocrx_word' id='word_1_578' title='bbox 898 2977 967 3034; x_wconf 92' lang='lat' dir='ltr'><strong>dum</strong></span> <span class='ocrx_word' id='word_1_579' title='bbox 980 2996 1086 3037; x_wconf 88' lang='lat' dir='ltr'><strong>versus</strong></span> <span class='ocrx_word' id='word_1_580' title='bbox 1100 2979 1143 3035; x_wconf 91' lang='lat' dir='ltr'><strong>sic</strong></span> <span class='ocrx_word' id='word_1_581' title='bbox 1162 2977 1303 3036; x_wconf 90' lang='lat' dir='ltr'><strong>scribitur</strong></span> <span class='ocrx_word' id='word_1_582' title='bbox 1319 2998 1326 3034; x_wconf 78' lang='grc' dir='ltr'>ι</span> <span class='ocrx_word' id='word_1_583' title='bbox 1346 2975 1428 3056; x_wconf 74' lang='grc' dir='ltr'>ἔχθρα</span> <span class='ocrx_word' id='word_1_584' title='bbox 1440 2979 1562 3035; x_wconf 80' lang='grc' dir='ltr'>πλεῖστον</span> <span class='ocrx_word' id='word_1_585' title='bbox 1575 2980 1617 3036; x_wconf 79' lang='grc' dir='ltr'><strong>ἐπ’</strong></span> <span class='ocrx_word' id='word_1_586' title='bbox 1630 2983 1678 3038; x_wconf 76' lang='grc' dir='ltr'><strong>ἀλ-</strong></span> 
     </span>
     <span class='ocr_line' id='line_1_85' title="bbox 898 3061 1679 3143; baseline 0.008 -23"><span class='ocrx_word' id='word_1_587' title='bbox 898 3064 984 3133; x_wconf 79' lang='grc' dir='ltr'>λήλων</span> <span class='ocrx_word' id='word_1_588' title='bbox 998 3064 1115 3143; x_wconf 85' lang='grc' dir='ltr'>διέχουσι</span> <span class='ocrx_word' id='word_1_589' title='bbox 1132 3064 1257 3141; x_wconf 72' lang='grc' dir='ltr'>μάλιστα.</span> <span class='ocrx_word' id='word_1_590' title='bbox 1274 3064 1331 3122; x_wconf 88' lang='lat' dir='ltr'><strong>Pro</strong></span> <span class='ocrx_word' id='word_1_591' title='bbox 1346 3061 1429 3143; x_wconf 86' lang='grc' dir='ltr'>ἔχθρα</span> <span class='ocrx_word' id='word_1_592' title='bbox 1447 3064 1592 3142; x_wconf 90' lang='lat' dir='ltr'><strong>Simplicii</strong></span> <span class='ocrx_word' id='word_1_593' title='bbox 1613 3069 1679 3128; x_wconf 90' lang='lat' dir='ltr'><strong>cod.</strong></span> 
     </span>
     <span class='ocr_line' id='line_1_86' title="bbox 899 3150 1681 3233; baseline 0.005 -24"><span class='ocrx_word' id='word_1_594' title='bbox 899 3153 1041 3212; x_wconf 81' lang='lat' dir='ltr'><strong>llvitiose</strong></span> <span class='ocrx_word' id='word_1_595' title='bbox 1053 3151 1131 3233; x_wconf 83' lang='grc' dir='ltr'>έργα;</span> <span class='ocrx_word' id='word_1_596' title='bbox 1146 3153 1277 3211; x_wconf 88' lang='lat' dir='ltr'><strong>Sturzins</strong></span> <span class='ocrx_word' id='word_1_597' title='bbox 1297 3153 1420 3209; x_wconf 80' lang='lat' dir='ltr'><strong>nmtarit</strong></span> <span class='ocrx_word' id='word_1_598' title='bbox 1435 3153 1465 3209; x_wconf 93' lang='lat' dir='ltr'><strong>in</strong></span> <span class='ocrx_word' id='word_1_599' title='bbox 1481 3150 1562 3230; x_wconf 79' lang='grc' dir='ltr'>ἔχθει.</span> <span class='ocrx_word' id='word_1_600' title='bbox 1581 3157 1616 3212; x_wconf 79' lang='lat' dir='ltr'><strong>ht</strong></span> <span class='ocrx_word' id='word_1_601' title='bbox 1630 3175 1681 3213; x_wconf 92' lang='lat' dir='ltr'><strong>re-</strong></span> 
     </span>
     <span class='ocr_line' id='line_1_87' title="bbox 898 3239 1677 3322; baseline 0.003 -24"><span class='ocrx_word' id='word_1_602' title='bbox 898 3241 1075 3299; x_wconf 88' lang='lat' dir='ltr'><strong>stituendum</strong></span> <span class='ocrx_word' id='word_1_603' title='bbox 1089 3239 1170 3322; x_wconf 80' lang='grc' dir='ltr'>έχθρθ</span> <span class='ocrx_word' id='word_1_604' title='bbox 1191 3239 1269 3317; x_wconf 92' lang='lat' dir='ltr'><strong>quod</strong></span> <span class='ocrx_word' id='word_1_605' title='bbox 1291 3259 1327 3297; x_wconf 85' lang='lat' dir='ltr'><strong>ex</strong></span> <span class='ocrx_word' id='word_1_606' title='bbox 1345 3239 1546 3316; x_wconf 83' lang='lat' dir='ltr'><strong>Theophrasto</strong></span> <span class='ocrx_word' id='word_1_607' title='bbox 1561 3241 1677 3300; x_wconf 91' lang='lat' dir='ltr'><strong>ductum</strong></span> 
     </span>
     <span class='ocr_line' id='line_1_88' title="bbox 899 3321 1678 3402; baseline 0.004 -19"><span class='ocrx_word' id='word_1_608' title='bbox 899 3327 1031 3402; x_wconf 87' lang='lat' dir='ltr'><strong>vulgavit</strong></span> <span class='ocrx_word' id='word_1_609' title='bbox 1043 3327 1222 3386; x_wconf 86' lang='lat' dir='ltr'><strong>Karstenins.</strong></span> <span class='ocrx_word' id='word_1_610' title='bbox 1238 3325 1316 3384; x_wconf 92' lang='lat' dir='ltr'><strong>ldem</strong></span> <span class='ocrx_word' id='word_1_611' title='bbox 1331 3325 1504 3400; x_wconf 88' lang='lat' dir='ltr'><strong>particulam</strong></span> <span class='ocrx_word' id='word_1_612' title='bbox 1517 3326 1545 3383; x_wconf 78' lang='grc' dir='ltr'><strong>δὲ</strong></span> <span class='ocrx_word' id='word_1_613' title='bbox 1557 3321 1678 3386; x_wconf 88' lang='lat' dir='ltr'><strong>addidit.</strong></span> 
     </span>
     <span class='ocr_line' id='line_1_89' title="bbox 899 3410 1678 3490; baseline 0.003 -21"><span class='ocrx_word' id='word_1_614' title='bbox 899 3410 1042 3471; x_wconf 77' lang='lat' dir='ltr'><strong>Praeterea</strong></span> <span class='ocrx_word' id='word_1_615' title='bbox 1065 3433 1120 3490; x_wconf 93' lang='lat' dir='ltr'><strong>pro</strong></span> <span class='ocrx_word' id='word_1_616' title='bbox 1141 3411 1182 3470; x_wconf 76' lang='grc' dir='ltr'><strong>ἐπ’</strong></span> <span class='ocrx_word' id='word_1_617' title='bbox 1198 3411 1317 3481; x_wconf 73' lang='grc' dir='ltr'>ἀλλήλων</span> <span class='ocrx_word' id='word_1_618' title='bbox 1328 3411 1471 3488; x_wconf 92' lang='lat' dir='ltr'><strong>Simplicii</strong></span> <span class='ocrx_word' id='word_1_619' title='bbox 1490 3412 1575 3472; x_wconf 92' lang='lat' dir='ltr'><strong>codd.</strong></span> <span class='ocrx_word' id='word_1_620' title='bbox 1591 3413 1624 3473; x_wconf 90' lang='lat' dir='ltr'><strong>C.</strong></span> <span class='ocrx_word' id='word_1_621' title='bbox 1642 3415 1678 3477; x_wconf 86' lang='lat' dir='ltr'><strong>D.</strong></span> 
     </span>
     <span class='ocr_line' id='line_1_90' title="bbox 899 3497 1678 3577; baseline 0.003 -19"><span class='ocrx_word' id='word_1_622' title='bbox 899 3499 1029 3577; x_wconf 84' lang='lat' dir='ltr'><strong>praebent</strong></span> <span class='ocrx_word' id='word_1_623' title='bbox 1048 3502 1095 3560; x_wconf 82' lang='grc' dir='ltr'><strong>ἀπ’</strong></span> <span class='ocrx_word' id='word_1_624' title='bbox 1115 3497 1256 3570; x_wconf 76' lang='grc' dir='ltr'>ἀλλήλων,</span> <span class='ocrx_word' id='word_1_625' title='bbox 1281 3499 1324 3556; x_wconf 90' lang='lat' dir='ltr'><strong>uti</strong></span> <span class='ocrx_word' id='word_1_626' title='bbox 1348 3497 1479 3556; x_wconf 86' lang='lat' dir='ltr'><strong>Sturzius</strong></span> <span class='ocrx_word' id='word_1_627' title='bbox 1504 3513 1678 3561; x_wconf 86' lang='lat' dir='ltr'><strong>correxerat.</strong></span> 
     </span>
     <span class='ocr_line' id='line_1_91' title="bbox 900 3583 1678 3666; baseline 0.001 -21"><span class='ocrx_word' id='word_1_628' title='bbox 900 3589 1032 3666; x_wconf 89' lang='lat' dir='ltr'><strong>Denique</strong></span> <span class='ocrx_word' id='word_1_629' title='bbox 1055 3588 1172 3663; x_wconf 77' lang='grc' dir='ltr'>μάλιστα</span> <span class='ocrx_word' id='word_1_630' title='bbox 1193 3585 1364 3643; x_wconf 86' lang='lat' dir='ltr'><strong>Karstenius</strong></span> <span class='ocrx_word' id='word_1_631' title='bbox 1384 3583 1459 3642; x_wconf 90' lang='lat' dir='ltr'><strong>bene</strong></span> <span class='ocrx_word' id='word_1_632' title='bbox 1479 3587 1627 3645; x_wconf 88' lang='lat' dir='ltr'><strong>convertit</strong></span> <span class='ocrx_word' id='word_1_633' title='bbox 1647 3589 1678 3646; x_wconf 93' lang='lat' dir='ltr'><strong>in</strong></span> 
     </span>
     <span class='ocr_line' id='line_1_92' title="bbox 900 3671 1679 3752; baseline -0.003 -18"><span class='ocrx_word' id='word_1_634' title='bbox 900 3675 1015 3751; x_wconf 76' lang='grc' dir='ltr'>ἄμικτα,</span> <span class='ocrx_word' id='word_1_635' title='bbox 1042 3675 1082 3732; x_wconf 87' lang='lat' dir='ltr'><strong>ita</strong></span> <span class='ocrx_word' id='word_1_636' title='bbox 1103 3685 1135 3731; x_wconf 93' lang='lat' dir='ltr'><strong>ut</strong></span> <span class='ocrx_word' id='word_1_637' title='bbox 1154 3673 1221 3730; x_wconf 87' lang='lat' dir='ltr'><strong>talis</strong></span> <span class='ocrx_word' id='word_1_638' title='bbox 1237 3671 1369 3750; x_wconf 89' lang='lat' dir='ltr'><strong>prodiret</strong></span> <span class='ocrx_word' id='word_1_639' title='bbox 1386 3690 1488 3730; x_wconf 86' lang='lat' dir='ltr'><strong>versus</strong></span> <span class='ocrx_word' id='word_1_640' title='bbox 1514 3693 1522 3728; x_wconf 92' lang='lat'><strong>:</strong></span> <span class='ocrx_word' id='word_1_641' title='bbox 1547 3671 1629 3752; x_wconf 73' lang='grc' dir='ltr'>ἐχθρὰ</span> <span class='ocrx_word' id='word_1_642' title='bbox 1651 3672 1679 3732; x_wconf 78' lang='grc' dir='ltr'><strong>δὲ</strong></span> 
     </span>
     <span class='ocr_line' id='line_1_93' title="bbox 901 3757 1680 3837; baseline 0 -17"><span class='ocrx_word' id='word_1_643' title='bbox 901 3765 1022 3820; x_wconf 83' lang='grc' dir='ltr'>πλεῖστον</span> <span class='ocrx_word' id='word_1_644' title='bbox 1034 3763 1079 3820; x_wconf 75' lang='grc' dir='ltr'><strong>ἀπ’</strong></span> <span class='ocrx_word' id='word_1_645' title='bbox 1092 3760 1213 3830; x_wconf 80' lang='grc' dir='ltr'>ἀλλήλοιν</span> <span class='ocrx_word' id='word_1_646' title='bbox 1222 3757 1361 3836; x_wconf 83' lang='grc' dir='ltr'>διέχουσιν,</span> <span class='ocrx_word' id='word_1_647' title='bbox 1371 3759 1481 3835; x_wconf 71' lang='grc' dir='ltr'>ἄμικτα,</span> <span class='ocrx_word' id='word_1_648' title='bbox 1492 3779 1577 3837; x_wconf 87' lang='lat' dir='ltr'><strong>quem</strong></span> <span class='ocrx_word' id='word_1_649' title='bbox 1587 3775 1680 3821; x_wconf 86' lang='lat' dir='ltr'><strong>trans·</strong></span> 
     </span>
     <span class='ocr_line' id='line_1_94' title="bbox 899 3844 1678 3929; baseline 0.003 -22"><span class='ocrx_word' id='word_1_650' title='bbox 899 3850 1004 3929; x_wconf 90' lang='lat' dir='ltr'><strong>positis</strong></span> <span class='ocrx_word' id='word_1_651' title='bbox 1018 3868 1083 3907; x_wconf 91' lang='lat' dir='ltr'><strong>cum</strong></span> <span class='ocrx_word' id='word_1_652' title='bbox 1095 3848 1207 3906; x_wconf 87' lang='lat' dir='ltr'><strong>Steinio</strong></span> <span class='ocrx_word' id='word_1_653' title='bbox 1226 3846 1320 3904; x_wconf 88' lang='lat' dir='ltr'><strong>tribus</strong></span> <span class='ocrx_word' id='word_1_654' title='bbox 1333 3844 1430 3904; x_wconf 86' lang='lat' dir='ltr'><strong>verbis</strong></span> <span class='ocrx_word' id='word_1_655' title='bbox 1445 3847 1488 3906; x_wconf 91' lang='lat' dir='ltr'><strong>sic</strong></span> <span class='ocrx_word' id='word_1_656' title='bbox 1503 3849 1657 3909; x_wconf 86' lang='lat' dir='ltr'><strong>emendavi</strong></span> <span class='ocrx_word' id='word_1_657' title='bbox 1671 3874 1678 3909; x_wconf 92' lang='lat'><strong>:</strong></span> 
     </span>
     <span class='ocr_line' id='line_1_95' title="bbox 899 3931 1626 4017; baseline 0.001 -21"><span class='ocrx_word' id='word_1_658' title='bbox 899 3937 979 4017; x_wconf 80' lang='grc' dir='ltr'>έχθρδι</span> <span class='ocrx_word' id='word_1_659' title='bbox 993 3937 1017 3996; x_wconf 81' lang='grc' dir='ltr'><strong>δ’</strong></span> <span class='ocrx_word' id='word_1_660' title='bbox 1034 3935 1079 3996; x_wconf 79' lang='grc' dir='ltr'><strong>ἀπ’</strong></span> <span class='ocrx_word' id='word_1_661' title='bbox 1092 3935 1213 4006; x_wconf 73' lang='grc' dir='ltr'>ἀλλήλων</span> <span class='ocrx_word' id='word_1_662' title='bbox 1230 3935 1353 3993; x_wconf 79' lang='grc' dir='ltr'>πλεῖστον</span> <span class='ocrx_word' id='word_1_663' title='bbox 1367 3931 1498 4012; x_wconf 83' lang='grc' dir='ltr'>διέχουσιν</span> <span class='ocrx_word' id='word_1_664' title='bbox 1513 3934 1626 4012; x_wconf 77' lang='grc' dir='ltr'>ἄμικτα.</span> 
     </span>
    </p>

    <p class='ocr_par' dir='ltr' id='par_1_13' title="bbox 899 4016 1682 5239">
     <span class='ocr_line' id='line_1_96' title="bbox 938 4016 1682 4102; baseline 0.005 -22"><span class='ocrx_word' id='word_1_665' title='bbox 938 4024 987 4084; x_wconf 85' lang='lat' dir='ltr'><strong>Vs.</strong></span> <span class='ocrx_word' id='word_1_666' title='bbox 1004 4025 1071 4082; x_wconf 78' lang='lat'><strong>268.</strong></span> <span class='ocrx_word' id='word_1_667' title='bbox 1082 4021 1160 4102; x_wconf 80' lang='grc' dir='ltr'>γέννη</span> <span class='ocrx_word' id='word_1_668' title='bbox 1174 4016 1274 4080; x_wconf 73' lang='grc' dir='ltr'>ττκτλ.</span> <span class='ocrx_word' id='word_1_669' title='bbox 1285 4020 1296 4098; x_wconf 84' lang='grc'><strong>]</strong></span> <span class='ocrx_word' id='word_1_670' title='bbox 1306 4020 1398 4079; x_wconf 84' lang='lat' dir='ltr'><strong>codd.</strong></span> <span class='ocrx_word' id='word_1_671' title='bbox 1408 4021 1495 4079; x_wconf 91' lang='lat' dir='ltr'><strong>lectio</strong></span> <span class='ocrx_word' id='word_1_672' title='bbox 1507 4021 1585 4100; x_wconf 76' lang='grc' dir='ltr'>γέννῃ</span> <span class='ocrx_word' id='word_1_673' title='bbox 1597 4027 1682 4102; x_wconf 89' lang='lat' dir='ltr'><strong>cujus</strong></span> 
     </span>
     <span class='ocr_line' id='line_1_97' title="bbox 899 4107 1680 4190; baseline 0.001 -19"><span class='ocrx_word' id='word_1_674' title='bbox 899 4113 965 4171; x_wconf 91' lang='lat' dir='ltr'><strong>loco</strong></span> <span class='ocrx_word' id='word_1_675' title='bbox 977 4111 1148 4169; x_wconf 87' lang='lat' dir='ltr'><strong>Karstenius</strong></span> <span class='ocrx_word' id='word_1_676' title='bbox 1165 4122 1193 4167; x_wconf 92' lang='lat' dir='ltr'><strong>et</strong></span> <span class='ocrx_word' id='word_1_677' title='bbox 1206 4109 1334 4167; x_wconf 91' lang='lat' dir='ltr'><strong>Steinius</strong></span> <span class='ocrx_word' id='word_1_678' title='bbox 1354 4120 1516 4185; x_wconf 90' lang='lat' dir='ltr'><strong>posuerunt</strong></span> <span class='ocrx_word' id='word_1_679' title='bbox 1526 4107 1614 4190; x_wconf 68' lang='grc' dir='ltr'>γέννᾳ.</span> <span class='ocrx_word' id='word_1_680' title='bbox 1635 4112 1680 4172; x_wconf 86' lang='lat' dir='ltr'><strong>Cf.</strong></span> 
     </span>
     <span class='ocr_line' id='line_1_98' title="bbox 899 4196 1681 4277; baseline -0.005 -19"><span class='ocrx_word' id='word_1_681' title='bbox 899 4201 1002 4277; x_wconf 85' lang='lat' dir='ltr'><strong>Eurip.</strong></span> <span class='ocrx_word' id='word_1_682' title='bbox 1012 4199 1097 4258; x_wconf 86' lang='lat' dir='ltr'><strong>Rhes.</strong></span> <span class='ocrx_word' id='word_1_683' title='bbox 1107 4217 1150 4257; x_wconf 85' lang='lat' dir='ltr'><strong>vs.</strong></span> <span class='ocrx_word' id='word_1_684' title='bbox 1164 4197 1234 4274; x_wconf 82' lang='lat'><strong>905,</strong></span> <span class='ocrx_word' id='word_1_685' title='bbox 1246 4196 1681 4256; x_wconf 81' lang='lat' dir='ltr'><strong>Phoen.rs.130etaliaexem·</strong></span> 
     </span>
     <span class='ocr_line' id='line_1_99' title="bbox 901 4281 1681 4366; baseline -0.005 -20"><span class='ocrx_word' id='word_1_686' title='bbox 901 4289 963 4366; x_wconf 90' lang='lat' dir='ltr'><strong>pla,</strong></span> <span class='ocrx_word' id='word_1_687' title='bbox 977 4289 1008 4345; x_wconf 87' lang='lat' dir='ltr'><strong>in</strong></span> <span class='ocrx_word' id='word_1_688' title='bbox 1032 4286 1183 4362; x_wconf 85' lang='lat' dir='ltr'><strong>tragoediis</strong></span> <span class='ocrx_word' id='word_1_689' title='bbox 1204 4285 1309 4356; x_wconf 84' lang='lat' dir='ltr'><strong>obvia,</strong></span> <span class='ocrx_word' id='word_1_690' title='bbox 1335 4281 1494 4360; x_wconf 91' lang='lat' dir='ltr'><strong>inquibus</strong></span> <span class='ocrx_word' id='word_1_691' title='bbox 1519 4306 1536 4340; x_wconf 90' lang='grc' dir='ltr'><strong>α</strong></span> <span class='ocrx_word' id='word_1_692' title='bbox 1560 4297 1681 4362; x_wconf 87' lang='lat' dir='ltr'><strong>propter</strong></span> 
     </span>
     <span class='ocr_line' id='line_1_100' title="bbox 901 4370 1680 4433; baseline -0.004 0"><span class='ocrx_word' id='word_1_693' title='bbox 901 4375 1017 4433; x_wconf 89' lang='lat' dir='ltr'><strong>chorica</strong></span> <span class='ocrx_word' id='word_1_694' title='bbox 1035 4375 1164 4433; x_wconf 89' lang='lat' dir='ltr'><strong>carmina</strong></span> <span class='ocrx_word' id='word_1_695' title='bbox 1186 4374 1256 4432; x_wconf 89' lang='lat' dir='ltr'><strong>satis</strong></span> <span class='ocrx_word' id='word_1_696' title='bbox 1279 4371 1475 4430; x_wconf 88' lang='lat' dir='ltr'><strong>excusationis</strong></span> <span class='ocrx_word' id='word_1_697' title='bbox 1490 4370 1586 4432; x_wconf 89' lang='lat' dir='ltr'><strong>habet.</strong></span> <span class='ocrx_word' id='word_1_698' title='bbox 1608 4371 1680 4430; x_wconf 85' lang='lat' dir='ltr'><strong>Nam</strong></span> 
     </span>
     <span class='ocr_line' id='line_1_101' title="bbox 900 4459 1679 4542; baseline -0.003 -21"><span class='ocrx_word' id='word_1_699' title='bbox 900 4463 1050 4542; x_wconf 88' lang='lat' dir='ltr'><strong>Euripidis</strong></span> <span class='ocrx_word' id='word_1_700' title='bbox 1063 4481 1165 4522; x_wconf 80' lang='lat' dir='ltr'><strong>versus</strong></span> <span class='ocrx_word' id='word_1_701' title='bbox 1184 4461 1260 4538; x_wconf 91' lang='lat' dir='ltr'><strong>apud</strong></span> <span class='ocrx_word' id='word_1_702' title='bbox 1278 4459 1497 4519; x_wconf 78' lang='lat' dir='ltr'><strong>Valckenarium</strong></span> <span class='ocrx_word' id='word_1_703' title='bbox 1512 4462 1604 4522; x_wconf 84' lang='lat' dir='ltr'><strong>lliatr.</strong></span> <span class='ocrx_word' id='word_1_704' title='bbox 1618 4482 1647 4540; x_wconf 88' lang='lat' dir='ltr'><strong>p.</strong></span> <span class='ocrx_word' id='word_1_705' title='bbox 1661 4464 1679 4520; x_wconf 92' lang='lat'>6</span> 
     </span>
     <span class='ocr_line' id='line_1_102' title="bbox 900 4546 1680 4630; baseline -0.003 -21"><span class='ocrx_word' id='word_1_706' title='bbox 900 4555 999 4623; x_wconf 89' lang='grc' dir='ltr'>θνητῶν</span> <span class='ocrx_word' id='word_1_707' title='bbox 1015 4573 1043 4608; x_wconf 83' lang='grc' dir='ltr'>τε</span> <span class='ocrx_word' id='word_1_708' title='bbox 1066 4551 1159 4630; x_wconf 75' lang='grc' dir='ltr'>γέννᾳ·</span> <span class='ocrx_word' id='word_1_709' title='bbox 1179 4553 1231 4607; x_wconf 89' lang='grc' dir='ltr'>τῶν</span> <span class='ocrx_word' id='word_1_710' title='bbox 1246 4546 1294 4623; x_wconf 78' lang='grc' dir='ltr'>μὲν</span> <span class='ocrx_word' id='word_1_711' title='bbox 1316 4547 1422 4613; x_wconf 78' lang='grc' dir='ltr'>αὔξεται</span> <span class='ocrx_word' id='word_1_712' title='bbox 1439 4549 1493 4626; x_wconf 83' lang='grc' dir='ltr'>βίος</span> <span class='ocrx_word' id='word_1_713' title='bbox 1516 4549 1600 4608; x_wconf 85' lang='lat' dir='ltr'><strong>citari</strong></span> <span class='ocrx_word' id='word_1_714' title='bbox 1621 4570 1680 4608; x_wconf 90' lang='lat' dir='ltr'><strong>non</strong></span> 
     </span>
     <span class='ocr_line' id='line_1_103' title="bbox 901 4636 1681 4714; baseline -0.006 -15"><span class='ocrx_word' id='word_1_715' title='bbox 901 4639 1025 4699; x_wconf 89' lang='lat' dir='ltr'><strong>debebat</strong></span> <span class='ocrx_word' id='word_1_716' title='bbox 1037 4658 1053 4697; x_wconf 93' lang='lat' dir='ltr'><strong>a</strong></span> <span class='ocrx_word' id='word_1_717' title='bbox 1065 4639 1218 4697; x_wconf 87' lang='lat' dir='ltr'><strong>Karstenio</strong></span> <span class='ocrx_word' id='word_1_718' title='bbox 1229 4639 1266 4695; x_wconf 91' lang='lat' dir='ltr'><strong>ad</strong></span> <span class='ocrx_word' id='word_1_719' title='bbox 1279 4636 1443 4714; x_wconf 86' lang='lat' dir='ltr'><strong>Empedocl.</strong></span> <span class='ocrx_word' id='word_1_720' title='bbox 1455 4657 1484 4714; x_wconf 91' lang='lat' dir='ltr'><strong>p.</strong></span> <span class='ocrx_word' id='word_1_721' title='bbox 1498 4657 1556 4694; x_wconf 86' lang='lat' dir='ltr'><strong>aoo</strong></span> <span class='ocrx_word' id='word_1_722' title='bbox 1567 4649 1596 4695; x_wconf 88' lang='lat' dir='ltr'><strong>et</strong></span> <span class='ocrx_word' id='word_1_723' title='bbox 1611 4639 1681 4713; x_wconf 89' lang='lat'><strong>196,</strong></span> 
     </span>
     <span class='ocr_line' id='line_1_104' title="bbox 901 4723 1682 4803; baseline -0.004 -18"><span class='ocrx_word' id='word_1_724' title='bbox 901 4727 1043 4803; x_wconf 91' lang='lat' dir='ltr'><strong>siquidem</strong></span> <span class='ocrx_word' id='word_1_725' title='bbox 1058 4724 1265 4783; x_wconf 79' lang='lat' dir='ltr'><strong>Valckenarius</strong></span> <span class='ocrx_word' id='word_1_726' title='bbox 1280 4723 1382 4782; x_wconf 88' lang='lat' dir='ltr'><strong>invitis</strong></span> <span class='ocrx_word' id='word_1_727' title='bbox 1394 4723 1481 4781; x_wconf 87' lang='lat' dir='ltr'><strong>libris</strong></span> <span class='ocrx_word' id='word_1_728' title='bbox 1492 4723 1631 4782; x_wconf 90' lang='lat' dir='ltr'><strong>omnibus</strong></span> <span class='ocrx_word' id='word_1_729' title='bbox 1642 4728 1682 4782; x_wconf 93' lang='lat' dir='ltr'><strong>ita</strong></span> 
     </span>
     <span class='ocr_line' id='line_1_105' title="bbox 900 4811 1678 4891; baseline -0.008 -19"><span class='ocrx_word' id='word_1_730' title='bbox 900 4813 993 4872; x_wconf 88' lang='lat' dir='ltr'><strong>edidit</strong></span> <span class='ocrx_word' id='word_1_731' title='bbox 1004 4833 1059 4891; x_wconf 92' lang='lat' dir='ltr'><strong>pro</strong></span> <span class='ocrx_word' id='word_1_732' title='bbox 1074 4811 1306 4870; x_wconf 91' lang='lat' dir='ltr'><strong>membranarum</strong></span> <span class='ocrx_word' id='word_1_733' title='bbox 1320 4811 1466 4887; x_wconf 87' lang='lat' dir='ltr'><strong>scriptura</strong></span> <span class='ocrx_word' id='word_1_734' title='bbox 1480 4814 1579 4883; x_wconf 83' lang='grc' dir='ltr'>θνητῶν</span> <span class='ocrx_word' id='word_1_735' title='bbox 1591 4833 1619 4866; x_wconf 85' lang='grc' dir='ltr'>τε</span> <span class='ocrx_word' id='word_1_736' title='bbox 1633 4833 1678 4886; x_wconf 82' lang='grc' dir='ltr'><strong>γι·</strong></span> 
     </span>
     <span class='ocr_line' id='line_1_106' title="bbox 899 4897 1678 4982; baseline -0.004 -24"><span class='ocrx_word' id='word_1_737' title='bbox 899 4909 960 4982; x_wconf 65' lang='lat' dir='ltr'><strong>raas·</strong></span> <span class='ocrx_word' id='word_1_738' title='bbox 982 4901 1036 4966; x_wconf 84' lang='grc' dir='ltr'>τοῖς</span> <span class='ocrx_word' id='word_1_739' title='bbox 1063 4899 1110 4975; x_wconf 76' lang='grc' dir='ltr'>μὲν</span> <span class='ocrx_word' id='word_1_740' title='bbox 1137 4897 1243 4966; x_wconf 78' lang='grc' dir='ltr'>αὔξεται</span> <span class='ocrx_word' id='word_1_741' title='bbox 1265 4897 1330 4975; x_wconf 82' lang='grc' dir='ltr'>βίος.</span> <span class='ocrx_word' id='word_1_742' title='bbox 1357 4897 1424 4958; x_wconf 91' lang='lat' dir='ltr'><strong>vid.</strong></span> <span class='ocrx_word' id='word_1_743' title='bbox 1449 4897 1552 4974; x_wconf 88' lang='lat' dir='ltr'><strong>Eurip.</strong></span> <span class='ocrx_word' id='word_1_744' title='bbox 1576 4897 1678 4969; x_wconf 86' lang='lat' dir='ltr'><strong>fragm.</strong></span> 
     </span>
     <span class='ocr_line' id='line_1_107' title="bbox 900 4983 1677 5066; baseline -0.013 -20"><span class='ocrx_word' id='word_1_745' title='bbox 900 5009 928 5066; x_wconf 90' lang='lat' dir='ltr'><strong>p.</strong></span> <span class='ocrx_word' id='word_1_746' title='bbox 951 5008 1007 5061; x_wconf 86' lang='lat'><strong>717</strong></span> <span class='ocrx_word' id='word_1_747' title='bbox 1031 4987 1076 5046; x_wconf 88' lang='lat' dir='ltr'><strong>ed.</strong></span> <span class='ocrx_word' id='word_1_748' title='bbox 1089 4986 1223 5063; x_wconf 84' lang='lat' dir='ltr'><strong>Wagner.</strong></span> <span class='ocrx_word' id='word_1_749' title='bbox 1239 4984 1323 5062; x_wconf 81' lang='lat' dir='ltr'><strong>Apud</strong></span> <span class='ocrx_word' id='word_1_750' title='bbox 1340 4983 1540 5044; x_wconf 83' lang='lat' dir='ltr'><strong>Parmenidem</strong></span> <span class='ocrx_word' id='word_1_751' title='bbox 1558 5000 1599 5040; x_wconf 85' lang='lat' dir='ltr'><strong>vs.</strong></span> <span class='ocrx_word' id='word_1_752' title='bbox 1615 4983 1653 5038; x_wconf 80' lang='grc' dir='ltr'><strong>θα</strong></span> <span class='ocrx_word' id='word_1_753' title='bbox 1670 5002 1677 5036; x_wconf 91' lang='lat'><strong>:</strong></span> 
     </span>
     <span class='ocr_line' id='line_1_108' title="bbox 901 5067 1679 5154; baseline -0.013 -21"><span class='ocrx_word' id='word_1_754' title='bbox 901 5073 928 5133; x_wconf 77' lang='lat' dir='ltr'><strong>ir</strong></span> <span class='ocrx_word' id='word_1_755' title='bbox 950 5073 1064 5154; x_wconf 79' lang='grc' dir='ltr'>ίυνεχές.</span> <span class='ocrx_word' id='word_1_756' title='bbox 1095 5074 1153 5132; x_wconf 89' lang='grc' dir='ltr'>τίνα</span> <span class='ocrx_word' id='word_1_757' title='bbox 1173 5071 1224 5152; x_wconf 76' lang='grc' dir='ltr'><strong>γδρ</strong></span> <span class='ocrx_word' id='word_1_758' title='bbox 1246 5069 1338 5151; x_wconf 84' lang='grc' dir='ltr'>γίννην</span> <span class='ocrx_word' id='word_1_759' title='bbox 1361 5068 1477 5140; x_wconf 79' lang='grc' dir='ltr'>διζήσιαι</span> <span class='ocrx_word' id='word_1_760' title='bbox 1502 5069 1599 5139; x_wconf 83' lang='grc' dir='ltr'>αθτοῦ;</span> <span class='ocrx_word' id='word_1_761' title='bbox 1621 5067 1679 5124; x_wconf 85' lang='lat' dir='ltr'><strong>flu·</strong></span> 
     </span>
     <span class='ocr_line' id='line_1_109' title="bbox 901 5153 1677 5239; baseline -0.014 -17"><span class='ocrx_word' id='word_1_762' title='bbox 901 5175 999 5222; x_wconf 90' lang='lat' dir='ltr'><strong>ctuant</strong></span> <span class='ocrx_word' id='word_1_763' title='bbox 1020 5161 1134 5221; x_wconf 90' lang='lat' dir='ltr'><strong>codices</strong></span> <span class='ocrx_word' id='word_1_764' title='bbox 1156 5163 1233 5220; x_wconf 90' lang='lat' dir='ltr'><strong>inter</strong></span> <span class='ocrx_word' id='word_1_765' title='bbox 1258 5159 1351 5239; x_wconf 81' lang='grc' dir='ltr'>γένναν</span> <span class='ocrx_word' id='word_1_766' title='bbox 1379 5169 1408 5216; x_wconf 90' lang='lat' dir='ltr'><strong>et</strong></span> <span class='ocrx_word' id='word_1_767' title='bbox 1431 5155 1535 5236; x_wconf 71' lang='grc' dir='ltr'>γέννην.</span> <span class='ocrx_word' id='word_1_768' title='bbox 1565 5153 1677 5214; x_wconf 89' lang='lat' dir='ltr'><strong>Etenim</strong></span> 
     </span>
    </p>
   </div>
   <div class='ocr_carea' id='block_1_7' title="bbox 0 0 1925 5926">
    <p class='ocr_par' dir='ltr' id='par_1_14' title="bbox 0 0 1925 5926">
     <span class='ocr_line' id='line_1_110' title="bbox 0 0 1925 5926; baseline 0 0"><span class='ocrx_word' id='word_1_769' title='bbox 0 0 1925 5926; x_wconf 95' lang='lat' dir='ltr'><strong> </strong></span> 
     </span>
    </p>
   </div>
  </div>
 </body>
</html>
