3696 5922
255 441 1150 524 ffimwffimga
1461 458 1474 485 -.

569 652 658 765 DE
700 649 1101 767 DEMOCRITO
1146 651 1513 769 ABDERITA.

905 907 1189 944 ψ

282 1105 324 1165 Ex
338 1106 398 1165 illis
412 1107 538 1184 quiante
551 1105 731 1164 Aristotelem
745 1125 840 1164 rerum
853 1106 1017 1166 divinarum
1067 1128 1118 1168 nes
1140 1108 1301 1186 permultos
1319 1107 1484 1180 audivisse,
1507 1129 1560 1168 nec
1582 1110 1615 1168 in
1637 1115 1817 1188 componendis

244 1194 493 1270 humanarumque
516 1193 683 1267 cognitione
706 1192 905 1250 excelluerunt
934 1213 1018 1251 nemo
1065 1195 1201 1271 adjuncta
1212 1195 1455 1252 demonstratione
1468 1194 1584 1252 lineisa
1601 1215 1743 1272 quoquam
1754 1220 1817 1274 sipe-

243 1285 350 1361 estqui
368 1283 413 1340 vel
433 1281 606 1340 eruditionis
628 1280 820 1358 amplitudine
836 1300 869 1338 ac
883 1282 1020 1339 varietate
1066 1295 1159 1341 ratum
1174 1300 1253 1353 esse,
1271 1299 1307 1338 ne
1326 1280 1363 1338 ab
1374 1281 1412 1338 iis
1426 1281 1542 1357 quidem
1560 1283 1614 1356 qui
1634 1283 1817 1361 Arpedomptae

245 1370 289 1426 vel
305 1369 414 1442 ingenii
436 1367 633 1443 magnitudine
648 1379 676 1424 et
689 1368 854 1444 praestantia
868 1369 1018 1426 Democri·
1066 1368 1141 1446 apud
1162 1368 1311 1446 AEgyptios
1332 1378 1480 1441 vocentur,
1500 1369 1578 1445 apud
1596 1389 1675 1445 quos
1696 1384 1818 1447 posquam

243 1469 303 1514 tum
327 1457 481 1534 superarit.
500 1456 593 1531 liujus
615 1469 725 1532 putrem
752 1455 803 1512 alii
831 1455 1016 1530 antiquorum
1066 1469 1234 1514 ceterorum
1246 1455 1376 1513 omnium
1394 1468 1487 1514 terras
1504 1455 1819 1536 adierit,octogintaper
1841 1505 1842 1534 Ξ

243 1558 314 1604 teste
330 1545 445 1602 Laertio
462 1543 499 1620 (1)
512 1544 753 1618 liegesistratum,
770 1543 820 1600 alii
839 1542 1015 1600 Athenocri·
1065 1561 1156 1602 annos
1165 1543 1366 1620 peregrinatus
1377 1541 1424 1602 sit.
1712 1620 1715 1624 1
1841 1535 1842 1608 i

244 1645 324 1700 tum,
344 1620 477 1688 nonnulli
492 1630 696 1707 Damasippum
709 1629 906 1688 nominarunt.
921 1629 1019 1687 Patria
1104 1629 1168 1688 Jam
1183 1630 1260 1708 quod
1277 1630 1314 1688 ad
1333 1630 1459 1707 primum
1480 1627 1554 1687 illud
1567 1628 1731 1688 doctissimi
1744 1631 1821 1690 botui-
1841 1695 1842 1700 1

244 1717 308 1793 ejus
333 1717 479 1775 communi
502 1721 630 1774 omnium
654 1717 712 1774 lere
736 1717 850 1774 testium
875 1735 1017 1774 consensu
1066 1717 1112 1775 nis
1124 1719 1240 1776 elsatam
1256 1719 1357 1776 attinet
1368 1736 1427 1793 quo
1437 1714 1725 1793 quadragintaannis
1736 1723 1842 1776 Anaxa-3

245 1801 361 1861 Abdera
381 1802 422 1880 (a)
438 1804 505 1874 luit,
519 1803 651 1860 Thraciae
671 1801 860 1880 oppidulum,
880 1802 1020 1861 illustris-
1066 1823 1136 1878 gora
1149 1825 1181 1865 se
1195 1806 1335 1864 minorem
1357 1803 1446 1874 dicit,
1462 1803 1607 1877 Diogenes
1621 1805 1658 1881 (5)
1680 1819 1822 1865 auctorest

153 1943 155 1952 ,
245 1891 311 1947 simi
327 1891 400 1948 civis
418 1891 492 1947 lama
509 1890 703 1948 nobilitatum.
719 1891 756 1946 At
769 1889 805 1946 de
819 1903 950 1968 tempore
961 1910 1019 1967 qno
1067 1890 1155 1950 luisse
1173 1895 1394 1967 Anaxagoram,
1415 1912 1502 1969 quum
1517 1891 1628 1950 Xerxes
1649 1893 1682 1951 in
1700 1877 1842 1952 Gratiani

244 1977 352 2033 vixerit
380 1989 457 2034 tanta
478 1989 520 2033 est
542 1977 672 2033 omnium
693 1975 855 2048 dissensio,
876 1989 908 2034 ut
928 1997 1020 2053 neque
1066 1980 1194 2050 veniret,
1216 1978 1271 2036 boc
1291 1991 1335 2037 est
1359 1979 1456 2056 primo
1480 1978 1667 2056 Olympiadis
1693 1933 1842 2058 septuageni

244 2087 351 2126 annum
366 2067 430 2144 ejus
448 2067 571 2124 natalem
584 2087 637 2125 nec
648 2069 715 2125 vitae
727 2087 892 2145 supremum
903 2088 919 2126 e
931 2081 1019 2126 vetu-
1065 2065 1145 2122 simae
1158 2065 1267 2141 quintae
1286 2084 1373 2134 anno,
1389 2065 1494 2139 viginti
1509 2084 1653 2122 annorum
1669 2066 1821 2124 adolesoen-

243 2156 295 2212 stis
314 2155 507 2212 monumentis
522 2173 623 2212 eruere
633 2197 641 2225 ,
653 2154 715 2213 sola
730 2167 839 2213 tantum
854 2154 1019 2232 conjectura
1067 2165 1133 2210 tem.
1154 2151 1225 2209 lnde
1245 2165 1340 2230 patet,
1355 2151 1461 2226 viginti
1477 2153 1562 2210 annis
1582 2165 1649 2230 post
1665 2153 1687 2213 i.
1710 2173 1734 2212 e.
1747 2156 1823 2230 primo
1841 2145 1842 2204 1

243 2240 356 2316 assequi
368 2242 523 2318 possimus.
985 2235 987 2240 ’
1064 2238 1247 2316 Olympiadis
1265 2240 1449 2314 octogesimae
1459 2259 1536 2297 anno
1549 2253 1722 2300 natumesse
1734 2243 1820 2304 Demo·

284 2324 355 2384 Tria
381 2328 512 2384 seruntur
530 2327 623 2405 ipsius
648 2327 806 2386 Democriti
827 2325 863 2384 de
888 2328 951 2384 vita
968 2346 1020 2385 sna
1065 2329 1183 2390 critum.
1199 2327 1242 2386 lta
1256 2329 1343 2385 etiam
1367 2327 1678 2405 Apollodorusrerum
1699 2343 1842 2403 gestarunt

245 2414 410 2472 testimonia
421 2433 545 2489 quornm
560 2415 619 2472 duo
632 2427 745 2472 exstant
754 2414 830 2494 apud
843 2415 1015 2489 Diogenem,

244 2502 359 2558 tertium
372 2502 447 2578 apud
461 2501 617 2558 Eusebium
628 2514 656 2559 et
666 2501 839 2560 Clementem
852 2501 1020 2560 Alexandri·

244 2607 322 2645 num.
332 2588 462 2647 Primum
479 2587 610 2647 Laertius
623 2587 660 2666 (3)
674 2607 710 2647 ex
721 2589 802 2648 illius
815 2588 893 2648 libre
906 2589 1018 2667 profert

207 2698 213 2710 ·
243 2676 295 2750 qui
307 2674 405 2752 Μικρὸς
416 2675 564 2750 Διάκοσμος
575 2687 637 2734 erat
650 2677 818 2755 inscriptus.
833 2676 867 2734 ln
884 2677 939 2736 boc
951 2677 1019 2755 pbi-

244 2761 383 2840 losophus
396 2761 590 2821 Abderitanae
606 2762 720 2821 dixerat
738 2783 769 2822 se
780 2765 916 2838 juvenem
932 2764 1020 2822 luisse

1065 2414 1191 2473 calculos
1215 2414 1369 2488 subduxit,
1383 2415 1493 2491 quippe
1516 2415 1567 2490 qui
1587 2415 1781 2474 Democritum
1799 2420 1842 2488 ing

1065 2501 1218 2561 Chronicis
1237 2501 1410 2579 Olympiade
1432 2503 1607 2577 octogesima
1631 2515 1718 2578 partu
1735 2497 1842 2562 editum}

1064 2608 1127 2648 esse
1136 2589 1295 2667 scripserit.
1313 2587 1508 2646 Confirmatur
1528 2588 1680 2648 hocsimul
1698 2587 1842 2650 Aristote-

1066 2676 1103 2736 lis
1114 2677 1153 2753 (6)
1163 2676 1332 2734 auctoritate
1345 2675 1465 2736 Meteor.
1478 2674 1505 2733 11
1518 2695 1583 2754 cap.
1594 2698 1608 2749 7
1624 2689 1681 2735 tam
1691 2680 1827 2756 perspicue
1841 2671 1842 2752 1

1065 2763 1225 2838 loquentis,
1249 2775 1282 2821 ut
1311 2763 1508 2820 Democritum
1536 2775 1603 2840 post
1640 2766 1842 2838 Anaxagoram

244 2869 280 2906 co
295 2862 426 2928 tempore
442 2869 502 2927 quo
514 2867 601 2908 senex
612 2850 720 2908 vixerit
730 2853 933 2928 Anaxagoras,
945 2870 1019 2927 qua·
1064 2850 1175 2909 vixisse
1191 2862 1240 2910 aut
1260 2861 1337 2908 certe
1353 2861 1419 2928 post
1442 2869 1507 2907 eum
1524 2850 1760 2931 philosophatum
1779 2857 1842 2928 esse}

182 2959 190 2969 ·
246 2935 380 3011 draginta
399 2940 484 2996 annis
498 2935 551 2994 illo
573 2936 726 2995 minorem.
749 2936 859 3015 Adjicit
876 2938 1019 3013 Diogenes
1064 2951 1212 3017 appareat.
1225 2937 1284 2996 Alii
1294 2937 1376 2995 aliter
1389 2935 1484 2994 natale
1503 2935 1650 2996 Abderitae
1667 2941 1842 3017 tempusde2

245 3023 366 3082 alterum
381 3023 476 3081 locum
495 3042 555 3099 quo
566 3022 748 3081 Democritus
759 3035 886 3094 testatur,
896 3043 1017 3101 parvum
1066 3025 1171 3084 liniunt
1181 3043 1255 3101 quos
1266 3042 1367 3082 omnes
1376 3041 1603 3082 commemorare
1610 3026 1825 3104 supersedemus.
1841 3055 1842 3094 t

245 3109 497 3168 Diacosmumase
511 3108 702 3186 compositum
721 3128 781 3167 esse
797 3129 874 3168 anno
893 3123 959 3187 post
974 3110 1019 3170 llii
1066 3111 1158 3170 Porro
1179 3112 1275 3170 multae
1299 3112 1448 3189 variaeque
1468 3112 1545 3189 apud
1569 3126 1683 3172 veteres
1705 3115 1741 3172 de
1766 3103 1842 3184 annol

246 3196 390 3254 excidium
413 3196 670 3275 septingentesimo
690 3196 848 3272 trigesimo.
870 3197 905 3255 ln
933 3198 1019 3256 tertio
1065 3201 1159 3259 eversi
1175 3199 1221 3258 liii
1236 3200 1387 3258 sententiae
1402 3199 1535 3271 luerunt,
1552 3200 1692 3276 equibus
1704 3202 1780 3259 illam
1792 3187 1842 3258 bic*

246 3283 404 3357 fragmento
417 3286 455 3361 (1.)
470 3283 548 3360 quod
564 3284 642 3360 apud
655 3284 830 3343 Clementem
845 3284 1020 3343 Alexandri-

246 3390 313 3428 num
324 3369 430 3430 Strom.
447 3371 458 3429 1
471 3383 535 3448 pag.
549 3371 603 3438 301,
617 3369 661 3430 ed.
683 3370 820 3447 Sylburg.
839 3371 912 3448 (tib.
927 3371 939 3430 l
954 3374 970 3448 §
986 3373 1020 3430 15

248 3478 276 3534 p.
298 3459 353 3529 357
370 3457 416 3518 ed.
434 3454 559 3532 Potter.)
579 3469 608 3514 et
619 3458 735 3516 mutatis
744 3458 919 3534 quibusdam
944 3457 1020 3536 apud

248 3544 404 3602 Eusebium
415 3544 507 3622 Praep.
527 3543 637 3618 Evang.
652 3543 704 3604 lib.
723 3542 748 3600 X
774 3566 799 3604 c.
820 3566 836 3603 a
860 3545 1020 3616 invenitur,

248 3632 288 3690 ait
298 3631 450 3702 Abderita,
464 3631 530 3708 plus
546 3651 576 3690 se
585 3644 726 3688 terrarum
738 3651 922 3710 peragrasse,
935 3652 1020 3710 quarn

248 3737 348 3776 eorum
363 3735 537 3795 quemquam
556 3718 607 3795 qui
626 3718 719 3796 ipsius
733 3732 862 3799 tempore
878 3720 1019 3791 vixerint,

249 3805 474 3882 disiunctissime
496 3825 618 3883 quaeque
634 3806 803 3866 lustrantem
825 3808 891 3866 coeli
910 3808 1022 3884 solique

248 3911 353 3966 genera
370 3911 509 3968 cognosse
520 3912 607 3969 quam
628 3893 1022 3970 plurima,eruditoslromi-

281 4111 315 4170 (t)
335 4112 450 4172 Diogenes
464 4113 571 4162 beetlitts
587 4111 629 4162 lib.
647 4114 689 4170 tx.
704 4115 733 4162 31
746 4127 753 4159 :
770 4111 914 4175 Δημόκριτος
923 4113 1021 4174 ‘limot-

249 4181 365 4242 στράτου,
377 4183 400 4230 ol
412 4181 437 4230 tt
450 4179 623 4244 Ἀθηνοκρίτου,
639 4182 696 4238 τινὲς
709 4183 877 4244 Δαμασίππου.
891 4181 928 4231 Gi.
943 4184 1027 4232 suidas

250 4261 273 4295 t.
293 4247 443 4310 Δημόκριτος.
468 4247 572 4296 Eudoeie
595 4250 685 4299 Violet.
708 4251 733 4300 itt
755 4250 848 4300 Villoie.
870 4249 960 4301 toeod
982 4254 1024 4300 Gt.

251 4321 309 4365 tom.
328 4320 335 4366 Ι
352 4329 375 4379 μ.
394 4321 445 4367 tal.
458 4319 557 4366 'l'zetzes
569 4318 632 4367 cntt.
646 4322 669 4369 tt
685 4319 740 4368 bist.
756 4325 784 4368 ot
799 4333 836 4369 rs.
848 4324 894 4370 979
908 4332 932 4382 μ.
946 4323 976 4370 79
988 4321 1025 4369 ed.

251 4385 377 4446 Kiessllng.
394 4387 452 4435 item
462 4387 524 4435 ctrtt.
535 4390 591 4437 11111
601 4388 656 4438 bist.
672 4393 766 4438 46511.
782 4393 812 4439 et
825 4401 849 4451 μ.
865 4392 920 4439 iel.
938 4390 1024 4440 AElian.

250 4459 307 4504 var.
323 4455 386 4504 illst.
400 4455 441 4504 lib.
452 4458 493 4516 tv,
504 4462 543 4506 to.
558 4459 623 4518 orig.
636 4457 724 4507 Pbllos.
735 4471 760 4520 μ.
771 4465 802 4509 eo
814 4459 852 4508 ed.
865 4459 939 4508 Woll.
949 4459 1026 4509 Tlteo·

251 4525 348 4573 rioretus
358 4526 420 4574 1111.
442 4525 522 4587 tque.
540 4529 596 4575 ποθ.
610 4525 700 4588 disput.
714 4529 748 4576 111
761 4537 786 4588 μ.
804 4529 849 4576 tat
864 4531 923 4578 tout.
939 4529 974 4578 tv
987 4527 1026 4579 ed.

250 4593 345 4644 Scltnla.

282 4664 316 4725 (1)
329 4662 435 4712 AEllanus
449 4663 465 4712 1.
478 4675 501 4712 e.
514 4664 550 4714 cl.
561 4663 658 4714 Aristot.
672 4663 703 4714 de
712 4664 780 4715 coelo
788 4665 834 4726 111,
846 4667 869 4715 1.
882 4665 981 4716 ldeteor.
995 4669 1026 4728 11,

252 4739 275 4784 7.
290 4734 342 4782 011.
356 4732 387 4783 de
400 4735 456 4784 Nat.
469 4733 536 4782 deor.
550 4735 572 4795 1,
591 4737 630 4784 13.
642 4736 758 4796 Ροιπμοιι.
770 4734 834 4784 Mela
845 4733 886 4784 lib.
901 4737 933 4795 11,
945 4741 967 4785 t.
986 4739 1027 4788 so·

213 4861 216 4866 ,
252 4805 294 4854 lin.
306 4803 420 4866 Polyblst.
433 4815 487 4864 οιμ.
497 4805 527 4852 11.
540 4804 680 4853 Ammianus
690 4803 845 4853 Marcellinus
858 4803 899 4854 lib.
913 4805 1026 4868 111118.

254 4875 369 4936 Diogenes
385 4873 492 4924 Laertius
504 4873 520 4922 l.
532 4874 548 4923 l.
560 4889 567 4922 ι
578 4874 707 4937 Ἁὸοημίτπς
720 4875 735 4932 ἡ
755 4875 800 4936 (ὡς
812 4874 886 4934 ἔνιοι)
904 4877 1025 4934 Μιλήσιος.

252 4943 318 4992 Adde
326 4944 450 4993 iuvenalis
458 4942 534 4992 schol.
547 4943 578 4992 ad
589 4944 660 4994 satir.
674 4947 695 4993 11
712 4957 776 4992 vers.
790 4950 828 4993 to.

284 5013 321 5074 (11)
334 5013 404 5075 Diog-
415 5015 494 5064 beeri.
508 5015 550 5075 tx,
558 5015 585 5063 tt
602 5031 608 5061 t
621 5015 703 5075 Γέγονε
713 5014 737 5062 δὲ
747 5018 794 5068 τοῖς
809 5013 898 5077 χρόνοις
909 5018 951 5074 (ὼ,
961 5017 1028 5074 αὐτός

254 5097 322 5142 φησιν
334 5082 357 5130 ἐν
368 5085 402 5143 τῷ
416 5087 492 5145 μικρῷ
506 5082 634 5144 Διακόσμῳ
644 5081 654 5144 )
666 5084 716 5137 νίος
728 5081 788 5130 κατὰ
800 5084 928 5146 reproditur
939 5085 1027 5142 Ἀναξα-

254 5149 338 5210 γόραν,
354 5149 427 5198 ίτισιν
440 5152 513 5201 αὐτοῦ
529 5151 637 5214 νεώτερος
650 5150 826 5212 τετταράκοντα.
841 5155 990 5216 συντετάχθαι
1005 5157 1028 5204 δι’

1066 3284 1138 3360 eligi
1159 3285 1295 3342 convenit
1318 3305 1404 3362 qnam
1428 3287 1617 3345 Democriteae
1642 3287 1751 3346 rationi
1771 3310 1826 3344 con-

1066 3389 1171 3444 gruere
1184 3371 1343 3430 verisimile
1354 3384 1407 3431 est.
1419 3371 1544 3431 Phanias
1560 3375 1662 3448 igitur,
1679 3374 1706 3433 si
1728 3377 1827 3450 mrlgare

1067 3459 1141 3516 illud
1155 3459 1302 3533 octoginta
1312 3478 1454 3518 annorum
1475 3460 1661 3518 intervallum
1675 3461 1754 3520 inter
1767 3462 1826 3518 redi·
1841 3507 1842 3534 ,

1067 3542 1128 3602 tuni
1143 3545 1360 3604 Heraclidarum
1380 3559 1409 3604 et
1422 3546 1471 3604 llii
1486 3546 1631 3605 excidium
1647 3550 1782 3626 sumpsit,
1800 3569 1825 3604 er
1841 3537 1842 3614 1

1067 3629 1223 3690 Clementis
1245 3631 1290 3708 (7)
1314 3631 1414 3690 verbis
1444 3630 1564 3708 Trojam
1587 3633 1671 3691 annis
1699 3637 1753 3700 355
1778 3617 1842 3694 autel

1066 3719 1185 3797 Olymp.
1207 3720 1331 3797 primam
1346 3718 1369 3778 i.
1384 3737 1412 3778 e.
1432 3719 1506 3776 1130
1520 3733 1586 3777 ante
1603 3719 1670 3780 Chr.
1689 3741 1720 3776 n.
1736 3734 1823 3796 captam

1067 3825 1130 3866 esse
1149 3807 1257 3866 statuit.
1274 3809 1316 3866 De
1330 3806 1377 3864 bis
1397 3807 1470 3864 1130
1486 3810 1568 3864 annis
1581 3807 1607 3865 si
1628 3809 1687 3878 730
1701 3807 1823 3864 deducun-
1841 3799 1842 3838 3

1068 3905 1127 3966 tur,
1143 3893 1250 3972 reliqui
1261 3912 1373 3954 summa
1388 3904 1443 3963 (οο
1453 3914 1594 3953 annorum
1607 3909 1658 3953 est
1667 3882 1774 3965 Quodsi
1784 3896 1823 3951 De·
1841 3917 1842 3962 j

1068 4131 1124 4178 φησι
1136 4117 1175 4164 τὸν
1189 4115 1269 4178 μικρὸν
1280 4115 1414 4176 Διάκσσμον
1422 4114 1496 4164 ἔτεσιν
1504 4117 1599 4179 ὕστερον
1608 4121 1649 4174 τῆς
1658 4116 1730 4165 'Dion
1739 4117 1824 4166 emm
1841 4123 1842 4136 ³

1068 4183 1192 4245 spretores
1204 4186 1244 4232 καί
1261 4185 1416 4240 ἑπτακοσίοις.
1429 4185 1466 4234 cl.
1480 4183 1585 4232 Eudocia
1599 4185 1661 4233 vtot.
1673 4185 1689 4233 Ι.
1708 4199 1730 4234 c.
1841 4219 1842 4222 κ

1100 4253 1136 4313 (t)
1152 4255 1215 4314 Ἐγὼ
1227 4253 1252 4302 δὲ
1276 4258 1322 4301 τῶν
1334 4253 1386 4301 κατ’
1398 4254 1515 4318 epectasis
1537 4255 1666 4316 ἀνθρώπων
1678 4261 1721 4317 γῆν
1737 4255 1823 4305 sistam

1069 4322 1263 4384 ἔπτπλανησάμην
1280 4325 1390 4386 ίστομέιον
1403 4327 1433 4374 τὰ
1449 4325 1552 4387 μήκιστα
1566 4327 1607 4372 καὶ
1622 4325 1689 4387 &ipat
1709 4342 1733 4374 τι
1744 4325 1776 4370 ατί
1785 4325 1824 4381 rint

1071 4391 1179 4447 πλείστας
1200 4391 1274 4450 εἶδον,
1288 4393 1327 4441 καί
1341 4393 1427 4454 λογίων
1447 4395 1573 4457 ἀνθρώπων
1585 4395 1702 4444 πλείστων
1716 4397 1823 4452 ἐπήκουσα.

1070 4461 1109 4509 καί
1124 4463 1248 4524 γραμμέων
1260 4463 1374 4518 imitatos
1386 4464 1445 4524 μετὰ
1456 4463 1575 4520 &solitast
1587 4465 1662 4522 osset<
1673 4468 1709 4515 κώ
1720 4483 1746 4528 με
1756 4465 1827 4524 senii·

1070 4531 1131 4592 λαξι,
1143 4531 1191 4580 οὐδ’
1201 4533 1223 4579 ol
1237 4531 1370 4594 Αῑγοπτίων
1380 4533 1515 4596 καλεόμενοι
1524 4535 1714 4598 Ἁμπιδονάιτται·
1724 4537 1762 4584 σὺν
1769 4529 1824 4580 ,aa

1071 4602 1108 4650 tal
1125 4607 1184 4652 πᾶσι
1202 4602 1240 4652 ἐπ’
1256 4604 1309 4653 tere
1327 4603 1461 4665 ὀγδώκοντα
1483 4604 1543 4667 (leg.
1557 4606 1637 4664 aiere)
1654 4607 1691 4656 isti
1707 4607 1771 4664 tetra
1785 4603 1823 4664 bt·

1070 4673 1147 4730 vilar·

1102 4744 1137 4804 (5)
1152 4743 1269 4805 Diogenes
1282 4746 1316 4805 11,
1328 4746 1341 4792 7
1356 4763 1362 4793 :
1376 4745 1474 4805 Λέγεται
1486 4745 1511 4794 st
1525 4745 1585 4792 κατὰ
1596 4746 1687 4801 qves
1699 4745 1774 4806 Ξέρξου
1789 4739 1822 4786 αι’·

1071 4812 1140 4860 ὀασιν
1151 4813 1392 4873 strenultatem,
1409 4815 1544 4877 βτὸιωκὲνσι
1559 4814 1583 4862 il
1595 4815 1749 4876 ἑὸδομήκοκτα
1759 4811 1798 4857 δύο.
1841 4817 1842 4850 3

1104 4883 1138 4944 (6)
1154 4884 1363 4934 trianensem.
1382 4887 1440 4943 1t‚7
1457 4903 1464 4932 ι
1482 4884 1666 4944 Ἆνσξαγόραςτα
1683 4884 1744 4944 γάρὸ
1757 4881 1819 4929 iiia&

1072 4953 1149 5012 μένιος
1161 4953 1201 5000 καὶ
1216 4953 1324 5018 πρότερος
1334 4956 1499 5016 Ἆνιξιμὲνηιὸ
1512 4955 1624 5011 Μιλήσιος
1636 4955 1782 5014 ἀπεφήναντο,
1793 4946 1819 4992 ²³5

1071 5021 1159 5070 τούτων
1169 5023 1262 5087 ὕστερος
1274 5025 1416 5087 Δημόκριτος
1426 5027 1439 5074 ὁ
1450 5024 1586 5084 Ὰὸδημίτης.

1103 5093 1137 5151 (7)
1155 5093 1266 5144 clemens
1279 5096 1368 5144 strom.
1387 5095 1398 5143 1
1421 5105 1444 5155 μ.
1460 5097 1504 5143 stt
1517 5093 1555 5143 cd.
1575 5092 1627 5142 Col.
1642 5092 1717 5154 (tom.
1733 5093 1774 5151 tn.
1786 5087 1818 5132 tot

1071 5159 1110 5211 el.
1126 5163 1236 5226 Potter.)
1841 5159 1842 5164 ’

1017 5239 1089 5311 'aso
