3696 5922
515 471 727 534 DEMOCittTl
751 473 997 533 FRAGMENTA.
1506 479 1562 534 aas

19 625 82 677 ευμα
100 600 147 658 καί
157 599 190 659 τό
203 602 232 659 έν
247 599 391 678 Ἡρακλείᾳ
408 604 455 658 τοὺ
469 601 579 662 Πόντου.
597 603 613 677 §
631 612 676 662 iu.
691 600 747 667 Τθς
765 611 770 640 ῖ
789 602 872 662 ὑδατα
882 602 923 661 td
933 605 984 659 τῶν
994 601 1118 679 οὐρανίων
1128 600 1237 662 ὑδάτων.
1251 603 1268 678 S
1280 613 1324 662 17.
1335 600 1382 661 dd
1393 599 1438 659 καί
1449 599 1565 678 μάλιστα

19 693 55 765 ἐφ’
70 689 176 766 ὑψηλῶν
192 685 280 745 τόπων
293 686 379 762 πηγάς
400 686 539 764 φερομένας
562 685 680 764 λέγουσι,
704 687 747 744 διά
790 688 910 756 αὔξεσθαι
932 688 979 754 τὰς
1000 686 1085 764 πηγθις
1109 687 1169 766 περὶ
1196 686 1346 766 χειμερινὰς
1377 686 1490 764 τροπάς,
1518 695 1563 747 τοῦ

19 798 28 839 ς
40 771 241 850 ὑπερκειμένσυς
253 771 363 844 τόπους,
377 772 568 850 παρακειμένου
582 779 628 832 τοῦ
639 774 746 850 λιγομί·
790 775 837 852 μέν
848 775 920 846 ἡλίου
934 775 971 851 μὴ
979 775 1073 850 ὁμοίοις
1085 776 1252 850 ἀκμάζοντος,
1264 778 1314 832 τῶν
1328 775 1354 833 δὲ
1366 773 1470 853 όμύρων
1483 797 1563 853 προσ·

26 861 144 925 Σαάικους
154 858 201 916 κοιλ
214 857 316 937 ἔχοντος
327 862 357 917 ού
367 860 469 939 μακρὰν
478 865 645 938 τῆςκορυφῆς
654 860 747 926 τόπους
789 862 917 934 τιθέντων,
932 863 981 920 ὑπὸ
1000 863 1027 922 δὲ
1049 861 1095 928 τάς
1110 861 1210 941 θερινὰς
1227 861 1273 918 καλ
1288 865 1333 919 τοῦ
1353 861 1427 928 κυνός
1440 859 1488 931 τὴν
1506 862 1565 918 tru-

19 956 72 1026 ιχεῑς
87 947 130 1006 καί
146 944 329 1026 φαραγγώδεις
342 947 387 1004 καὶ
407 945 561 1021 δυναμένους
579 948 612 1004 τὰ
636 949 746 1005 πλεῖστα
789 949 866 1020 τολλν
884 948 1031 1009 τούναντίον
1053 947 1175 1027 πάσχειν.
1191 949 1208 1024 S
1226 959 1273 1012 18.
1297 948 1518 1027 Διαγινώσκεσθαι
1539 947 1566 1005 δέ

19 1032 157 1111 νούρσνίων
171 1032 276 1090 ὑδάτων
295 1030 427 1110 δέχεσθαι.
452 1034 469 1107 §
496 1043 540 1093 11.
555 1033 612 1100 Τάς
636 1031 682 1108 μέν
702 1025 745 1091 ούν
788 1034 834 1102 τὰς
851 1034 1032 1114 εὑρισκομίνας
1046 1033 1132 1113 πηγάς
1151 1035 1196 1092 καί
1209 1033 1255 1099 τδς
1268 1033 1376 1100 induite<
1393 1033 1501 1112 τοιούτιρ
1515 1034 1565 1091 τινὶ

19 1123 116 1200 ῥρύτους
127 1119 216 1196 πηγάς
228 1119 354 1197 ὑπάρχειν
367 1119 552 1196 ἀποφαίνονται
563 1120 605 1179 διὰ
615 1121 661 1186 τάς
672 1121 746 1192 δεδη·
789 1123 888 1201 τρόπῳ.
913 1125 930 1198 S
955 1131 1000 1182 Ιθ.
1025 1121 1084 1191 Τὴν
1108 1120 1155 1196 μὲν
1175 1119 1225 1199 γάρ
1247 1125 1391 1198 εὑρεθεῖσαν
1412 1119 1499 1198 πηγὴν
1514 1121 1566 1180 ἀπὸ

19 1207 88 1284 μένας
100 1207 197 1270 αἰτίας.
212 1197 286 1263 Εἶναι
302 1205 385 1262 δὲκαὶ
398 1209 423 1264 ἐν
437 1206 489 1272 τοῖς
509 1206 638 1272 πλείστοις
656 1206 746 1284 μέρεσι
790 1209 882 1285 φλεύὸς
896 1213 1012 1285 εὐγενοῦς
1030 1207 1132 1287 πραέως
1146 1207 1191 1265 καὶ
1206 1205 1351 1286 ἀρξαμένην
1374 1208 1438 1286 ῥέειν
1451 1207 1565 1266 έπίδοσίν

19 1299 75 1368 :iit
88 1291 184 1370 φλὲύας
202 1291 313 1370 ἐχούσας
327 1291 406 1369 ὕδωρ.
427 1293 444 1367 §
470 1303 512 1352 12.
533 1293 659 1370 Καθάπερ
678 1292 745 1370 γάρ,
790 1318 817 1353 τε
833 1297 901 1354 κατθι
921 1295 1011 1373 μικρὸν
1033 1297 1177 1364 ποιεῖσθαι,
1196 1293 1241 1352 καί
1256 1294 1304 1360 ἕως
1326 1294 1392 1360 τινδς
1413 1293 1565 1365 odientium

19 1380 51 1450 τί,
65 1379 107 1436 καί
125 1377 169 1436 ἐπί
185 1381 240 1435 τῶν
264 1377 388 1458 ἀμψύχων
407 1378 538 1454 σωμάτων
559 1379 695 1454 συμὺαίνει
718 1378 747 1438 τὸ
790 1383 918 1456 διαμένειν
936 1383 1045 1454 ὁμοίοις,
1057 1379 1074 1452 ἢ
1085 1381 1132 1450 τὴν
1146 1380 1228 1452 αὐτὴν
1244 1379 1312 1458 ἔχειν
1325 1380 1358 1438 δι’
1367 1381 1428 1438 ὅλου
1442 1382 1514 1459 ῥύσιν
1532 1385 1565 1458 τῇ

19 1491 34 1522 ιν
46 1471 118 1539 σῶμα
136 1464 217 1544 φλεψλ
232 1463 278 1522 καί
292 1465 425 1544 ἀρτηρίαις
439 1468 584 1546 διειλῆφθαι
602 1466 745 1544 συνεχέσιν,
789 1469 814 1536 ἐξ
829 1471 912 1547 ἀρχῆς
923 1468 1071 1547 εὑρεθείση,
1084 1467 1115 1525 θν
1131 1466 1194 1542 μήτι
1209 1468 1315 1544 ἐλλείπῃ
1327 1465 1369 1524 dod
1381 1465 1427 1536 τὴν
1440 1471 1484 1524 τοῦ
1494 1466 1567 1545 ἀέρος
1580 1459 1581 1462 ¹

19 1577 42 1610 ,οι
55 1552 97 1609 καί
116 1556 141 1610 έν
153 1555 186 1629 τῆ
199 1556 236 1630 γῇ
250 1551 345 1619 τόπους
355 1575 384 1610 τε
398 1552 503 1630 ἀραιούς
524 1553 658 1632 ὑπάρχειν,
673 1554 748 1630 ἀέρος
789 1554 941 1631 περίστασιν
952 1554 969 1625 ἢ
982 1557 1067 1632 ἐπιθῇ,
1083 1556 1100 1630 S
1114 1564 1160 1613 iu.
1174 1557 1199 1614 Τ
1200 1553 1230 1620 ἀς
1244 1553 1354 1618 λιὺάδας
1372 1554 1398 1611 δέ
1418 1551 1447 1610 ού
1461 1575 1524 1632 φασι
1538 1554 1567 1610 τό

19 1639 176 1716 dissuimus,
191 1639 240 1696 καλ
255 1637 352 1718 ρλέόας
373 1637 440 1718 ὕδωρ
456 1640 635 1718 ἀχούσας,καλ
654 1639 681 1696 έν
694 1663 747 1698 τισι
789 1644 877 1718 ὅμοιον
900 1643 994 1716 ποιεῖν,
1018 1641 1075 1698 ἀλλ’
1098 1643 1125 1700 ἐν
1150 1643 1219 1718 ἀρχῇ
1238 1641 1284 1715 μὲν
1305 1640 1414 1718 λάὑρον,
1435 1639 1480 1697 καλ
1500 1639 1566 1697 πολὺ

19 1726 99 1783 susino
116 1725 217 1792 πυκνάς
230 1716 298 1784 εἶναι
312 1726 356 1784 καί
369 1728 402 1784 δι’
417 1728 538 1797 ἀλλήλων
554 1727 745 1804 πεπλεγμένας,
790 1727 924 1807 προίεσθαι
937 1729 966 1787 τὸ
985 1731 1082 1806 ρεὑμα,
1102 1726 1159 1802 μετ’
1173 1728 1202 1785 οὑ
1214 1725 1294 1784 πολὺν
1310 1725 1337 1784 δέ
1360 1726 1450 1804 χρόνον
1470 1724 1567 1801 λήγειν.

29 1835 74 1869 τισι
95 1811 121 1870 δέ
137 1813 304 1891 ἀραιοτέρας,
321 1804 362 1878 αἷς
384 1813 563 1892 ἐπιτυγχάνειν
585 1813 677 1893 ῥαδίως
690 1813 748 1882 τοὺς
790 1818 871 1891 Sti.
891 1818 950 1874 Ούκ
970 1817 1045 1872 ἐῶσιν
1069 1805 1113 1872 σύν
1137 1837 1169 1890 τη
1186 1813 1293 1891 τοιαύτη
1318 1811 1403 1948 γεύσει
1425 1809 1566 1883 πιστεύειν,

25 1899 110 1974 φρέατα
119 1901 276 1976 ὀρύσσοντας
285 1899 328 1956 dot
337 1899 745 1971 τόπλῆθοςκαλτὴνπυκνύτητα.
790 1894 849 1959 τοὺς
859 1892 886 1950 δὲ
899 1896 1038 1962 ζητοῦντας
1052 1891 1086 1949 τύ
1099 1891 1181 1949 ὕδατα
1194 1894 1285 1969 πρῶτα
1300 1913 1319 1965 μ
1333 1915 1347 1948 u
1363 1889 1496 1948 κῑλῑῦωῦῑ
1508 1889 1568 1956 τοὺς

23 1984 156 2058 13.11ηγθις
173 1976 218 2042 οὑν
233 1986 330 2059 ὁμοίως
343 1987 477 2044 καλεῖσθαι
501 1986 547 2045 καὶ
569 1988 614 2052 τὰς
629 1991 747 2046 dventu..
789 1979 898 2052 τόπους,
912 1981 939 2036 έν
952 1969 989 2045 οἷς
1003 1978 1033 2036 ἂν
1048 1976 1242 2037 {redditorem
1259 1982 1355 2048 ζητεῖν,
1376 1977 1567 2056 ἔπιθεωρῆσαι,

19 2069 77 2134 airu<
85 2075 133 2126 τῶν
141 2070 243 2149 φλιὺῶν
258 2070 302 2128 διὰ
313 2071 548 2148 τδπαραμονίμους
559 2063 635 2148 εἶναι,
650 2072 748 2150 μακρό-
790 2069 845 2131 πῶι
858 2065 948 2145 ἔχουσι
960 2073 1013 2132 τοῖς
1025 2065 1149 2140 *Nimis
1163 2065 1209 2123 καὶ
1223 2063 1292 2122 ποῖοί
1306 2086 1372 2130 rure<
1385 2066 1456 2129 ὄντες
1468 2062 1567 2142 τυγχά-

19 2156 175 2236 ιφερομένις
199 2159 245 2214 καλ
271 2159 304 2214 δι’
319 2158 440 2228 ἀλλήλων
453 2159 484 2218 τό
505 2158 573 2238 ύδωρ
597 2159 746 2238 δεχομένας.
790 2174 878 2222 suunt,
892 2151 1008 2224 morto<
1023 2150 1173 2229 χρωμένους
1192 2152 1244 2217 τοῖς
1263 2149 1460 2226 δεδηλωμέθῡῑς·
1481 2152 1498 2226 S
1516 2161 1564 2210 ²2·

30 2257 67 2304 id.
88 2244 200 2309 Διὺάδας
223 2244 252 2301 δὲ
269 2245 405 2302 καλεῖσθαι
429 2243 463 2303 τδ
484 2245 536 2305 ἀπδ
560 2249 610 2304 τῶν
632 2246 747 2324 ὀμὺρίων
792 2237 846 2300 Καί
859 2237 903 2298 έδν
918 2229 969 2298 ὦσι
992 2230 1145 2318 πόροιλιρδς
1167 2237 1316 2316 ἀὶίχνευσιν,
1330 2237 1374 2294 καί
1392 2237 1426 2294 τά
1439 2235 1508 2295 ἀλλα
1521 2259 1569 2307 οη·

19 2329 76 2387 ’άτων
89 2329 238 2405 διηθούμενοι
253 2329 300 2387 καί
312 2329 382 2388 κατὰ
395 2333 442 2406 γῆς
458 2331 484 2388 ἀν
497 2332 609 2406 στεγνοῖς
619 2332 664 2388 καὶ
677 2353 748 2389 σκιε·
792 2331 854 2400 μαῖα
873 2323 906 2381 τύ
920 2323 963 2382 διὰ
985 2325 1037 2381 τῶν
1059 2324 1160 2402 diendo
1176 2323 1285 2381 καὶτῶν
1310 2321 1453 2399 φυομένων.
1476 2323 1494 2398 S
1518 2332 1567 2382 13.

19 2425 37 2482 ir
58 2416 136 2482 τόποις
162 2415 357 2487 συνεστηκότα,
372 2415 488 2495 καθάπερ
503 2419 530 2474 έν
556 2417 685 2494 ἀγγείοις,
710 2417 747 2492 μὴ
793 2410 918 2488 Σχοίνους
926 2433 956 2468 τε
968 2409 1019 2490 γθιρ
1030 2408 1266 2489 φυομένους,τινίς
1277 2409 1440 2486 ὁλοσχοίνους
1450 2411 1568 2478 καλοῦσι,

19 2503 77 2559 eido
90 2503 224 2583 ἀποῤῥοίος
242 2503 336 2569 οὔσας·
351 2501 407 2562 ὅθεν
422 2501 478 2562 odii
492 2503 619 2579 διαμένειν
638 2505 684 2570 τὰς
704 2505 748 2562 λι-
792 2499 836 2555 καὶ
854 2499 978 2576 βούτομον
992 2496 1037 2555 καὶ
1051 2497 1145 2574 βάτους
1157 2495 1202 2553 καὶ
1216 2493 1348 2572 κύπειρον,
1358 2494 1391 2566 ἥν
1401 2517 1467 2560 τινες
1477 2494 1567 2570 tinam

19 2589 75 2662 ίδαι.
88 2589 148 2648 όλλθι
161 2591 229 2649 πάνυ
243 2589 379 2668 συντόμως
392 2589 531 2664 έκλείπειν,
542 2589 585 2648 έάν
599 2588 636 2665 μὴ
650 2590 748 2669 σφόδρα
792 2586 924 2643 καλοῦσιν·
941 2585 978 2642 ίτι
993 2581 1021 2643 δέ
1036 2584 1083 2643 καὶ
1099 2584 1228 2662 ἄγρωστιν
1248 2584 1346 2653 πολλὴν
1370 2581 1416 2640 καί
1434 2581 1567 2661 εὑτροφον,

19 2677 92 2749 ιγάλας
104 2675 179 2742 sirie
192 2667 261 2733 εἶναι
275 2676 374 2751 συμύῇ.
393 2679 410 2752 §
433 2687 477 2736 15.
493 2673 549 2741 Τάς
563 2674 590 2733 δέ
603 2673 689 2751 πηγάς
702 2673 748 2732 αὑ·
792 2671 930 2748 καλάμους.
940 2695 969 2730 τε
981 2672 1040 2739 τούς
1053 2671 1226 2748 καλουμένους
1240 2670 1375 2748 Ἰνδικούς,
1387 2669 1439 2728 ὑπό
1452 2692 1528 2728 τινων
1542 2669 1570 2727 δέ

19 2761 67 2818 uini
78 2785 101 2819 τε
116 2761 157 2819 καί
169 2761 262 2838 λη’γειν
275 2761 342 2820 κατθι
361 2763 407 2833 την
427 2767 472 2819 τοὺ
488 2761 561 2838 ἀέρος
585 2761 747 2839 περίστασιν.
794 2758 1026 2836 μεστοκαλάμαιις,
1048 2760 1092 2817 ὑπ’
1119 2757 1193 2818 ἐνίων
1216 2757 1326 2837 βαλίτας
1358 2756 1403 2814 καλ
1429 2756 1570 2836 σύριγγας,

26 2857 61 2906 iii.
75 2849 180 2924 λύχμῶν
193 2846 240 2922 μὲν
251 2847 304 2928 γάρ
317 2848 470 2926 γινομένων,
485 2847 529 2905 καλ
542 2845 589 2912 τάς
601 2845 688 2924 πηγάς
701 2847 748 2917 λή-
794 2847 880 2913 δασεῖς
895 2845 940 2904 καί
954 2845 1071 2910 ἁπαλούς
1085 2845 1221 2920 σημαίνειν
1234 2844 1326 2926 φασίν,
1336 2848 1370 2910 ὡς
1384 2843 1453 2923 ὕδωρ
1467 2843 1570 2921 ἔχοντος

19 2953 48 2988 ειν·
59 2933 175 3010 ἔπόμύρου
188 2933 215 2992 δὲ
228 2939 277 2993 τοὺ
291 2933 362 3001 ἔτους
373 2933 458 3004 ὄντος,
468 2932 632 3002 ἀπαύξεσθαι,
642 2937 667 2994 Τ
669 2934 748 3014 ροφλν
792 2939 837 2993 τοῦ
851 2933 940 2994 τόπου.
958 2935 975 3010 §
994 2943 1042 2993 2⁴.
1068 2931 1121 2994 Καὶ
1137 2931 1233 3008 ὁμοίως
1254 2930 1344 2990 κισσὸν
1360 2930 1404 2990 τόν
1428 2931 1570 3007 θάλλοντα,

19 3013 40 3093 ip
51 3017 187 3090 indiuisus,
199 3021 233 3084 ὡς
244 3020 291 3077 καί
301 3017 422 3098 ἀνωτέρω
434 3017 590 3098 ἐρρήθη,τά
599 3020 658 3076 κατ’
670 3017 749 3086 αὑτάς
794 3019 822 3077 όν
844 3043 910 3088 τινες
937 3018 1131 3095 μαλακόκισσον
1155 3016 1393 3096 προσαγορεύουσι,
1416 3020 1461 3077 καὶ
1488 3022 1571 3088 συκῆν

19 3175 178 3226 iadiierauiesm
188 3179 320 3228 Ponticum.
332 3181 406 3227 Porro
418 3191 493 3241 squas
502 3193 556 3242 quse
568 3193 599 3229 ex
610 3181 749 3230 iouiseditis
792 3183 895 3231 maxime
916 3183 995 3244 augeri
1020 3182 1095 3231 tontes
1117 3182 1179 3231 eirea
1202 3181 1332 3232 soistitium
1356 3181 1498 3242 hibernum,
1518 3181 1571 3230 soie

19 3263 121 3324 sternetur,
129 3265 214 3316 deiiuos
223 3267 302 3316 tontes
312 3269 406 3328 roeaut,
415 3267 486 3329 idque
494 3269 526 3317 ob
536 3270 748 3331 superincubantes
791 3269 888 3332 quidem
897 3282 944 3318 uon
955 3268 1065 3318 similiter
1071 3272 1179 3330 urgente,
1187 3268 1302 3317 iunioribus
1311 3279 1368 3316 reru
1382 3266 1570 3330 (attonitisque)

19 3359 63 3408 κω,
71 3349 179 3410 adiacente
191 3354 259 3402 verbi
269 3354 343 3415 grstia
353 3357 436 3404 moute
448 3355 490 3418 qrri
503 3358 591 3404 soaees
601 3355 747 3415 nominatur,
791 3355 956 3418 adjicientibus
968 3370 974 3403 ι
985 3355 1238 3404 submurmurantem
1248 3353 1373 3402 soistiiiurn
1384 3357 1409 3403 et
1421 3353 1486 3402 esuis
1499 3366 1569 3402 eror-

19 3433 117 3486 tiebrnie
127 3451 170 3488 uuo
181 3439 249 3502 iunge
263 3443 376 3490 uronice
388 3442 452 3491 iosos
463 3453 560 3504 asperos
568 3443 592 3490 et
603 3454 747 3490 cavernosos
792 3447 844 3492 tum
857 3443 1001 3492 eontrerium
1017 3442 1046 3491 iis
1058 3441 1171 3492 assidere.
1188 3443 1307 3489 coeterum
1321 3439 1425 3502 dignosci
1441 3440 1517 3489 ionias
1531 3453 1569 3489 re·

19 3519 117 3580 isarnus
135 3524 240 3585 piurimne
262 3527 367 3576 ooeiestis
388 3540 466 3590 aque.
488 3531 561 3589 Juges
581 3528 653 3590 igitur
673 3527 748 3577 tontes
791 3530 872 3590 putus
883 3533 908 3578 et
919 3541 993 3590 squas
1006 3530 1142 3589 stagnantes
1156 3527 1269 3588 (λισάθας)
1283 3527 1308 3574 iu
1321 3526 1385 3574 hune
1399 3527 1447 3576 iere
1458 3525 1567 3575 modum.

19 3609 80 3664 supter
88 3621 162 3660 musas
173 3619 315 3662 memoratas
324 3617 418 3663 exstare
429 3616 545 3664 steterunt.
554 3617 611 3664 Esse
623 3627 679 3663 vero
689 3627 748 3675 praa·
791 3616 889 3664 Fontem
901 3615 1043 3676 reperturus
1054 3625 1166 3675 geueruas
1179 3624 1241 3661 rens
1252 3613 1277 3662 et
1285 3612 1371 3661 leniter
1382 3611 1454 3661 tinere
1465 3611 1570 3674 insinere

19 3699 56 3737 ιιεε
65 3694 124 3743 etiam
135 3697 158 3746 iu
171 3699 278 3760 plurimis
289 3703 361 3749 terrm
371 3701 479 3763 partibus
488 3713 560 3749 renas
571 3713 658 3763 aquam
671 3701 747 3750 iereu·
790 3702 816 3750 et
835 3701 948 3762 paulatim
966 3701 1113 3750 incrementa
1131 3712 1215 3761 capere
1230 3701 1255 3748 et
1274 3699 1304 3747 ad
1324 3701 1413 3747 certem
1432 3711 1568 3748 mensuram

19 3787 43 3822 ii·
56 3781 241 3835 Quemadmodum
252 3788 332 3846 enim,
346 3787 468 3849 inquiunt,
479 3787 504 3836 iu
524 3789 585 3836 rivis
602 3791 627 3838 et
638 3787 748 3838 animatis
793 3789 890 3835 andum
904 3787 928 3835 iu
942 3787 1025 3835 eodem
1044 3788 1108 3836 statu
1126 3799 1220 3848 semper
1235 3797 1385 3847 permanere,
1405 3785 1448 3834 snt
1464 3783 1568 3834 eundem

19 3865 118 3920 iriiriirns
137 3871 261 3934 contingit,
275 3876 303 3922 nt
319 3878 395 3923 totum
414 3887 500 3936 eorpus
524 3873 591 3924 renis
612 3880 637 3924 et
656 3876 749 3924 arteriis
794 3871 1005 3934 perpetuoiiuxum
1015 3875 1104 3934 tenere,
1115 3873 1157 3935 qui
1171 3872 1238 3922 initio
1249 3872 1300 3933 fuit,
1311 3883 1386 3933 quum
1397 3870 1567 3932 reperiebatur,

19 3949 103 3999 untionis
120 3955 251 4008 distinctum
264 3960 308 4018 sit,
320 3961 354 4009 sie
373 3959 444 4009 etiam
459 3961 483 4009 iu
501 3965 565 4009 terrs
583 3962 668 4023 partim
682 3962 748 4010 iocos
791 3961 835 4009 uisi
849 3961 880 4009 oio
892 3961 955 4010 aeris
972 3961 1169 4022 temperationem
1186 3961 1229 4010 aut
1246 3959 1340 4009 deiciat
1353 3961 1395 4008 out
1408 3959 1493 4021 (οορίω
1507 3959 1567 4018 surm)

19 4041 59 4081 tros
74 4044 154 4091 exstare
171 4056 258 4106 eosque
277 4059 332 4095 aere
346 4049 443 4109 plenos,
464 4047 552 4110 panim
572 4061 645 4097 renas
662 4061 748 4110 aquarn
791 4046 883 4110 aliquid>
903 4047 982 4097 addat
1005 4052 1095 4097 vernum
1108 4048 1202 4104 λιθάδας
1223 4051 1310 4108 negant
1331 4045 1395 4094 idern
1416 4045 1509 4106 iuuere,
1526 4045 1568 4094 sed

19 4121 128 4175 untiuentes
141 4140 224 4192 eosque
237 4133 261 4182 iu
280 4134 332 4182 aiiis
352 4133 481 4182 admodum
503 4135 588 4184 denus
606 4138 630 4184 et
649 4135 711 4184 iuter
723 4149 748 4185 se
791 4133 906 4196 principio
917 4134 1015 4196 qnidam
1024 4135 1133 4196 rapidum
1141 4136 1166 4183 et
1175 4134 1279 4182 mnium
1289 4133 1399 4182 emittere
1409 4132 1511 4192 dutum,
1520 4132 1569 4180 uito

20 4204 126 4270 nolimus,
136 4213 157 4261 in
170 4215 217 4265 aitis
229 4217 329 4267 rariores
340 4231 406 4279 esse,
418 4231 478 4280 quas
491 4220 560 4268 tacite
571 4218 692 4268 ostendent
707 4232 748 4281 ριι-
791 4223 871 4270 sutem
883 4221 991 4271 deiicere.
997 4225 1077 4279 Quare
1084 4235 1130 4270 non
1140 4223 1281 4282 permittunt
1289 4218 1406 4280 ejusmodi
1414 4218 1487 4268 fluxui
1496 4218 1568 4267 iidem

19 4297 83 4339 eornm
97 4295 186 4349 iussores
197 4302 229 4351 ob
243 4305 421 4354 multitudinem
439 4309 464 4354 et
484 4307 648 4368 irequeutiam.
661 4309 748 4356 Fontes
792 4307 891 4370 habere,
908 4307 949 4357 ssd
963 4320 1080 4368 aquarum
1094 4307 1249 4369 vestigatores
1258 4305 1362 4368 primum
1372 4305 1437 4354 ioees
1447 4303 1569 4367 iniquum

19 4373 747 4456 diurniuiiurappeiurietismapertasreuae,propterennnod
790 4391 1567 4457 aquomquerereaggrediontundittgeotoreonteupiauiubenr,

19 4459 84 4511 isiiies
102 4469 143 4519 sint
154 4477 178 4522 et
195 4488 208 4525 s
227 4477 356 4541 longinquo
376 4480 482 4529 teruntur
502 4484 527 4529 et
546 4493 586 4542 per
600 4493 626 4528 se
643 4479 747 4530 invicem
791 4495 863 4544 quum
878 4482 981 4531 lrabeent
997 4481 1051 4530 coeii
1066 4481 1244 4530 inclinationem
1255 4485 1279 4529 et
1293 4479 1376 4542 quates
1391 4478 1486 4528 taudem
1505 4478 1567 4539 siut,

19 4555 80 4604 'iiim
89 4556 197 4618 incipiant
211 4565 241 4612 st
250 4577 307 4614 uero
319 4566 413 4622 intrito<
423 4567 502 4616 uoueri
515 4579 587 4629 aquas
600 4566 680 4628 pluria
698 4567 747 4615 otii·
790 4569 863 4630 signis
874 4569 981 4618 indicetis
996 4571 1098 4618 utentes.
1113 4570 1143 4617 et
1161 4569 1180 4618 si
1192 4567 1289 4630 quidem
1303 4566 1419 4615 foramina
1435 4563 1568 4615 exstiterint

19 4625 71 4726 Q
79 4641 190 4705 onusque
200 4648 259 4699 inira
266 4652 353 4700 terrum
361 4653 449 4714 opens
455 4656 480 4701 ei
486 4652 603 4702 umbrosis
617 4653 673 4702 ioeis
683 4653 749 4702 reiut
791 4657 820 4706 ad
834 4656 1037 4718 investigationem
1054 4657 1147 4718 aliaque
1162 4656 1293 4717 signatum
1311 4669 1342 4703 ex
1352 4654 1419 4714 ιοΙο,
1431 4655 1485 4703 tum
1495 4665 1523 4702 ex
1539 4652 1568 4702 iis

19 4723 63 4764 'itu
72 4725 226 4795 contineantur,
234 4749 311 4798 neque
321 4749 436 4786 renerum
447 4737 543 4788 eiiiuria
554 4738 615 4797 sint3
626 4738 681 4788 iude
691 4739 749 4788 aoei-
790 4755 846 4804 ηιιω
857 4741 910 4792 inde
921 4737 991 4791 endis
1000 4745 1064 4791 suni.
1076 4743 1091 4790 J
1094 4754 1166 4791 uncos
1175 4742 1239 4791 euim
1250 4743 1387 4798 medentes,
1395 4752 1456 4801 uuus
1469 4737 1566 4800 quidum

19 4795 68 4896 itit,
78 4809 133 4861 utne
144 4825 289 4876 permaneant
300 4823 396 4886 quidem
408 4825 514 4885 λιθάσες,
527 4823 569 4874 sed
580 4825 692 4874 citissime
705 4825 745 4875 de·
791 4827 902 4876 mariscos
916 4828 1016 4887 vocant,
1029 4830 1054 4876 et
1065 4825 1193 4876 butomum
1205 4829 1230 4877 et
1240 4826 1313 4876 rubos
1323 4828 1347 4874 et
1356 4837 1484 4886 syderum,
1493 4835 1566 4885 quana

20 4883 134 4951 &nonnisi
146 4902 202 4956 torte
212 4909 338 4961 admodum
354 4925 447 4974 magum
459 4913 514 4962 sint.
531 4915 618 4961 Fontes
633 4915 711 4963 auteur
723 4915 748 4963 et
790 4912 887 4977 quidem
909 4926 1004 4962 uernans
1024 4913 1160 4974 nominant,
1175 4915 1289 4975 preterea
1304 4923 1400 4973 gromen
1415 4909 1518 4959 muitum
1534 4922 1563 4958 εσ

19 4979 77 5032 iugari
94 4985 114 5033 εἰ
130 4988 227 5044 desinere
242 5011 284 5059 prs
301 5000 363 5049 seris
382 5001 503 5063 temperie.
519 5000 671 5050 Sieuitatibus
684 5001 747 5049 enirn
790 5000 889 5062 pingue,
905 5000 1072 5062 salsumque,
1092 5013 1154 5064 quos
1167 4999 1288 5062 appeliant
1304 4996 1412 5058 indioos,
1425 4995 1464 5045 aiii
1486 4999 1566 5045 autem

20 5055 97 5128 mut,
107 5072 174 5125 ίῠῐθοι
184 5092 275 5146 quoque
287 5085 409 5148 desinere,
423 5087 533 5150 pluvioso
544 5100 601 5137 rero
622 5101 684 5138 anrro
704 5101 746 5137 su·
790 5087 984 5150 mestoeaiamos,
995 5089 1041 5138 iroe
1052 5091 1101 5151 est,
1112 5090 1193 5150 piouas
1202 5086 1345 5149 nruudiues,
1356 5085 1395 5135 aiii
1408 5084 1479 5134 etiarn
1494 5085 1567 5146 sagit·

21 5153 98 5202 mm·
107 5158 311 5226 unmtittttlitueuta
317 5185 419 5234 sumere,
427 5178 454 5222 ut
462 5173 570 5237 ειιμειίιιο
576 5175 648 5223 etiam
656 5173 746 5224 dietum
789 5175 877 5235 iarios,
892 5174 995 5235 itemque
1007 5173 1097 5223 iistuias
1108 5172 1194 5222 densus
1205 5173 1230 5221 et
1239 5173 1341 5231 teneres,
1355 5170 1419 5230 sigua
1435 5181 1487 5217 esse
1497 5167 1566 5228 aioru

22 5229 58 5289 ‘⁸¹1
68 5235 150 5296 fontium
162 5261 229 5314 ιηυιι
240 5259 398 5310 εοεεΙοειίθοι
410 5261 486 5324 aquis.
507 5264 657 5324 eraprop‘er
674 5262 745 5312 etiam
790 5263 835 5313 ioei
845 5274 932 5325 aquam
942 5261 1058 5312 habentis.
1073 5259 1185 5312 Similiter
1198 5264 1222 5310 et
1234 5258 1345 5310 hederam
1359 5259 1483 5318 uirentem,
1493 5269 1565 5319 ηιιιιιι
