3708 5916
233 342 290 394 m
756 330 959 392 HIEROCLIS
983 329 1289 393 COMMENTARIUS

227 451 421 532 γηται·τδδλ
449 449 493 529 μὴ
517 452 595 527 δρᾶν
617 449 719 518 πύλας
742 452 842 525 ὄντα
862 451 947 531 τομὴ
967 449 999 511 δι
1046 451 1243 532 βλαπτουσα
1263 450 1752 546 τδςρριναςμοιρανονδηλοι
1797 455 1831 513 ΟΞ

229 544 321 599 ἑαυτοῦ
339 542 515 599 θνακινιῑσθαι
533 539 598 617 πρὸς
611 537 757 616 εὕρεσιν
721 561 774 599 των
793 496 896 598 καλῶν·
911 541 955 598 καί
969 537 999 597 τδ
1044 539 1094 619 γάρ
1080 529 1761 619 ρἔστινῆμὴδνοῆταίνειντδντοῦθεσῦγενάμενον
1775 537 1835 616 ipe,-

228 625 445 704 μὴάκούειν,
466 625 498 686 τδ
513 649 571 692 ταις
584 647 637 700 παρ
638 625 745 684 ’άλλων
769 628 947 695 διδασκαλίαις
962 624 999 706 μὴ
1046 649 1110 702 μον,
1129 625 1196 703 8p8
1216 626 1346 707 ἔρημονε
1335 615 1401 684 εἶναι
1419 632 1494 698 θεοῦ,
1516 626 1562 686 τὸν
1582 627 1650 694 εἰς’
1632 649 1731 686 ανοιειν
1755 628 1833 684 ἔειπε

228 714 343 786 ύπηκοον
355 713 480 791 γίνεσθαι
522 715 610 784 Διπλῆ
625 711 676 792 γδρ
694 716 770 784 ἡτης
780 713 927 791 ίπιστιίμης
940 714 1001 773 ἀνά·
1045 711 1133 772 σά.ντα
1172 711 1226 772 Τδν
1240 710 1291 790 γδρ
1316 713 1396 784 θνοή
1384 736 1427 770 ὀν
1446 713 1549 790 ἇνάγκη
1570 701 1617 772 nel
1643 713 1727 772 ἄθεον
1750 703 1833 784 εἶναι,

227 803 320 882 ληψις·
333 799 409 872 λδιδ
423 799 607 876 pulleinium,⁸
593 823 628 866 ως
640 800 673 857 δι
686 800 780 870 άκοῆς·
794 798 812 870 8
825 799 894 858 δίεύ
897 799 999 878 ρείσως,
1045 799 1091 859 καί
1109 799 1200 859 τδν”θ
1169 825 1185 860 α
1187 805 1243 859 θεον
1261 800 1380 874 ἀνόητον.
1421 799 1632 882 ilppdrspot8',
1603 825 1615 859 ι
1650 804 1688 866 ὣς
1704 797 1751 874 μὴ
1774 801 1835 878 πρὸς

226 889 307 956 ὡςιδ’
322 888 446 968 ὁράσεως
489 825 1000 967 Αύθαίρεταουνπιίματαρίχειν
1045 887 1089 946 τδν
1104 887 1240 966 ἔρωτα
1206 910 1257 944 των
1272 887 1361 946 καλων
1381 889 1480 967 ἐγηγε
1475 886 1548 946 nivet
1555 887 1757 966 ,ἀπείρονα
1776 911 1832 957 τι,-

226 975 347 1053 λίγονται
358 973 431 1050 οίμ
433 997 462 1032 τε
473 973 611 1051 μανθάνειν
622 995 676 1051 παρ
677 973 782 1031 ’ἄλλων
795 973 861 1049 μήτε
875 976 928 1032 ιύ’
905 998 1000 1052 ρισκειν
1047 997 1112 1050 ματ
1112 973 1289 1052 ’,ἔχουσιν
1313 965 1365 1032 οἷον
1387 973 1561 1054 κύλινδροι
1576 975 1636 1040 ταῖς
1661 975 1832 1051 καταγιύγας

229 1063 261 1120 δι’
276 1065 375 1120 ίαυτῶν
388 1062 560 1132 ίθίλοντις,ι
546 1083 581 1126 ως
594 1065 641 1131 τῆς
654 1059 910 1129 συναισθήσεωςτῶν
932 1066 999 1139 ἀγα·
1045 1058 1168 1166 πρρίξεσιν
1187 1060 1306 1120 άλλοτι
1329 1060 1449 1128 άλλοις
1471 1070 1592 1128 κακοῖς
1614 1063 1827 1146 συμφερόμενοι,

226 1151 277 1208 θῶν
292 1151 473 1227 άμοιροῦνιες,
487 1169 532 1205 και
522 1145 589 1204 διδ
602 1169 678 1205 τουτο
691 1147 776 1217 πάντη
793 1149 907 1227 ἀχρεῖοι.
949 1147 1001 1216 Ὃς
1045 1171 1090 1206 και
1079 1147 1142 1225 p8
1153 1145 1289 1227 ίχοντεςδ
1305 1169 1330 1205 τι
1340 1147 1508 1226 χρήσονται
1498 1153 1614 1222 εαυτοῖς,
1627 1149 1719 1207 διὰτὸ
1734 1148 1830 1214 πάσαις

225 1235 276 1317 γδρ
290 1234 321 1294 δν
336 1235 397 1312 μήτ’
413 1236 491 1302 αυτος
503 1232 579 1306 νοίη
594 1232 656 1309 μήτ’
668 1234 746 1292 ἄλλου
758 1233 876 1311 λεγοντος
890 1237 1001 1317 ἔνθυμον
1045 1243 1101 1300 ταῖς
1114 1234 1205 1312 τύχαις
1228 1232 1391 1300 ἀπαιδεύτως
1404 1235 1533 1314 προσρὲρε
1523 1242 1610 1294 ε’σθαι
1635 1259 1683 1292 νυν
1699 1235 1826 1308 μὲνέξο-

227 1321 517 1401 βάλληται,ίκεῑνοςδ’
531 1279 588 1378 αύτ*
601 1321 707 1399 άχρήῖος
722 1321 799 1400 άνηρ.
840 1324 876 1381 0t
891 1299 1001 1402 δίπαρδι
1047 1319 1175 1399 ύρίζοντες
1190 1319 1399 1398 ἔνπλούιῳ,
1369 1345 1413 1379 νυν
1429 1319 1455 1378 88
1470 1323 1496 1378 iv
1513 1322 1591 1400 πενία
1606 1327 1828 1398 κακουμγοῖντες,

225 1413 276 1469 τῶν
299 1408 385 1468 άλλων
400 1408 537 1486 μανθάνειν
550 1429 579 1466 τε
593 1409 639 1465 καί
657 1407 782 1485 εὑρίσκειν
798 1407 871 1487 ἔργον
891 1431 1001 1481 πεποιη·
1046 1407 1090 1466 καί
1104 1406 1167 1487 πρδς
1180 1405 1304 1485 λῃστείαν
1319 1406 1366 1484 μὲν
1379 1407 1429 1465 tet
1443 1407 1533 1487 ῥώμης
1545 1405 1671 1484 σώματος
1687 1408 1825 1486 ἐκφερόμε-

225 1497 312 1576 pinet,
325 1488 395 1556 ούιοί
417 1500 480 1554 εἰσιν
497 1497 521 1554 oi
543 1498 595 1554 τῶν
610 1499 720 1553 κακῶν
734 1495 789 1566 ’τὴν
809 1495 911 1554 λύσιν
930 1521 1001 1556 συν·
1044 1516 1100 1564 ναι,
1116 1492 1179 1574 πρδς
1193 1493 1220 1551 δὲ
1236 1492 1406 1572 βλασφημίαν
1420 1493 1471 1552 ύπδ
1485 1493 1620 1560 ἀσθενείας
1643 1495 1692 1552 καὶ
1713 1501 1828 1568 νοσημά-

225 1585 352 1656 ιίντες,
373 1582 419 1640 καί
433 1586 502 1662 φυγῇ
515 1583 568 1640 τῶν
582 1582 645 1660 τῇδε
656 1581 741 1641 πόνων
756 1585 790 1648 εἰς
811 1583 855 1640 τδν
869 1583 999 1666 ἐλεύθερον
1045 1603 1096 1638 των
1105 1601 1112 1617 ·
1122 1579 1169 1650 τήν
1183 1602 1211 1638 τε
1224 1581 1347 1638 ἀπαιδίαν
1358 1577 1522 1660 ὀδυρόμενοι,
1532 1581 1578 1639 καί
1589 1581 1639 1650 τὴν
1651 1582 1827 1639 rotumum

226 1671 316 1750 αἰθέρα
331 1667 544 1747 μετοικιζόμενοι.
586 1666 719 1744 Ὀλίγοι
734 1668 762 1726 δι’
772 1671 836 1727 είσιν
848 1671 871 1728 ol
882 1671 1000 1730 τοιδῦτοι.
1045 1665 1164 1746 ἀφορμὴν
1189 1665 1311 1742 πολέμου
1337 1667 1383 1723 καλ
1418 1668 1633 1746 αἰσχροκερδείας
1663 1666 1825 1743 ποιούμενα.

224 1761 259 1818 Ol
272 1759 323 1836 γδρ
342 1758 459 1815 πλεῖστοι
478 1752 569 1829 κακοί,
586 1753 632 1812 καί
651 1757 698 1826 τῆς
719 1759 812 1828 θνητῆς
826 1759 1001 1833 προσπαθείας
1046 1755 1101 1814 Καὶ
1114 1755 1204 1821 ἁπλῶς
1217 1756 1314 1826 εἰπεῖν,
1333 1755 1381 1811 ούκ
1394 1753 1450 1812 ἔστι
1462 1777 1487 1810 τι
1501 1758 1553 1812 τῶν
1568 1757 1597 1814 iv
1611 1757 1651 1834 τῷ
1671 1754 1743 1833 βίῳ,
1766 1755 1826 1830 8μὴ

224 1846 333 1917 ἥττους,
357 1840 401 1900 καί
423 1798 648 1922 ρρενοθλαύιῖςί
635 1839 739 1901 θ”ιιδ
706 1863 753 1912 της
768 1843 852 1909 είς
818 1863 867 1918 γην
890 1842 999 1912 νεύσεως
1045 1839 1109 1926 πρὸς
1122 1839 1240 1920 ἀφορμὴν
1254 1843 1338 1898 κακοῦ
1351 1839 1404 1906 τοῖς
1418 1839 1581 1912 dvontots'
1553 1863 1671 1916 γινεται,
1694 1843 1824 1918 παντσχύ·

223 1930 397 2012 γ·ενύμινοι“
383 1952 418 1994 ως
429 1928 561 1987 καίτουτο
573 1951 627 2007 παρ
629 1928 1000 2010 ’ίαυτῶντδκακονέχειη
1046 1933 1088 1986 θεν
1104 1927 1358 2008 στενοχωρουμένας
1379 1925 1475 1986 ύπο
1443 1950 1489 1997 της
1503 1927 1825 2006 αύθαιρετοοκιικίας

225 2013 269 2072 διδ
282 2014 313 2074 τδ
337 2017 495 2095 βουληθῆναι
515 2022 604 2095 φυγεῖν
621 2014 673 2075 rtet
688 2019 762 2086 θεοῦ,
782 2015 827 2074 καί
842 2016 1001 2096 ἀπομερίσαι
1045 2014 1090 2074 καλ
1103 2037 1149 2073 του
1131 2015 1197 2090 μὴ
1220 2011 1557 2093 άναύλίπεινπρδς
1531 2037 1562 2072 το
1587 2019 1658 2073 θεῖον
1679 2017 1753 2093 πῶς,
1768 2016 1823 2090 μηδ’

223 2101 369 2169 amobe*
335 2125 382 2174 της
393 2102 486 2162 τουτου
502 2101 626 2178 ὁμιλίας,
642 2095 711 2175 ἧς’
687 2102 810 2181 ευτύχουν
828 2103 902 2163 teat
869 2109 936 2182 αγῇ
951 2127 1000 2164 κα·
1046 2100 1181 2162 inolere
1194 2100 1335 2166 ἐθέλειν
1300 2124 1351 2158 των
1365 2100 1443 2168 ὄντας
1455 2103 1574 2178 ἀγαθων
1568 2101 1663 2159 Ιιλλλδι
1684 2074 1823 2160 inrumie-

224 2193 292 2270 θαρᾷ
315 2189 456 2266 διάγοντες.
497 2190 551 2248 Τδν
538 2187 630 2269 νγδιρ
665 2188 718 2248 δπδ
743 2195 800 2248 θεοῦ
827 2189 1000 2269 χωρισμδνὴ
1046 2187 1123 2255 κύσας
1142 2189 1238 2260 eles-81
1257 2187 1401 2268 θνητὴνπρ
1403 2187 1574 2247 οσπάθειαν’
1560 2211 1596 2253 ως
1611 2192 1638 2246 ἐν
1652 2189 1820 2246 κλύδωνι·
1789 2211 1819 2267 τερ

222 2359 337 2433 quaudo
351 2377 434 2429 vero,
446 2377 534 2432 quum
546 2360 614 2415 binc
624 2361 705 2415 citius
717 2373 831 2434 possent
840 2360 996 2429 discedere,
1017 2361 1024 2414 l
1046 2360 1096 2414 tati
1105 2360 1235 2431 nonsint,
1243 2359 1602 2434 infinitamalnpatinntur,
1616 2357 1736 2433 flagitiis
1747 2359 1819 2415 deon

221 2448 274 2519 ipsi
288 2464 318 2501 se
329 2447 489 2502 immodicis
501 2445 650 2502 affectibus
661 2448 814 2520 implicant.
827 2451 890 2504 Hoc
904 2459 997 2504 autem
1044 2464 1105 2502 snm
1113 2447 1426 2521 rapientibustanquam
1435 2447 1564 2518 cylindri,
1573 2448 1653 2500 ulios
1663 2450 1733 2502 aliis
1743 2449 1817 2501 mulis

222 2543 264 2588 est
278 2532 365 2599 illud,
380 2534 467 2600 bona,
482 2549 563 2606 quum
584 2537 614 2587 in
633 2537 787 2606 propinquo
804 2539 875 2601 sint,
889 2553 939 2589 nec
951 2539 997 2589 vi·
1043 2539 1189 2612 implicati,
1199 2549 1228 2593 et
1236 2539 1335 2594 incerti
1346 2537 1417 2610 quid
1427 2547 1521 2610 agant,
1529 2538 1597 2608 qnia
1605 2539 1724 2591 inomni
1735 2539 1816 2592 sortu-

221 2621 288 2674 dere
311 2638 400 2692 neque
418 2620 535 2688 audire,
557 2629 589 2673 ut
608 2619 683 2674 bona
705 2620 759 2674 hoc
781 2618 845 2676 loco
868 2620 998 2677 dicantur
1043 2643 1080 2680 no
1093 2625 1261 2698 imperitese
1272 2634 1389 2698 gerunt3
1400 2619 1476 2678 nune
1488 2621 1595 2678 divitiis
1607 2623 1812 2699 insolescentes,

221 2707 309 2762 virtus
322 2717 351 2763 et
361 2707 480 2788 veritas,
493 2724 549 2762 non
563 2707 658 2762 videre
669 2714 778 2775 nutem,
793 2725 876 2780 quum
889 2713 919 2762 in
931 2727 997 2780 μισ·
1043 2731 1117 2768 nune
1124 2723 1243 2786 propter
1252 2721 1447 2785 paupertatem
1455 2707 1587 2783 malefici„
1596 2721 1687 2784 atque
1695 2711 1732 2766 ad
1741 2712 1813 2766 latro

218 2801 322 2868 μὶιιριιο
342 2800 409 2865 εἰπε,
421 2796 458 2850 sit
471 2812 530 2848 non
546 2811 598 2866 per
611 2811 640 2850 se
652 2795 764 2850 incitari
777 2792 813 2849 ad
830 2795 905 2850 bona
919 2795 997 2848 iuve-
1042 2801 1114 2855 cinia
1123 2799 1251 2874 corporis
1260 2798 1376 2873 viribus,
1383 2797 1421 2853 ad
1431 2797 1688 2853 maledictaautem
1700 2799 1811 2854 imbeol

221 2881 489 2957 stigandu,denique
500 2881 668 2948 nouandire,
684 2882 804 2936 aliorum
814 2881 928 2938 monitis
938 2899 996 2936 non
1043 2881 1390 2952 litateetmorbisincitati3
1400 2884 1811 2958 orbintemdeploranteettbe

220 2971 387 3028 auscultare.
402 2969 514 3042 Duplex
525 2971 600 3026 enim
612 2979 654 3024 est
662 2968 784 3024 scientiae
798 2967 995 3041 comparandae
1043 2988 1140 3024 rorum
1146 2971 1451 3027 autemmultitudinem
1457 2971 1599 3026 bellorum
1607 2979 1637 3026 et
1645 2973 1737 3045 turpis
1750 2974 1809 3026 lucri

220 3059 282 3126 νίας
298 3066 347 3111 aut
358 3073 411 3130 per
424 3055 617 3129 disciplinam,
630 3065 763 3128 tanquam
776 3072 830 3128 per
850 3053 994 3124 auditum3
1041 3065 1205 3128 preteritum
1216 3055 1357 3112 iacientes.
1371 3061 1462 3129 Atque
1475 3066 1508 3111 ut
1520 3058 1611 3112 verbo
1626 3057 1734 3127 dicam,
1751 3059 1808 3112 nibil

221 3155 271 3204 eut
281 3161 334 3217 per
342 3143 544 3210 inventionem,
554 3153 688 3214 tauquam
698 3160 752 3216 per
763 3143 864 3198 visum.
888 3139 934 3198 Illi
944 3142 995 3215 igi·
1042 3152 1083 3196 est
1096 3143 1127 3196 in
1140 3144 1198 3197 vita
1212 3142 1290 3215 quod
1303 3159 1362 3197 uon
1375 3143 1533 3198 omatibus
1552 3145 1621 3198 mali
1642 3148 1807 3200 occasionem

221 3241 268 3285 tur
276 3231 359 3286 molis
371 3231 442 3287 ultro
453 3233 588 3284 arcessitis
599 3229 678 3286 obrui
687 3227 830 3298 dicuutur,
842 3227 893 3301 qui
903 3245 995 3300 neque
1041 3230 1179 3302 praebeat,
1197 3229 1246 3302 qui
1261 3241 1404 3304 unguntur
1417 3229 1543 3302 undique
1554 3231 1631 3285 vitiis
1645 3235 1721 3286 ntem
1729 3252 1808 3287 mees-

219 3317 256 3372 ab
270 3318 332 3372 aliis
350 3316 476 3385 discere}
492 3333 584 3390 neque
608 3332 704 3393 perse
730 3315 856 3371 invenire
878 3314 993 3383 volunt,
1038 3319 1100 3367 sitis
1109 3331 1201 3387 eoque
1213 3315 1290 3387 quod
1303 3331 1396 3388 neque
1408 3316 1500 3371 lucem
1514 3315 1641 3370 divinam
1654 3318 1759 3373 intueri
1769 3338 1808 3373 vo·

220 3405 327 3478 quippe
341 3405 390 3476 qui
402 3403 545 3473 bonorum
560 3421 641 3458 sensu
652 3411 764 3468 careant
777 3399 900 3473 ideoque
909 3417 992 3474 pror·
1041 3399 1116 3469 lunt,
1132 3419 1224 3472 neque
1244 3420 1274 3456 eu
1290 3402 1389 3458 audire
1402 3421 1464 3475 quie
1481 3417 1548 3456 vere
1567 3403 1646 3458 bona
1669 3415 1750 3475 sunt;
1767 3407 1806 3461 sed

219 3509 265 3546 sus
287 3491 398 3546 inutiles
418 3488 484 3548 sint.
499 3491 570 3545 Nam
584 3489 635 3561 qni
653 3506 705 3544 nec
730 3505 781 3562 per
800 3505 829 3544 se
841 3490 929 3564 sapit,
941 3507 993 3544 neo
1041 3488 1207 3544 mortalibus
1214 3488 1410 3544 allectionibus
1421 3491 1543 3544 immersi
1554 3491 1584 3542 in
1593 3491 1669 3557 vita,
1686 3503 1807 3564 tanquan

107 3569 110 3574 ‘
219 3575 300 3632 alteri
313 3577 439 3632 monenti
455 3575 566 3644 obedit,
582 3576 606 3629 is
621 3591 689 3632 vero
708 3574 796 3630 homo
817 3575 923 3630 inutilis
940 3587 991 3631 est.
1040 3574 1070 3628 iu
1083 3573 1222 3647 procella,
1234 3576 1384 3649 agitantur.
1399 3579 1436 3631 At
1448 3577 1551 3630 borum
1563 3595 1619 3631 nna
1633 3577 1764 3633 liberatio
1772 3589 1805 3633 est

219 3662 274 3732 Qui
297 3671 391 3716 antem
414 3659 444 3714 id
470 3671 602 3735 egerunt,
625 3670 658 3716 ut
680 3657 800 3716 aliorum
818 3664 924 3718 anulio
942 3665 992 3718 uli·
1040 3662 1187 3716 conversio
1209 3661 1247 3716 ud
1271 3664 1375 3732 Deum,
1398 3679 1483 3735 quam
1506 3665 1548 3717 illi
1571 3664 1741 3734 inveniunt,
1763 3668 1804 3737 qui

222 3745 292 3821 quid
313 3747 453 3802 discerent
475 3756 561 3819 atque
580 3748 754 3816 invenirent,
776 3747 797 3800 ii
820 3758 885 3804 sunt
905 3751 955 3822 qui
976 3769 992 3805 e
1038 3747 1124 3800 animi
1139 3748 1251 3802 oculum
1266 3759 1350 3820 atque
1364 3765 1461 3803 aurem
1475 3749 1511 3804 ad
1524 3749 1671 3804 bonorum
1695 3769 1803 3823 recupe-

222 3835 356 3888 malisse
378 3833 512 3905 expedire
530 3839 636 3900 sciunt,
656 3843 684 3888 et
705 3833 851 3907 laborum,
870 3837 919 3906 qui
943 3835 990 3892 bic
1037 3833 1177 3888 rollonem
1198 3836 1311 3908 erigunt
1340 3835 1448 3907 quique
1475 3835 1550 3889 rnalo
1577 3838 1660 3908 quod
1687 3849 1803 3891 naturam

219 3930 301 3987 sunt,
334 3919 454 3992 lugaiu
485 3920 605 3974 liberum
638 3919 768 3974 aetherem
795 3922 991 3993 commigrant.
1037 3929 1162 3973 nostrum
1176 3923 1328 3976 comitatur
1350 3920 1482 3992 laenitate
1497 3924 1606 3976 sursum
1624 3921 1743 3978 tollente
1753 3941 1803 3977 rne-

219 4005 275 4062 Sed
296 4008 381 4080 pauci
402 4017 466 4062 sunt
486 4005 635 4078 ejusmodi.
654 4005 786 4079 Plerique
805 4008 880 4062 euim
897 4025 993 4064 omnes
1039 4003 1151 4060 dentur.
1165 4005 1214 4060 Est
1226 4007 1387 4062 veronobis
1398 4007 1641 4062 insitumsimulct
1653 4011 1802 4064 arcessitum

219 4103 284 4148 sunt
297 4093 363 4146 mali
382 4102 411 4147 et
430 4091 628 4150 allectionibus
645 4094 812 4152 mortalibus
828 4095 946 4150 obnoxii
962 4105 990 4150 et
1038 4093 1141 4146 mamm
1159 4093 1242 4148 liberi
1258 4095 1368 4148 arbitrii
1377 4105 1581 4167 motuspraeter
1594 4107 1726 4151 naturam
1736 4139 1743 4165 ,
1755 4115 1801 4168 quo

219 4197 268 4234 sun
289 4179 319 4232 in
338 4189 441 4234 terram
461 4180 642 4236 inclinatione
656 4180 792 4238 vecordes
806 4181 889 4250 iacti,
902 4183 943 4236 ita
960 4191 993 4236 ut
1037 4180 1198 4233 conwndere
1209 4190 1237 4234 et
1249 4179 1351 4235 divinis
1369 4180 1478 4254 legibus
1492 4197 1653 4254 repugnare
1667 4201 1800 4261 conqmur,

218 4264 276 4324 hoc
286 4266 371 4342 etiam
382 4265 488 4322 malum
502 4283 573 4321 exse
586 4268 654 4340 ipsis
666 4269 872 4336 nanciscantur,
884 4268 992 4340 quoda
1037 4267 1151 4320 minime
1173 4269 1338 4341 sentientes,
1354 4277 1490 4340 quantum
1511 4285 1564 4321 nos
1587 4269 1665 4340 ipsos
1681 4269 1801 4324 laedamus

218 4356 280 4409 Deo
293 4351 387 4426 lugere
399 4351 499 4405 volunt
509 4369 594 4424 seque
608 4353 644 4408 ab
659 4351 717 4423 eius
730 4354 933 4412 consuetudine
943 4373 992 4410 se-
1038 4371 1072 4408 eo
1094 4353 1155 4426 ipso
1173 4354 1255 4427 quod
1278 4354 1422 4410 adversari
1444 4357 1504 4410 Deo
1524 4354 1673 4427 videmur;
1694 4357 1740 4411 sed
1755 4357 1798 4409 hoc

214 4442 347 4514 jungere,
374 4456 429 4512 qua
455 4437 574 4494 feliciter
600 4439 775 4510 fruebantur,
801 4440 936 4513 quamdiu
962 4443 992 4498 in
1038 4450 1147 4496 tontum
1165 4445 1298 4496 occaecati
1324 4439 1594 4512 animadvertentes,
1615 4445 1740 4517 potuisse
1758 4458 1799 4496 nos

218 4546 289 4602 pura
310 4528 373 4582 luce
396 4524 545 4600 degebant.
570 4525 785 4600 separationem
799 4527 872 4583 enirn
893 4543 910 4582 a
930 4530 992 4585 Deo
1037 4527 1182 4602 legosejus
1193 4529 1352 4600 aspernari.
1365 4531 1429 4583 Hoc
1441 4527 1540 4599 ntique
1554 4540 1596 4584 est
1609 4529 1694 4586 liberi
1706 4531 1796 4586 arbitrii

209 4613 308 4686 satum
328 4614 415 4686 illud,
429 4613 509 4686 quod
529 4625 632 4668 mentes
655 4613 747 4680 hedit,
773 4614 820 4670 liic
841 4614 990 4688 significat.
1037 4615 1122 4670 nirnin
1134 4621 1162 4670 et
1173 4613 1326 4670 immodica
1338 4615 1452 4669 licentia
1463 4616 1522 4681 uti,
1539 4613 1618 4686 quod
1631 4633 1650 4669 a
1665 4618 1726 4670 Deo
1738 4631 1798 4668 rece·

113 4727 117 4734 ⁴
216 4703 294 4759 Fieri
308 4703 384 4758 enim
404 4699 691 4774 nonpotest,utvel
711 4717 769 4756 uon
793 4700 925 4773 desipiat,
942 4703 990 4774 qui
1037 4699 1266 4772 dereetgrovem
1281 4705 1481 4756 contentionem
1496 4693 1708 4756 adversuseuui
1727 4699 1795 4755 sesci-

216 4791 278 4845 Deo
292 4789 442 4845 destitutus
450 4789 496 4856 sit,
507 4788 552 4842 vel
564 4789 625 4844 Deo
639 4805 697 4841 nou
711 4787 747 4842 sit
761 4787 921 4854 destitutus,
941 4791 990 4861 qui
1036 4805 1104 4860 pere
1126 4788 1276 4856 nudemus,
1299 4805 1356 4862 qun
1379 4804 1444 4843 cum
1458 4805 1495 4843 eo
1510 4788 1652 4861 litigamus
1673 4787 1795 4861 quodsu-

216 4878 248 4933 in
266 4876 417 4933 amentium
437 4874 577 4934 inciderit.
594 4877 643 4946 Est
656 4876 731 4930 enim
751 4891 861 4933 necesso
877 4885 906 4930 et
925 4875 989 4930 insi·
1036 4873 1123 4928 modo
1137 4875 1323 4948 nitimurque,
1336 4876 1360 4928 si
1374 4875 1420 4930 ille
1432 4874 1524 4948 dicut,
1538 4877 1602 4930 Hoc
1614 4893 1653 4930 ue
1666 4876 1758 4944 iacias,
1771 4872 1794 4927 id

215 4965 340 5036 pientorn
360 4967 423 5020 Deo
441 4981 555 5034 carere,
571 4973 599 5018 et
612 4965 675 5020 Deo
693 4973 836 5020 carentem
850 4960 987 5036 desipere,
1035 4962 1126 5034 ipsum
1135 4964 1257 5018 maxime
1271 4961 1378 5030 lacere,
1392 4963 1458 5017 etsi
1473 4971 1570 5018 rursus
1584 4962 1675 5031 dicat,
1691 4965 1748 5021 lior
1760 4960 1793 5014 ii·

217 5049 337 5124 Utrique
348 5061 457 5122 cutem,
471 5051 565 5128 utqui
579 5049 617 5110 ad
628 5050 771 5110 bonorum
779 5049 902 5108 studium
914 5050 990 5110 esci·
1036 5050 1108 5124 cito,
1123 5048 1154 5106 id
1167 5049 1259 5124 iprum
1269 5065 1330 5106 uon
1343 5049 1435 5106 lacere
1442 5090 1451 5121 ,
1466 5059 1498 5106 ut
1510 5050 1552 5106 illi
1566 5051 1711 5126 utrimque
1723 5049 1791 5104 mise-
1843 5089 1844 5092 ,
