3840 5924
487 390 527 450 ΙΝ
550 387 792 448 EMPEDOCLlS
813 386 1027 452 CAlllllNUM
1046 391 1263 466 IlELlQUIhS.
1634 404 1673 456 ιθ

67 509 150 586 jecit,
166 529 226 588 qua
238 513 400 570 mutatione
412 511 496 570 locus
515 531 573 570 non
587 524 661 588 eget.
678 509 726 569 Vs.
741 511 779 568 66
794 513 854 590 θρυ-
871 513 879 570 l
901 513 1016 572 tissime
1035 513 1114 591 conj.
1141 515 1298 590 Berglrius3
1316 511 1381 592 μέθη
1408 514 1577 594 Simplicius
1598 517 1678 593 quod

71 604 165 675 φθοῐτιι
179 599 368 678 Simplicius,
391 599 529 679 θριφθεῖοα
547 600 634 658 Ραννα.
661 612 689 656 et
704 598 796 659 Stein.
817 631 852 642 -
902 612 1008 659 temere
1017 601 1282 679 arripuitSturzius
1294 601 1380 659 allato
1391 601 1520 660 Platonis
1530 603 1596 660 loco
1610 603 1678 682 Lys.

71 685 172 760 θρέπτη
196 688 317 765 Simpl,
333 687 439 758 ἄτιένιτη
453 687 549 745 Stura.
567 686 661 758 διέπτη
681 685 809 760 Scaliger
828 696 857 742 et
902 705 930 762 p.
944 688 1032 746 aaaC
1048 708 1055 743 ι
1070 685 1199 764 μεθέομιν
1209 686 1260 744 inl>
1272 687 1415 765 τοῦλόγου.
1428 688 1476 747 do.
1488 689 1681 750 Damascenus

72 773 209 834 llarstcn.
226 774 336 833 Sensus
356 787 425 832 est:
456 799 469 825 ο
492 773 605 852 Duplex
621 787 664 832 est
687 773 855 833 mortalium
902 774 934 830 in
948 773 1028 834 Stob.
1052 775 1185 854 Append.
1211 775 1303 835 Gaisf.
1325 796 1354 853 p.
1374 777 1409 844 34
1429 797 1436 834 :
1456 776 1514 834 ἀλλ’
1528 777 1573 854 dyc
1592 778 1679 853 μύθων

73 874 176 932 ortus,
188 863 298 940 duplex
316 863 387 921 item
402 861 549 922 interitus.
562 863 648 921 illum
669 865 747 922 enim
764 860 858 924 coitus
902 862 985 934 κλῦθι,
996 863 1108 939 μάθησις
1117 861 1168 942 γάρ
1180 863 1274 942 φρένας
1285 862 1354 930 αὔξει
1365 882 1449 940 quem
1459 864 1591 940 sequitur
1600 865 1681 923 Prel-

72 951 208 1007 omnium
224 951 336 1026 gignit,
358 949 484 1028 perdens
506 950 593 1009 simul
619 969 668 1009 eas
688 971 753 1029 quae
774 965 858 1010 antea
904 950 980 1008 letus
993 950 1062 1011 hist.
1074 948 1147 1029 phil.
1165 970 1333 1024 graecurom.
1349 970 1378 1028 p.
1394 949 1599 1010 115.F.undem
1615 951 1682 1009 Em·

74 1038 190 1095 lucrant
207 1057 255 1096 res
271 1059 278 1093 ι
293 1037 341 1096 hic
353 1056 456 1096 rursus
472 1038 606 1097 diremtis
625 1037 776 1114 omnibus,
793 1039 814 1096 i.
828 1057 859 1110 e,
904 1036 1032 1114 pedoclis
1053 1058 1168 1096 versum
1184 1039 1306 1096 intuitus
1321 1037 1454 1096 Clemens
1472 1037 1553 1095 illex.
1572 1037 1680 1097 Strom.

73 1123 210 1201 partibus
237 1127 275 1183 iis
297 1145 362 1202 quae
383 1125 466 1202 prius
487 1126 599 1184 unitate
624 1125 856 1198 continebantur,
904 1126 967 1204 Vp.
980 1125 1074 1204 5890
1091 1127 1139 1206 (p.
1150 1129 1206 1202 697
1225 1125 1319 1202 Pott.)
1334 1129 1396 1196 ιῖιςθΙ
1411 1123 1522 1201 μάθησις
1538 1129 1598 1183 κατ’
1613 1124 1681 1202 Ἐμ-

74 1225 163 1270 natus
174 1225 263 1288 atque
282 1213 369 1270 alitus
388 1213 503 1270 dissilit.
521 1237 534 1266 ιι
552 1212 644 1272 Paulo
665 1213 761 1271 minus
775 1233 857 1271 accu·
904 1213 1031 1271 πεδοιιλέα
1045 1213 1091 1280 τὰς
1112 1213 1206 1292 φρένας
1224 1209 1311 1284 αὔξει,
1336 1209 1415 1278 οὔτως
1437 1212 1506 1282 hel<
1524 1210 1568 1268 τὸν
1594 1211 1682 1292 αὔριον

75 1313 136 1358 rate
150 1300 209 1358 hoc
224 1301 332 1376 dogma
345 1300 457 1359 rettulit
481 1301 653 1360 Aristoteles
666 1299 702 1358 de
724 1299 857 1374 Melisso,
905 1300 1061 1372 τετούθησις
1078 1299 1148 1368 αὔξει
1162 1298 1209 1370 τὴν
1223 1297 1323 1360 τέοτιν.
1336 1299 1392 1356 Sed
1404 1318 1440 1356 cx
1458 1300 1636 1357 Damascene
1655 1313 1684 1358 et

75 1386 149 1445 lien.
169 1401 198 1445 et
212 1387 323 1463 Gorgia
336 1407 399 1466 cap.
411 1409 428 1446 a
441 1407 507 1466 pag.
521 1410 555 1446 ar
569 1388 615 1448 ed.
630 1401 722 1448 nostr.
738 1387 807 1446 titt
816 1411 860 1466 ριι-
904 1389 1051 1448 Clemente
1067 1403 1144 1448 recte
1161 1387 1304 1447 conclusit
1323 1387 1463 1462 llerglrius
1481 1387 1558 1465 apud
1577 1387 1684 1466 Empe·

76 1474 214 1552 ογομένων
233 1499 263 1534 τι
276 1476 322 1534 ιιαλ
349 1476 538 1552 συντιθεμένων
557 1475 638 1558 πυρὸς
653 1475 765 1536 καὶτῶν
792 1475 860 1554 μετά
904 1475 1016 1535 doclem
1033 1476 1186 1552 legendum
1207 1494 1271 1534 esse
1291 1474 1372 1550 μέθη.
1387 1474 1435 1533 Vs.
1463 1477 1510 1549 76.
1528 1477 1684 1555 πιφαύσκων

76 1562 159 1642 τυρὸς
177 1562 316 1641 γίγνεσθαι
333 1565 368 1622 τά
391 1565 496 1638 πολλά.
524 1563 750 1640 διαλλαττομένων
764 1586 794 1622 τι
814 1563 860 1622 καὶ
905 1565 1012 1640 vulgo;
1026 1563 1165 1644 τιφάοιιων
1177 1564 1240 1624 cod.
1262 1563 1297 1623 D.
1310 1561 1467 1622 Brundisii.
1482 1561 1531 1622 Vs.
1549 1565 1595 1635 76.
1608 1563 1683 1622 Sim·

76 1648 285 1727 διακρινομένων
295 1649 445 1730 φθιέρεσθοιι
455 1653 547 1724 πάλιν,
557 1651 603 1710 καθ
612 1643 679 1711 εἶναι
687 1654 720 1728 τῇ
734 1649 781 1726 μὲν
792 1649 860 1728 μύξαι
904 1653 1008 1730 plicius
1022 1652 1110 1730 Phys.
1121 1652 1134 1710 l
1145 1653 1164 1714 l.
1176 1654 1193 1711 6
1206 1653 1228 1710 tt
1240 1671 1368 1711 seorsum
1383 1651 1513 1710 excitans
1524 1653 1585 1710 haec
1594 1652 1685 1712 verba

75 1736 165 1796 πολλά
179 1759 209 1795 τι
228 1737 274 1796 ιιαλ
296 1742 329 1816 τῇ
345 1738 490 1818 διαιρέσει,
503 1744 537 1820 τῇ
550 1739 577 1798 δέ
594 1738 670 1820 φύσει
685 1738 788 1819 τέτταρ’
798 1739 860 1798 άνεο
904 1741 974 1816 legit
983 1742 1075 1800 cillere
1090 1742 1113 1800 δ’
1128 1731 1161 1798 οὔ
1180 1760 1235 1818 pro
1249 1738 1308 1798 τοτέ
1321 1738 1343 1796 δ’
1362 1728 1394 1797 αὔ
1409 1757 1514 1797 eorum
1529 1759 1594 1816 quae
1607 1760 1683 1820 prae·

75 1827 127 1880 τῶν
152 1823 278 1894 alcluith
293 1825 330 1886 έν.
350 1825 421 1896 Quae
437 1842 532 1886 autem
546 1827 595 1885 hic
614 1825 779 1898 traduntur,
800 1845 860 1886 non
905 1826 1010 1886 cedunt
1024 1829 1136 1886 ratione
1146 1849 1206 1886 non
1219 1827 1326 1888 habita.

74 1913 149 1970 satis
176 1926 245 1990 apte
268 1913 364 1975 Karst.
387 1916 424 1974 ad
445 1901 547 1974 mhndi
567 1901 712 1990 originem
732 1914 858 1986 rettulit,
944 1913 991 1974 Vs.
1014 1936 1062 1991 79.
1078 1914 1249 1993 Simplicius
1264 1927 1391 1992 utroque
1408 1913 1472 1972 loco
1486 1911 1561 1994 ἠέρος
1572 1913 1683 1974 άτιλετον

76 2019 169 2075 quum
184 2000 324 2060 universe
334 2003 372 2061 ad
388 2016 470 2062 ortus
484 2015 514 2061 et
526 2003 662 2062 interitus
674 2002 752 2077 leges
768 2003 861 2081 expli·
904 1999 982 2080 ὔψος,
1003 2001 1147 2060 Clemens·
1157 1998 1256 2079 αἰθέρος
1274 2000 1386 2060 ἄπλετον
1410 1998 1488 2080 ὔψος,
1513 2000 1684 2062 Plutarchus

75 2087 184 2146 caudas
203 2088 379 2166 pertineant.
398 2090 445 2149 Vs.
464 2092 513 2162 67.
537 2091 640 2165 οὔδαμᾶ
661 2088 763 2166 Simpl.
787 2089 857 2152 edit.
905 2087 1004 2168 αἰθέρος
1017 2088 1094 2162 ἤπιον
1107 2088 1180 2168 lidos.
1192 2089 1241 2150 Vs.
1256 2091 1305 2148 80.
1318 2086 1390 2166 δίχα·
1401 2087 1685 2148 τῶν-έκαστονδίιιι·

77 2174 158 2244 ttd.;
190 2191 383 2235 correxerunt
412 2179 547 2239 editores.
570 2179 687 2236 Taetzes
711 2177 858 2237 llomeric.
905 2174 1011 2253 plicius
1024 2177 1069 2236 ed.
1087 2176 1150 2236 Ald.
1160 2175 1302 2234 Caeterum
1315 2175 1393 2234 idem
1405 2188 1531 2253 utroque
1544 2177 1609 2234 loco
1620 2178 1684 2236 άτά·

77 2284 105 2339 p.
120 2264 222 2324 saed.
238 2264 334 2324 Schir.
346 2265 492 2342 subjectos
500 2265 617 2324 exhibet
626 2284 684 2324 τοι.
696 2265 784 2341 67-69
795 2286 861 2325 ver·
904 2263 999 2321 λαντον
1027 2261 1156 2334 ἕκαστον,
1187 2262 1320 2324 Karsten.
1361 2277 1389 2322 et
1416 2262 1506 2325 Stein.
1538 2265 1684 2327 ἀτάλαντον

77 2349 163 2409 sibus
181 2351 325 2427 159-161.
342 2351 402 2412 Etsi
427 2373 499 2412 vero
519 2373 573 2431 pro
591 2353 757 2412 ἀλλάσσοντι
775 2353 861 2412 habet
906 2348 1030 2425 ἇνιάνιη,
1045 2351 1134 2412 Panz.
1153 2348 1298 2410 ἀτάλαντον
1308 2350 1420 2432 έιιάατῳ.
1432 2351 1480 2414 Vs.
1497 2353 1546 2414 81.
1557 2349 1684 2438 σιλότσι]

79 2437 247 2512 έμιιῦάμινά
256 2438 287 2496 τέ
297 2463 326 2516 γε
336 2442 445 2499 omisso
456 2440 516 2512 καλ,
527 2460 587 2498 non
602 2452 696 2498 tamen
707 2455 861 2518 propterea
905 2437 1097 2512 Plutarchus;
1114 2435 1187 2518 φιλίη
1202 2437 1314 2499 Sextus.
1328 2437 1395 2513 μετὰ
1404 2445 1485 2497 τοῖσιν
1496 2439 1619 2516 ]vulgo;
1634 2441 1684 2500 alii

78 2545 144 2580 cum
159 2524 384 2584 Schneidewino
394 2547 424 2604 p.
442 2527 497 2601 159
510 2527 657 2584 diversum
673 2525 751 2584 hunc
765 2526 802 2584 ab
816 2527 860 2586 al·
906 2524 975 2583 libri
989 2527 1025 2586 έν.
1039 2524 1141 2603 ltaque
1155 2524 1232 2602 apud
1243 2525 1321 2586 Plut.
1337 2525 1476 2584 scribitur
1486 2527 1571 2584 etiam
1587 2531 1613 2588 έν
1624 2528 1685 2600 τοῖς,

79 2623 142 2668 tero
155 2613 335 2670 uersiculum
348 2633 411 2672 esse
422 2616 585 2672 statuimus.
603 2613 650 2673 Vs.
667 2615 716 2671 68.
737 2615 861 2694 ουνερχά-
904 2613 982 2690 apud
995 2613 1179 2692 Simplicium
1194 2613 1222 2670 έν
1232 2619 1324 2671 τοῖσιν.
1341 2611 1406 2688 ἴση]
1422 2613 1609 2691 Simplicius;
1628 2613 1684 2674 έοον

81 2698 137 2769 μεν’
150 2699 188 2764 εἰς
206 2697 235 2756 ἓν
250 2697 353 2758 ἅπαντα
371 2700 474 2780 simpl.
494 2699 672 2780 συνερχόμενα
692 2701 754 2760 τάδε
774 2702 860 2761 πάντα
903 2701 1019 2763 Sextus.
1031 2702 1115 2773 Quod
1129 2703 1273 2779 reliquum
1283 2715 1336 2773 est,
1349 2721 1383 2760 ea
1393 2722 1458 2780 quae
1468 2701 1517 2760 hic
1530 2703 1685 2761 traduntur

81 2783 223 2844 Stobaeus.
237 2785 288 2847 Vs.
304 2788 353 2863 69.
364 2779 398 2846 οὔ
413 2787 465 2868 δέχ’
479 2789 578 2848 έκαστο
594 2789 780 2867 Simplicius3
799 2779 860 2850 αὔτε
904 2809 964 2848 non
991 2790 1183 2866 intelligimus
1215 2789 1251 2848 de
1272 2789 1365 2848 forma
1388 2791 1522 2848 amicitiae
1548 2803 1684 2869 tanquam

79 2872 179 2931 ἕκαστα
195 2873 347 2946 Stobaeus3
369 2865 402 2933 οὔ
423 2876 484 2954 δίχα
498 2874 586 2936 πάντα
608 2877 655 2935 vel
682 2875 734 2956 δέχ’
754 2877 860 2938 ἅπαντα
905 2896 1062 2954 corporeae,
1073 2876 1124 2935 sed
1133 2876 1319 2935 utdiscordia
1328 2876 1365 2934 ab
1377 2877 1584 2936 elementorum
1595 2879 1684 2956 globo

79 2960 183 3038 Simpl.
203 2961 273 3020 aliis
288 2962 371 3021 locis.
388 2953 460 3029 αὔθις
471 2962 570 3022 έκαστα
582 2962 678 3030 νιίιιεος
694 2963 769 3043 ἄχθει
782 2979 858 3026 auct.
905 2965 1036 3042 sejuncta
1049 2965 1168 3037 dicitur,
1184 2966 1224 3022 ita
1237 2965 1299 3022 haec
1312 2984 1364 3042 per
1377 2983 1478 3025 omnes
1496 2984 1597 3025 eorum
1617 2987 1684 3046 par·

79 3047 131 3106 rit.
149 3047 236 3122 Hom.
257 3048 403 3127 φορεύμενα
416 3049 520 3129 Simpl.
537 3051 588 3128 qui
604 3050 678 3109 alibi
694 3048 859 3130 φορούμενα;
905 3066 947 3110 tes
958 3072 1178 3130 quoquoversus
1192 3052 1299 3110 diflusa
1315 3071 1385 3112 esse.
1395 3052 1442 3112 l's.
1458 3053 1505 3110 8ο.
1517 3053 1565 3124 τὴν
1577 3053 1609 3112 οὔ
1631 3056 1684 3136 νύιρ

78 3133 260 3211 φρουρούμενα
272 3134 353 3194 Stob.
367 3135 416 3196 Vs.
431 3157 480 3210 7ο.
494 3135 591 3216 οὔτως]
607 3157 720 3198 aversu
734 3138 859 3216 sejunxi.
905 3135 1013 3221 δέρκου]
1029 3153 1219 3198 correxerunt
1229 3139 1420 3217 interpretes3
1436 3140 1484 3210 τὴν
1496 3139 1527 3200 αὔ
1542 3143 1579 3219 νῷ
1591 3140 1683 3219 δέρκου

79 3220 228 3279 lieltherus
242 3221 333 3283 Arist.
348 3223 437 3301 Phys.
454 3222 531 3295 Vlll,
547 3246 557 3283 ι
572 3246 601 3304 p.
619 3225 677 3285 250
686 3225 769 3304 λέγων
780 3225 860 3294 οὔτως
905 3227 1076 3286 Plutarchus
1087 3270 1097 3300 ‚
1108 3227 1140 3299 ἣν
1157 3227 1194 3285 οὔ
1203 3227 1262 3287 κτλ.
1277 3226 1418 3286 Clemens.
1431 3227 1480 3288 Vs.
1495 3228 1542 3287 63.
1557 3226 1682 3310 θνητοῖσι]

77 3306 186 3384 -ἠμέν
201 3306 230 3366 ἓν
251 3309 282 3366 έιι
295 3331 351 3371 ιι.τ.
364 3313 403 3386 lc,
423 3311 490 3370 οὔτω
504 3305 556 3392 θῇ
572 3314 619 3389 μέν
638 3312 666 3372 ἓν
686 3313 773 3374 Panz.
788 3335 816 3393 p.
833 3318 859 3376 8.
905 3314 1009 3390 vulg03
1029 3318 1133 3392 φυτοῖσι
1144 3313 1210 3375 cod.
1225 3314 1258 3373 C.
1273 3313 1439 3387 Brundisii3
1456 3317 1585 3387 θνητοῖσιν
1599 3315 1685 3383 ένέζε-

77 3394 126 3456 l's.
143 3396 254 3468 7ι.ἠδθ
276 3391 394 3476 Bellus}
418 3399 444 3460 δέ
460 3400 530 3460 libri
545 3418 611 3460 cum
635 3402 801 3481 Simpl.lls.
821 3426 857 3477 7ο
904 3424 949 3460 ται
961 3402 1057 3462 Karst.
1069 3414 1190 3481 propter
1199 3422 1229 3462 v.
1241 3403 1278 3460 86
1294 3421 1353 3460 non
1367 3415 1517 3482 perspecta
1530 3404 1681 3462 sententia.
1731 3413 1734 3422 '

76 3483 198 3560 γέγνιται
208 3483 313 3562 Simpl.
326 3487 378 3562 qui
391 3486 486 3545 laudat
499 3488 575 3546 hunc
588 3509 705 3548 versum
725 3490 744 3547 f.
760 3493 857 3564 2766.
903 3489 951 3548 Vs.
980 3493 1026 3556 84.
1052 3491 1085 3548 ἰδ’
1110 3488 1199 3565 θμοέϊα
1223 3489 1328 3563 vulgo,
1355 3511 1384 3547 τε
1414 3489 1460 3548 καθ
1489 3489 1586 3570 ἄρθμια
1616 3489 1681 3551 cod.

77 3569 169 3648 τῇμέν
185 3570 335 3647 θντιέγονται
349 3573 475 3636 Geelius.
488 3574 535 3634 Vs.
547 3577 594 3646 73.
611 3576 669 3636 τάδ’
682 3576 858 3660 ἀλλάσσοντι]
905 3575 1068 3648 Brundisii,
1082 3576 1118 3637 cs.
1135 3597 1162 3633 ν.
1175 3577 1243 3635 οὔτ.
1255 3573 1386 3652 Utraque
1400 3575 1487 3633 lectio
1501 3594 1582 3650 acque
1594 3573 1682 3638 bona.

78 3657 252 3737 Simplicius
261 3659 353 3736 Phys.
363 3660 460 3719 Villi.
478 3664 534 3721 256
546 3663 586 3736 163
599 3654 617 3743 ᾗ
630 3663 656 3722 δέ
668 3665 858 3726 διαλλάσσοντα
904 3665 955 3726 Vs.
969 3665 1005 3722 85
1020 3661 1186 3742 γηθοσύνην]
1201 3662 1263 3721 Etsi
1274 3663 1350 3721 inter
1364 3661 1494 3740 γηθοσύνη
1504 3676 1532 3721 et
1547 3661 1682 3738 γειτσσῦνη

75 3743 181 3823 Simpl.
200 3745 237 3804 de
252 3746 335 3804 Coelo
346 3765 393 3826 ap.
410 3749 535 3826 Peyron.
555 3752 575 3810 l.
594 3752 615 3809 l.
637 3752 710 3811 etin
725 3753 856 3814 Brendis.
904 3764 993 3811 estest
1009 3751 1187 3821 similitudo,
1210 3770 1295 3827 quam
1312 3750 1492 3825 grammatici
1508 3751 1684 3826 agnomina-

74 3830 172 3890 Schol.
187 3853 219 3910 p.
234 3835 293 3904 476
305 3846 334 3891 et
353 3837 410 3906 487
424 3837 503 3912 quod
521 3839 631 3916 recepit
643 3838 790 3913 Sturnius;
801 3833 820 3920 ᾖ
832 3840 859 3902 δέ
905 3842 1012 3900 tionem
1025 3839 1087 3898 sive
1098 3838 1298 3916 παρονομασέαν
1317 3839 1470 3898 nominant
1486 3857 1494 3899 :
1510 3850 1604 3914 tanren
1623 3857 1683 3897 non

73 3919 136 3976 τάδ’
149 3918 321 3979 ἀλλάσσοντι
337 3920 507 3981 Aristoteles
521 3923 610 4002 Phys.
626 3925 710 3998 Vlll,
730 3948 741 3984 ι
758 3949 788 4006 p.
802 3929 856 3988 251
903 3941 944 3987 est
957 3926 1036 4006 quod
1046 3947 1111 3985 cum
1122 3925 1235 3984 Steinio
1244 3925 1446 4004 Empedoclem
1456 3925 1601 4003 γηθοσύνην
1613 3928 1683 3985 scri·

72 4007 118 4064 ed.
144 4007 283 4076 Bekker„
293 4005 345 4065 ubi
367 4007 416 4065 alii
429 4007 514 4070 codd.
535 4009 568 4069 τά
587 4011 793 4086 διαλλάσσοντα,
808 4017 858 4075 alii
904 4015 1018 4073 hentem
1037 4015 1079 4072 sic
1094 4013 1176 4090 loqui
1188 4013 1404 4084 existimemus,
1416 4026 1451 4071 ut
1464 4012 1585 4072 alterum
1596 4032 1683 4072 voca-

71 4095 134 4151 rdl’
149 4093 333 4154 ἀλλάττοντα.
349 4094 488 4154 Caeterum
509 4096 614 4170 οὔδαρέι
638 4101 808 4161 Aristoteles
831 4119 859 4164 et
904 4101 1006 4162 bulum
1025 4114 1097 4160 tecte
1111 4101 1301 4176 significetur,
1316 4101 1475 4180 presertim
1489 4120 1578 4178 quum
1593 4123 1682 4180 γειτυ·

69 4181 265 4260 Simplicius,
279 4181 358 4259 apud
369 4202 454 4260 quem
463 4185 549 4242 etiam
559 4186 674 4263 οὐδαμοῦ
684 4187 799 4264 legitur.
811 4191 858 4252 Vs.
904 4189 967 4263 οὔνη
984 4189 1155 4268 posterioris
1167 4190 1258 4248 aetatis
1269 4209 1329 4247 vox
1342 4189 1396 4266 (cl.
1411 4186 1507 4247 Strah.
1522 4187 1573 4260 xi,
1589 4188 1643 4264 59¹
1655 4188 1678 4269 l,

70 4279 120 4341 74.
137 4268 285 4346 ἀκίνητον]
296 4271 412 4346 Bergk,
428 4269 546 4344 ἀκίνητοι
561 4267 730 4334 Aristoteles
743 4277 857 4338 σιδίων·
903 4296 1068 4355 nomenque
1078 4276 1198 4335 minime
1212 4281 1357 4355 poeticum
1369 4277 1416 4335 sit.
1429 4281 1478 4337 Vs.
1496 4279 1542 4335 86.
1554 4275 1603 4348 τὴν
1613 4276 1682 4345 οὔτις

70 4358 201 4434 plicius,
216 4375 315 4434 neque
328 4358 413 4416 aliter
429 4359 562 4420 Brandis.
584 4360 681 4422 Schol.
697 4384 727 4442 p.
747 4369 804 4438 476
823 4369 855 4428 Β.
904 4364 961 4441 μετ’
973 4363 1071 4424 ὔοοιοιν
1083 4364 1252 4442 Simplicius
1268 4365 1312 4424 ed.
1326 4364 1390 4423 tid.
1405 4364 1490 4435 Quod
1506 4384 1594 4441 quum
1611 4365 1681 4424 lerri

68 4457 142 4520 etp.
161 4445 236 4514 487.
255 4442 288 4514 B;
301 4442 411 4513 ἀκίνητοι
428 4447 516 4504 semel
531 4445 766 4528 Simplicius(v.
787 4453 857 4532 158)
904 4465 1043 4530 nequeat,
1067 4453 1159 4511 variis
1191 4453 1366 4529 conjecturis
1393 4452 1555 4530 propositis
1578 4471 1681 4511 sanare

68 4549 159 4606 quam
172 4530 353 4607 scripturam
368 4531 393 4589 ei
406 4531 556 4609 probatam
574 4535 662 4594 fuisse
674 4539 801 4598 ostendit
817 4542 859 4599 in·
904 4542 998 4598 lotum
1017 4540 1075 4598 viri
1090 4538 1167 4598 docti
1193 4539 1374 4600 studuerunt.
1397 4542 1439 4597 hc
1464 4539 1594 4618 primum
1615 4540 1682 4616 qui·

73 4617 251 4696 terpretatio
273 4615 386 4694 adjecta
405 4619 494 4696 Phys.
509 4621 528 4680 l.
546 4623 603 4680 258
618 4623 640 4680 B
656 4622 707 4705 (in
726 4626 856 4690 Brandis.
903 4627 966 4684 deut
989 4626 1120 4685 Sturzius
1143 4626 1217 4684 male
1235 4625 1359 4703 conjecit
1384 4628 1440 4702 μεθ’
1462 4626 1576 4700 ἅπασιν,
1593 4645 1680 4704 quam

70 4704 161 4764 schol.
179 4723 210 4782 p.
229 4704 289 4770 4ιό
308 4704 417 4780 illaad
430 4707 514 4786 ταύτῃ
529 4705 601 4765 ettad
621 4711 694 4783 ἐστι,
710 4713 857 4790 τουτέστιν,
903 4711 1098 4791 conjecturam
1122 4713 1261 4789 probavit
1290 4710 1476 4783 Karstenius,
1509 4712 1680 4772 Brendisius

71 4787 152 4857 ἀίδιος
167 4791 288 4860 ἡαῦτῦιν
300 4791 337 4858 εἰς
352 4789 457 4864 άλληλα
469 4793 603 4870 μεταῦολὴ
618 4798 677 4855 κτλ.
694 4797 769 4856 ilinc
783 4799 857 4858 Kar·
902 4801 969 4860 hist.
992 4801 1065 4878 phil.
1088 4814 1155 4858 tom.
1176 4801 1197 4858 l.
1219 4821 1249 4879 p.
1268 4809 1324 4868 αι4
1341 4799 1407 4875 perh
1421 4802 1519 4876 τοῖσιν,
1540 4801 1681 4876 Bergltius

71 4878 182 4936 stenius
194 4877 310 4948 άιιένητοι
325 4877 355 4935 h.
372 4880 392 4937 l.
406 4879 547 4950 defendit,
567 4883 670 4955 άκινητθ
683 4883 772 4946 Pana.
785 4886 856 4946 Post
902 4909 947 4967 ap.
966 4889 1128 4946 Prellerum
1146 4889 1214 4949 hist.
1230 4889 1347 4967 philp.
1371 4890 1425 4946 116
1441 4886 1489 4958 τὴν
1503 4889 1604 4946 ὔσσοισι
1621 4885 1680 4959 μέτ’

72 4963 148 5022 hunc
157 4983 278 5022 versum
294 4963 445 5044 Simplicii
460 4969 629 5027 auctoritate
644 4971 788 5046 neglecta,
805 4975 856 5050 qui
901 4975 977 5044 οὔτις,
991 4976 999 5033 i
1003 4995 1054 5054 pse
1069 4975 1215 5034 Prellerus
1229 4975 1277 5048 τὴν
1291 4973 1361 5040 οὔτις
1374 4973 1400 5051 γ’
1412 4974 1473 5049 (vel
1484 4973 1580 5050 οὔδεὶς)
1591 4971 1680 5031 deam·

75 5051 172 5110 ctnnia
192 5072 254 5110 uno
278 5065 381 5112 tenore
403 5055 544 5130 usquead
559 5055 613 5114 αἰὲν
627 5061 705 5127 ὁμοῖα
720 5059 854 5133 exhibet,
902 5085 952 5121 σιν.
964 5062 1031 5135 Sed,
1047 5063 1124 5141 quod
1136 5083 1206 5142 pace
1216 5063 1449 5122 doctissimorum
1457 5061 1590 5119 virorum
1600 5059 1680 5119 dixe·

75 5137 277 5218 lacnnaesigna
290 5141 398 5221 posuit
413 5139 550 5202 Steinius.
567 5143 615 5203 Vs.
640 5146 684 5215 75.
706 5144 791 5228 ράθη]
805 5167 857 5207 ve·
903 5151 974 5223 rim,
1001 5139 1081 5210 solus
1103 5151 1343 5211 Panzerbieterus
1370 5149 1539 5208 sententiam
1562 5145 1679 5208 ridetur
