3840 5924
721 407 933 474 POOEhllllll.
1523 462 1526 466 .
1585 408 1625 485 νίν·

69 557 136 637 sophi
148 551 250 630 etquid
268 550 345 608 inter
365 565 414 606 eos
437 557 467 604 et
489 543 621 624 reliquos
639 543 805 614 interesset;
854 539 999 616 rebusque
1016 537 1104 597 bonis
1122 550 1150 596 et
1165 537 1249 596 malis
1271 553 1412 613 quaerere.
1433 535 1509 606 Quid
1523 537 1626 614 plural

69 644 231 722 Pythagoram
258 647 354 695 autem
378 631 577 711 respondisse,
603 629 729 688 similem
749 626 807 687 sibi
853 625 1100 704 philosophiam
1122 624 1279 683 latentibus
1291 643 1388 682 rerum
1408 624 1503 682 causis
1522 625 1626 702 anqui-

67 730 146 789 videri
156 726 238 786 uitam
259 723 429 792 hominum,
453 731 483 778 et
498 730 654 778 mercatum
672 735 738 774 eum
756 717 808 792 qui
852 713 950 772 rendis
980 712 1113 770 avocavit
1145 723 1229 788 atquc
1257 711 1294 768 ad
1321 710 1411 770 vitatu
1445 729 1626 770 communem

66 815 195 874 haberetur
221 811 349 870 maximo
375 807 512 866 ludorum
536 815 692 884 apparatu,
721 804 809 862 totius
853 800 989 858 traduxit.
1019 797 1111 875 Cujus
1133 797 1243 874 ingenii
1265 796 1448 872 magnitudo,
1475 797 1628 876 multiplex

65 902 164 960 Gracia
174 896 347 956 celebritate.
367 894 439 953 Nam
453 893 560 952 utillic
573 891 622 950 alii
635 888 810 968 corporibus
855 889 930 946 ratio
955 885 1117 946 disserendi
1141 902 1296 962 rerumque
1321 883 1404 961 copia
1428 896 1458 940 et
1485 885 1626 956 varietas,

65 985 202 1046 exercitatis
220 983 344 1059 gloriam
360 993 389 1040 et
401 977 583 1039 nobilitatem
598 995 713 1036 coronae
732 987 810 1053 pete-
854 993 974 1053 quarum
990 973 1052 1032 aliae
1070 973 1136 1033 aliis
1155 971 1318 1052 placebant,
1340 974 1425 1048 plura
1445 971 1558 1048 peperit
1579 991 1629 1046 ge·

65 1085 130 1144 rent,
144 1072 189 1129 alii
203 1068 317 1127 emendi
339 1079 387 1126 aut
401 1064 669 1142 vendendiquaestu
685 1075 713 1119 et
729 1062 810 1120 lucro
855 1081 925 1121 nera
960 1059 1190 1121 dissentientium
1219 1057 1469 1137 philosophorum.
1516 1055 1629 1116 Etenim

65 1160 310 1228 ducerentur,esset
321 1167 415 1212 autem
435 1151 580 1230 quoddam
596 1167 686 1226 genus
698 1167 812 1220 eorum,
855 1163 958 1228 praeter
975 1147 1121 1208 Platonem
1140 1159 1169 1206 ct
1188 1145 1407 1224 Xenophontem
1428 1145 1479 1222 qui
1501 1145 1631 1220 egregias

65 1245 138 1320 idque
151 1243 193 1300 vel
208 1241 336 1299 maritime
347 1240 522 1315 ingenuum,
538 1238 589 1314 qni
604 1255 658 1295 nec
677 1234 812 1314 plausum
854 1235 918 1312 ejus
933 1236 1142 1312 disputationes
1161 1246 1190 1291 et
1208 1233 1284 1292 dicta
1302 1230 1504 1290 memorabilia
1525 1231 1631 1290 litteris

63 1349 107 1388 nec
125 1331 229 1387 lucrum
245 1338 424 1404 quaterent,
437 1323 488 1382 sed
502 1323 618 1382 visendi
637 1320 813 1379 causaveni·
855 1324 1077 1398 consignarunt,
1104 1319 1188 1378 multi
1211 1319 1248 1378 ab
1275 1339 1310 1378 eo
1334 1319 1455 1398 profecti
1479 1331 1547 1378 sunt
1569 1317 1631 1379 alii.

65 1414 303 1488 rentstudicseque
314 1412 530 1490 perspicerent,
541 1408 612 1485 quid
632 1418 764 1483 ageretur
784 1416 814 1462 et
857 1411 898 1468 Ac
917 1409 955 1488 (8)
970 1411 1065 1486 primo
1083 1408 1120 1466 ab
1136 1409 1201 1486 ipso
1214 1405 1334 1466 Platone
1348 1405 1515 1466 Aristoteles
1534 1419 1562 1464 et
1575 1404 1633 1464 Xe-

64 1521 112 1576 quo
129 1497 208 1556 modo
230 1499 324 1556 :item
340 1517 394 1556 nos
416 1498 500 1573 quasi
514 1494 545 1554 in
564 1508 707 1553 mercatus
726 1512 814 1570 quan·
857 1509 1002 1568 nocrates;
1019 1515 1142 1574 quornm
1170 1495 1240 1552 alter
1267 1494 1542 1572 Peripateticorum,
1558 1493 1631 1552 alter

65 1585 119 1642 dam
138 1583 328 1642 celebritatem
341 1601 379 1641 ex
393 1581 467 1640 urbe
493 1582 606 1657 aliqua,
623 1581 666 1639 sic
688 1581 719 1638 in
739 1579 814 1638 hanc
858 1584 1019 1642 Academiae
1029 1602 1132 1641 nomen
1147 1581 1290 1654 obtinuit;
1303 1581 1407 1640 deinde
1418 1579 1631 1640 abAntisthene

62 1673 137 1729 vitam
150 1669 251 1728 exalia
264 1670 367 1728 ritaet
384 1668 656 1746 naturaproiectds,
672 1665 814 1742 aliosglo·
858 1671 909 1749 qui
931 1671 1098 1750 patientiam
1125 1682 1154 1727 et
1181 1669 1318 1728 duritiam
1344 1668 1375 1726 in
1401 1667 1547 1726 Socratico
1570 1685 1633 1726 ser·

63 1760 104 1815 ria
119 1758 237 1830 servire,
253 1756 328 1815 alios
342 1756 488 1834 pecuniae3
501 1774 584 1814 raros
598 1773 660 1815 esse
674 1751 814 1831 quosdam
859 1775 943 1816 mone
961 1762 1084 1816 maxime
1098 1758 1260 1828 adamaret,
1274 1755 1377 1833 Cynici
1392 1758 1538 1833 primum,
1553 1739 1635 1814 dein:

63 1846 104 1921 qui
125 1847 219 1903 ceteris
251 1843 390 1902 omnibus
411 1863 467 1921 pro
484 1843 577 1902 nihilo
594 1842 701 1901 habitis
717 1858 815 1898 rerum
858 1845 895 1902 de
917 1845 1025 1921 Stoici;
1049 1857 1108 1904 urm
1127 1845 1164 1903 ab
1187 1844 1337 1921 Aristippo
1356 1862 1443 1921 quem
1464 1843 1522 1900 illae
1541 1843 1633 1917 magis

64 1943 178 1988 naturam
193 1930 322 1989 studiose
344 1931 540 2000 intuerentur;
551 1927 605 1986 hos
626 1946 658 1986 se
671 1927 816 2004 appellare
859 1931 1031 2008 voluptariae
1050 1932 1258 2008 disputationes
1273 1930 1460 2002 delectarent,
1472 1929 1633 2006 Cyrenaica

62 2016 190 2094 sapientiae
202 2015 359 2091 studiosos,
374 2017 405 2074 id
416 2029 459 2074 est
470 2017 547 2074 enim
560 2013 750 2092 philosophos
766 2033 773 2069 ι
789 2026 817 2071 et
861 2014 1049 2094 philosophia
1070 2016 1212 2086 manavit,
1229 2035 1316 2092 quam
1333 2016 1383 2074 ille
1401 2027 1431 2073 et
1449 2014 1513 2092 ejus
1527 2015 1636 2094 posteri

61 2103 152 2161 utillic
167 2101 401 2161 liberalissimum
415 2115 489 2160 esset
497 2145 506 2174 ,
519 2114 651 2178 spectare
669 2099 742 2158 nihil
759 2099 816 2158 sibi
863 2101 1033 2178 simpliciter
1054 2101 1256 2162 defenderunt.
1271 2101 1409 2180 Epicurei
1427 2121 1496 2160 vero
1511 2103 1563 2179 qui
1576 2121 1633 2162 vo·

63 2190 257 2266 temnentem,
273 2190 315 2248 sic
334 2190 366 2247 in
388 2189 450 2247 vita
462 2189 548 2263 longe
561 2187 697 2246 omnibus
713 2185 817 2244 studiis
863 2189 971 2266 luptate
988 2191 1087 2250 omnia
1099 2190 1303 2261 metiebantur,
1318 2190 1386 2247 dum
1401 2189 1594 2250 verecundius
1605 2191 1637 2250 id

62 2277 320 2354 contemplationem
343 2295 440 2335 rerum
466 2275 717 2352 cognitionemque
745 2294 817 2353 prae·
864 2287 965 2350 agunt,
981 2296 1034 2334 nec
1062 2276 1197 2354 dignitati
1222 2276 1452 2347 satisfaciebant,
1468 2295 1555 2352 quam
1575 2297 1637 2336 non

64 2377 137 2422 stare.
160 2389 172 2414 ι
195 2363 230 2420 ln
248 2363 297 2422 his
314 2377 408 2423 autem
423 2361 630 2438 cognoscendis
654 2362 752 2421 varias
772 2363 818 2421 in·
866 2363 1106 2442 aspernabantur,
1123 2382 1176 2421 nec
1196 2362 1359 2442 voluptates
1382 2362 1546 2435 tuebantur,
1564 2383 1637 2440 quas

63 2451 141 2526 gressi
150 2451 300 2510 enutrias.
313 2452 371 2510 Alii
382 2451 519 2509 videlicet
527 2468 662 2508 sensuum
675 2469 730 2526 ope
741 2448 817 2522 freti,
866 2451 1025 2527 amplexari
1040 2449 1187 2510 volebant.
1209 2449 1337 2509 Fuerunt
1351 2451 1437 2512 etiam
1457 2449 1513 2508 alia
1534 2468 1639 2524 genera

61 2556 114 2611 qua
133 2541 198 2595 sunl
213 2555 337 2615 qnaeque
367 2548 526 2594 cernuntur
549 2535 649 2594 omnia
666 2534 820 2611 exquirere
864 2537 1101 2614 philosophorum
1131 2539 1234 2614 quise
1261 2557 1360 2596 omnes
1387 2537 1445 2596 iere
1473 2537 1637 2596 Socraticos

62 2621 211 2696 tentabant,
227 2625 280 2682 alii
294 2624 394 2682 divino
405 2623 503 2681 afflatu
517 2623 652 2681 concitati
667 2635 780 2681 retrusa
793 2633 821 2680 et
864 2643 926 2682 esse
938 2625 1083 2702 dicerent,
1095 2623 1307 2696 Eretricorum,
1322 2625 1527 2695 llerilliorum,
1541 2629 1638 2700 Mega·

62 2709 147 2768 abdita
163 2711 415 2788 persequebantur
435 2729 467 2768 ac
480 2709 561 2767 velut
584 2707 701 2766 oracula
716 2707 818 2766 tunde-
865 2713 1008 2783 ricorum,
1034 2711 1286 2790 Pyrrhonecrum,
1308 2713 1410 2771 sedes
1433 2713 1535 2771 horum
1558 2713 1590 2770 vi
1610 2725 1639 2770 et

60 2794 127 2855 hant.
143 2795 190 2854 Sic
208 2797 309 2873 plures
325 2795 591 2874 philosophantium
603 2795 687 2871 quasi
705 2792 822 2851 tamtliae
865 2797 1110 2877 disputationibus
1131 2801 1218 2858 fracta
1237 2813 1266 2858 et
1279 2800 1418 2858 exstincta
1439 2811 1516 2860 sunt.
1544 2797 1639 2858 Taceo

59 2895 153 2938 exortae
175 2896 244 2940 sunt
270 2903 277 2938 ε
302 2881 413 2953 ionici,
433 2881 627 2959 Pythagorei,
653 2877 785 2948 Eleatici,
806 2899 822 2938 a
867 2887 1104 2945 Academicorum
1125 2885 1246 2946 dissidia
1266 2907 1328 2964 quae
1352 2887 1449 2964 plures
1469 2885 1637 2944 Academias

60 2967 154 3042 quibus
165 2968 361 3046 philosophiae
373 2969 451 3045 jacta
465 2981 531 3026 sunt
550 2965 745 3025 fundamenta.
766 2963 822 3023 Ne·
865 2971 1032 3044 effecerunt,
1043 2973 1110 3030 item
1120 2971 1281 3030 Platonicos
1291 2971 1532 3048 eththagoriccs
1541 2990 1640 3030 recen·

59 3074 106 3130 que
117 3075 185 3113 vero
194 3057 325 3132 ,dubium
338 3057 410 3133 quin
421 3056 517 3113 multas
531 3073 629 3131 eaeque
641 3052 818 3128 gravissimae
866 3057 955 3116 tiores
973 3057 1009 3115 de
1028 3057 1134 3134 quibus
1155 3057 1234 3116 aliud
1249 3058 1305 3116 erit
1318 3057 1434 3116 dicendi
1455 3070 1577 3136 tempus.
1603 3059 1641 3116 At

58 3144 218 3217 pastiones
243 3143 374 3202 omnium
398 3140 635 3220 philosophorum
656 3157 823 3197 conrnrunes
867 3163 925 3202 nou
936 3145 1149 3222 praetereundus
1159 3144 1296 3220 Diogenis
1306 3144 1386 3202 locus
1394 3156 1437 3202 est
1449 3164 1507 3218 quc
1516 3143 1642 3222 philoso-

57 3229 162 3287 herim
181 3234 282 3301 Quare
297 3230 513 3288 controversias
533 3226 569 3285 de
584 3225 719 3286 maximis
737 3224 823 3283 rebus
867 3231 989 3309 phorum
1006 3231 1202 3290 successiones
1216 3229 1269 3292 lib.
1290 3229 1304 3288 l
1313 3271 1322 3302 ,
1338 3231 1372 3288 13
1385 3231 1417 3288 in
1429 3229 1507 3290 hunc
1522 3233 1639 3290 modum

57 3315 123 3371 initu·
135 3329 245 3374 veheres
259 3315 330 3374 idios
349 3327 427 3374 olitis
442 3325 541 3392 posted
556 3311 661 3371 summi
676 3311 824 3388 sapientius
869 3319 957 3378 tradit
972 3337 979 3374 :
998 3316 1160 3397 choccpioc
1175 3316 1202 3374 δὲ
1212 3315 1257 3375 δύο
1268 3315 1405 3394 γεγόνασιν
1415 3316 1532 3396 &pperisti
1546 3340 1576 3375 τι
1588 3319 1641 3377 ἀπὸ

59 3399 181 3460 doctores
192 3403 328 3461 minuere
341 3416 391 3460 aut
411 3402 548 3460 dirimere
567 3399 748 3458 studuerunt·
768 3396 824 3455 Sed
869 3403 1068 3483 Ἀναξιμάνδρου
1086 3404 1161 3474 καὶὴ
1180 3403 1233 3462 dard
1248 3401 1415 3484 Πυθαγόρου,
1427 3409 1472 3462 τοῦ
1487 3401 1534 3479 μὲν
1549 3405 1640 3463 Θαλοῦ

56 3490 185 3545 tamenin
198 3500 281 3546 tanto
292 3489 397 3546 ardore
413 3487 594 3556 animorum,
606 3484 824 3542 tantascienliae
869 3489 1051 3561 διακηκοότος,
1065 3489 1218 3569 Πυθαγόρου
1234 3488 1261 3548 δὲ
1286 3489 1437 3568 Φερεκύδης
1455 3489 1638 3566 καθηγήσατο·

57 3574 217 3650 cupiditate,
237 3589 296 3633 tam
311 3575 461 3652 praeclaris
478 3572 630 3650 praeceptis
645 3571 746 3648 paucis
759 3590 825 3628 con·
870 3577 914 3634 νσὶ
929 3577 1047 3635 λνσλνῑσσ
1061 3575 1135 3651 ἡμὲν
1144 3575 1248 3646 Ἰσννχὴ
1263 3573 1302 3633 &a
1311 3576 1404 3647 Θαλῆς
1416 3573 1476 3634 'lma
1488 3572 1525 3633 ὧν
1535 3579 1544 3651 (
1554 3577 1643 3646 Μνλνγ.

58 3660 112 3736 tigtt
123 3679 158 3718 ex
176 3662 241 3721 illia
255 3661 451 3738 philosophiae
471 3655 693 3727 conditoribus,
710 3669 741 3713 ut
761 3655 825 3732 phi·
870 3685 924 3729 σςσς
935 3663 1019 3740 γάρ),
1033 3661 1202 3740 καθηγήσατο
1214 3659 1433 3741 Ἀναξιμάνδρου,
1447 3666 1465 3732 ἡ
1481 3660 1508 3720 δὲ
1520 3659 1640 3732 Ἰταλικὴ
1682 3650 1687 3658 ’

58 3743 160 3822 'asophi
172 3748 275 3823 potius
290 3765 375 3823 quam
389 3758 481 3821 poetae
499 3756 606 3802 essent·
621 3741 723 3800 Τθθίθδ
741 3751 823 3814 suni,
870 3748 923 3808 ἀπὸ
934 3747 1100 3827 Πυθαγόρου,
1112 3747 1151 3805 ότι
1165 3747 1318 3806 τὰπλεῖστα
1330 3746 1399 3806 κατὰ
1412 3745 1642 3821 τὴνἸταλίανθφι-

56 3842 83 3886 ot
94 3851 181 3890 unum
202 3846 293 3910 caput
314 3849 553 3899 commemorem,
570 3827 765 3901 cosmogoniae
789 3827 826 3886 ad
871 3835 1009 3916 λσσόρησε.
1033 3833 1184 3910 Κατἀλήγει
1199 3832 1226 3892 dl
1244 3837 1261 3904 ἡ
1276 3832 1323 3908 μὲν
1342 3833 1378 3898 εἰς
1398 3833 1582 3911 Κλειτόμαχον
1596 3833 1642 3891 καὶ

56 3919 210 3993 primorum
245 3932 348 3977 vatum
375 3935 505 3976 normam
531 3928 581 3973 ³¹¹1
613 3914 712 3992 Paullo
740 3915 826 3972 “diter
871 3918 1026 4000 Χρύσιππον
1041 3917 1086 3978 καὶ
1100 3919 1281 4000 Θεόφραστον,
1295 3924 1313 3991 ἠ
1326 3919 1468 3998 ’laterchli
1483 3918 1511 3977 δὲ
1523 3917 1642 3990 Ἰταλικὴ

55 4003 138 4078 ficlae,
152 4005 264 4081 quibus
284 4004 460 4062 delectamur
471 4003 563 4078 magis
576 4019 663 4078 quam
675 3999 823 4059 docemur·
871 4005 1078 4082 εῐςἘπόκουρον.
1093 4007 1184 4067 Θαλοῦ
1195 4007 1241 4084 μὲν
1252 4005 1303 4084 γάρ
1312 4006 1467 4082 Ἀναξίμανδ
1484 4028 1519 4076 ος,
1528 3995 1640 4064 σθ’λνα-

56 4089 119 4145 llam
133 4109 222 4165 quum
239 4089 325 4148 nullo
342 4107 437 4147 rerum
452 4107 508 4146 usu
522 4087 659 4162 nullaque
675 4087 827 4164 experien·
872 4093 987 4170 ξιμένης,
1003 4081 1229 4172 σθ’λναξαγάρας,
1240 4083 1269 4152 οὗ
1283 4091 1423 4172 Ἀρχέλαος
1429 4135 1438 4164 ,
1456 4028 1486 4150 αθ
1498 4089 1642 4169 Σωκράτης

55 4175 91 4231 tia
104 4176 204 4233 imbuti
217 4187 317 4256 essem
330 4185 415 4252 atque
430 4174 510 4230 omni
526 4173 705 4251 supellectile
715 4185 777 4230 tum
791 4171 826 4230 ad
871 4180 945 4252 ότλν
959 4179 1053 4252 ἠθικὴν
1072 4171 1274 4258 ιῖσαγαγῶν,οἷ
1294 4177 1322 4238 οἵ
1332 4203 1362 4238 τι
1383 4179 1458 4238 ἄλλοι
1477 4170 1644 4257 Συικρατικοὶ

56 4256 246 4317 observandos
269 4259 398 4317 siderum
415 4272 526 4329 rnotus,
544 4271 605 4316 tum
623 4257 660 4316 ad
678 4257 827 4316 illustran-
871 4267 917 4326 νσὶ
932 4267 1045 4326 Πλάτων
1058 4269 1073 4324 ὁ
1084 4265 1132 4339 σὴν
1142 4265 1255 4345 ἀρχαίαν
1268 4265 1428 4341 Ἀναδημίσν
1441 4263 1645 4338 συστησάμενος,

57 4341 114 4398 dim
136 4357 247 4403 natttrae
263 4345 469 4402 ⁰b⁵⁰11ffl³tem
492 4345 652 4402 Πθῦθὸθθΐὶθ
672 4357 825 4403 ω’θῐθῦῑῑ
871 4345 902 4413 οὗ
924 4353 1097 4419 Σπεύσιππος
1123 4351 1168 4410 καὶ
1192 4352 1374 4430 Ξενοκράτης,
1396 4343 1427 4411 οὗ
1451 4349 1596 4425 Πολέμων,
1616 4341 1645 4406 οὗ

56 4447 228 4506 quaecunque
239 4430 425 4506 ignorabant,
438 4429 572 4506 lingendo
584 4431 720 4508 supplere
733 4449 829 4506 aggre-
873 4441 1003 4519 Κράντωρ
1026 4439 1071 4498 καὶ
1094 4437 1219 4517 Κράτης,
1235 4429 1265 4496 ol
1286 4439 1311 4498 'A
1330 4437 1449 4504 κεσΠαος
1466 4435 1543 4507 daria
1561 4435 1645 4512 μέσην

57 4511 214 4574 diebantur.
252 4516 354 4594 Neque
377 4529 472 4575 tumen
495 4529 647 4596 propterea
674 4518 826 4593 quisquam
872 4525 1034 4603 Ἀκαδημίαν
1055 4523 1277 4602 εἰσηγησάμενος,
1298 4464 1330 4584 ci
1343 4523 1495 4594 Λακύδηςθ
1514 4523 1561 4594 τὴν
1585 4522 1645 4580 νέαν

57 4614 174 4660 veterem
190 4605 273 4663 iiiam
291 4623 358 4681 quae
373 4617 439 4662 mle
451 4605 577 4664 Socratis
591 4618 701 4664 aettttem
715 4605 770 4663 filit
783 4625 828 4664 ³8·
873 4611 1035 4688 Ἀκαδημίαν
1043 4611 1242 4758 ριλοσορησας,
1258 4605 1289 4670 οὗ
1308 4612 1475 4689 Καρνεάδης,
1490 4601 1521 4669 οὗ
1536 4609 1645 4669 Κλειτό-

58 4685 189 4760 pientiam
204 4704 392 4749 contemnere
407 4691 519 4750 audeat.
545 4691 599 4750 llic
618 4693 696 4750 enim
716 4693 829 4769 primus
873 4720 966 4777 μαχος.
979 4698 1032 4758 Καὶ
1067 4701 1094 4756 δε
1108 4697 1155 4775 μὲν
1170 4701 1206 4764 εἰς
1220 4696 1421 4776 Κλειτόμαχον,
1431 4700 1467 4763 εἰς
1478 4695 1506 4754 δὲ
1524 4698 1645 4773 Χρύσιπ-

60 4775 197 4848 sapientiae
211 4775 516 4847 studium,utcmnes
526 4777 711 4850 confitentur,
726 4779 829 4837 ecoelo
874 4804 923 4842 πον
952 4783 1019 4842 οὕτω
1042 4785 1199 4854 καταλήγει·
1231 4784 1387 4860 Σωκράτους
1412 4782 1590 4854 Ἀντισθένης,
1617 4773 1646 4838 oh

61 4856 206 4918 dmocavit
219 4874 251 4919 et
265 4862 298 4920 in
321 4862 446 4922 urbibus
462 4864 618 4923 collocavit
632 4877 718 4942 atque
732 4866 763 4923 in
777 4867 829 4926 do·
874 4869 995 4945 Διογένης
1006 4875 1020 4929 δ
1031 4869 1117 4941 κάων,
1131 4861 1161 4930 οὗ
1179 4869 1287 4949 Κράτης
1300 4874 1314 4929 θ
1333 4869 1469 4942 Θηόαῖος,
1483 4860 1514 4926 οὗ
1527 4869 1621 4939 Ζήνων
1634 4871 1648 4924 ό

61 4961 115 5001 mos
125 4947 210 5004 aima
220 4948 387 5007 introduxit
394 4962 423 5007 et
437 4951 532 5026 coegit
542 4951 578 5008 de
590 4952 650 5009 vita
661 4964 690 5010 et
700 4953 831 5018 moribus
875 4957 997 5028 Κιτιεύς,
1017 4950 1048 5014 οἷν
1070 4956 1220 5030 Κλεάνθης,
1235 4951 1264 5015 οδ
1285 4959 1449 5036 Χρύσιππος.
1466 4959 1512 5023 Εἰς
1526 4955 1554 5014 δὲ
1573 4955 1647 5015 Θεό·
1717 5037 1721 5042 Ι

62 5075 1645 5109 ---—-----..-....-....-.—.....-...-.........

87 5160 119 5220 (8)
132 5162 215 5214 Cicero
226 5163 330 5215 decrat.
343 5167 389 5227 lll,
406 5169 441 5215 17.

1463 5260 1487 5292 o.
1567 5246 1575 5264 .
