3764 5922
670 355 980 440 srurnmnmnns„
1268 396 1275 412 .
1560 364 1616 416 ιω

29 521 64 559 οε.
87 498 119 558 El
142 495 234 556 εύκτδν
255 497 271 566 ἡ
295 493 463 565 εὐαισθησία,
484 494 583 569 μάλλον
601 493 762 551 σπουδαστδν
783 496 800 563 ἡ
903 493 955 548 τῶν
969 487 1063 566 γονίων
1079 487 1218 568 ἀρχόμενοι
1228 485 1373 567 πάσχωσιν
1384 484 1447 566 ὅπερ
1461 486 1505 545 καί
1518 490 1541 546 oi
1555 489 1618 546 νεώ-

83 583 221 664 φρόνησις,
237 581 291 642 ίστι
315 583 366 662 γάρ
388 586 434 640 τοῦ
457 585 483 640 iv
506 585 570 656 ἡμῖν
591 586 736 662 πρακτικοῦ
757 587 801 639 νοῦ
904 598 976 646 νητοι
989 575 1075 646 κύνες,
1090 574 1115 632 oi
1128 577 1156 632 οθ
1179 575 1256 652 μόνον
1276 573 1335 642 τοδς
1350 575 1442 641 ἀλλους
1463 577 1618 635 ὑλακτοῦσιν

84 671 159 730 οίονιί
173 693 213 736 τις
229 669 396 739 εὐαισθησία·
412 671 445 727 δι’
462 669 495 740 ἣν
511 667 559 746 μὲν
573 668 638 748 γάρ,
653 672 680 728 ir
694 659 731 734 οἷς
746 667 800 725 πά·
901 663 967 722 ἀλλά
981 663 1025 722 καί
1039 661 1096 729 τοὺς
1110 662 1191 723 ίνδον.

83 781 189 835 σχομεν,
212 758 241 816 ού
263 755 510 836 παραισθανόμεθα,
535 757 569 814 δι’
594 757 626 828 ἣν
650 756 694 828 δά,
715 757 740 814 ἐν
764 747 801 822 οἷς
943 752 1082 828 (Stobaeus
1096 751 1196 812 Floril.
1212 751 1339 824 LXXIX,
1362 760 1398 821 44
1421 754 1451 810 ίκ
1472 755 1522 810 τῶν
1547 752 1618 832 Ἀρί-

82 844 242 920 πράττομεν,
257 845 285 902 αὖ
299 842 537 920 παραλογιζόμεθα.
902 861 996 904 στωνος
1009 838 1201 914 θραυσμάτων.)

27 953 61 992 oo.
83 932 136 990 Καί
153 933 197 988 τὸν
222 929 277 988 θεὸν
296 929 427 1007 αεὸόμεθα
452 931 520 988 κατὰ
536 930 643 1010 τρόπον,
667 931 690 986 εί
713 926 757 986 τδν
773 927 799 985 ἐν
845 943 892 985 los.
915 929 950 984 Οί
965 928 991 982 ἐν
1012 926 1160 1002 διαλεκτικῇ
1185 924 1336 1002 βαθύνοντες
1358 921 1457 982 ίαίκασι
1481 923 1618 1001 καρκίνους

82 1023 145 1091 ἡμῖν
159 1023 220 1075 νοῦν
236 1018 486 1097 παρασκευάσωμεν
500 1017 589 1089 πάσης
602 1016 694 1084 κακίας
710 1013 800 1095 ὥσπερ
815 1039 816 1042 ’
902 1013 1098 1090 μασσωμένοις,
1111 1011 1136 1070 oi
1150 1011 1182 1070 δι’
1197 1011 1281 1088 ὀλίγον
1307 1010 1430 1090 τρόφιμον
1448 1011 1509 1088 περί
1531 1012 1617 1070 πολλδ

81 1105 146 1172 τινὸς
161 1105 267 1174 κηλῖδος
282 1104 407 1182 καθαρόν,
902 1103 966 1160 taes
980 1103 1162 1178 ἀσχολοῦνται.

28 1211 61 1249 or.
83 1191 237 1263 Κοσμητίον
259 1193 326 1267 ίερδν
348 1191 395 1269 μὲν
411 1190 577 1267 ἀναθήμασι,
596 1189 645 1262 τὴν
665 1189 692 1248 di
713 1187 799 1270 ψυχὴν
942 1192 1081 1268 (stobaeus
1104 1190 1202 1248 Xioril.
1228 1187 1372 1261 LXXXII,
1395 1210 1411 1261 7
1433 1189 1462 1246 ἐκ
1479 1193 1530 1248 τῶν
1544 1188 1617 1269 Ἀρί-

82 1278 245 1353 μαθήμασιν.
901 1301 996 1346 στωνος
1008 1276 1201 1356 θμοιωμάτων.)

30 1385 62 1422 oe.
83 1363 129 1428 Ὦς
145 1362 198 1442 πρδ
216 1367 269 1421 τῶν
291 1364 412 1442 μεγάλων
430 1363 578 1442 μυστηρίων
601 1363 633 1420 nir
650 1359 731 1442 μικρά
748 1385 799 1420 πα·
844 1385 891 1426 τοι.
916 1364 1038 1440 Ἀρίστων
1056 1364 1142 1442 ίλεγεν
1162 1360 1272 1422 ἐοικίναι
1291 1360 1338 1432 τὴν
1354 1359 1518 1432 διαλεκτικὴν
1532 1363 1614 1440 ripis

83 1450 213 1531 ραδοτίον,
229 1454 275 1510 καί
290 1452 341 1530 πρὸ
355 1454 505 1532 φιλοσοφίας
519 1450 648 1511 παιδείαν.
901 1460 956 1517 ταῖς
971 1453 1140 1529 δδοῑςπηλῷ·
1153 1449 1217 1529 πρὸς
1230 1445 1364 1525 οὐδὲνγὰρ
1379 1447 1431 1505 οὐδ’
1443 1449 1537 1506 ἐκεῖνον
1549 1449 1617 1526 χρη-

30 1560 63 1598 oe.
87 1538 211 1618 Καθάπερ
223 1538 312 1617 χώρας
327 1540 443 1614 μάλιστα
456 1537 624 1614 ἐπιμελητέον
637 1540 675 1616 τῷ
685 1540 733 1606 τῆς
744 1536 799 1615 ἀρί·
901 1561 977 1614 σιμαν
990 1537 1051 1598 όντα
1065 1536 1241 1596 καταπάττειν
1258 1533 1316 1598 τοὺς
1331 1535 1493 1611 βαδίζοντας.

82 1649 141 1696 στης
164 1625 332 1704 ἐπιτυχόντι,
353 1625 398 1684 καὶ
420 1629 521 1706 ψυχῆς,
541 1625 610 1690 δπως
631 1629 677 1695 τῆς
698 1626 798 1704 φύσεως
942 1625 1083 1699 (Stobaeus
1098 1625 1198 1683 lloril.
1216 1619 1361 1696 LXXXII,
1381 1641 1427 1679 ιι.
1443 1619 1554 1699 Scripsi
1566 1643 1615 1680 κα-

82 1711 148 1778 ἀίιον
162 1712 258 1790 ἐνίγκη
272 1711 316 1771 τδν
329 1714 437 1790 καρπόν.
900 1710 1040 1770 ταπάττειν
1055 1730 1119 1770 cum
1133 1709 1266 1785 Menagio
1279 1727 1333 1787 pro
1348 1708 1465 1784 vulgato
1478 1709 1616 1768 καταθάλ-

120 1798 314 1875 (lamblichus
330 1799 453 1858 Adhort.
481 1797 517 1856 ad
542 1797 654 1858 Philos.
678 1816 740 1875 cap.
769 1797 797 1855 ll
899 1800 973 1874 λειν.)

83 1907 112 1962 p.
130 1887 163 1943 15
179 1886 227 1944 ed.
241 1886 342 1946 lilessl.
353 1885 442 1944 Posui
453 1883 544 1964 ίνίγκη
555 1905 611 1962 pro
620 1884 798 1943 membrana·
842 1904 890 1945 ιυι.
915 1883 1066 1963 Καρνεάδης
1084 1882 1131 1955 την
1154 1879 1317 1952 διαλεκτικὴν
1332 1882 1404 1958 ἔλεγε
1422 1883 1549 1942 πολύποδι
1563 1883 1616 1942 ἔοι,

85 1991 143 2028 rum
155 1971 281 2029 lectione
295 1971 460 2047 ἕνίγκηται.)
900 1971 984 2030 κέναι·
999 1971 1045 2032 καί
1057 1971 1108 2050 γίιρ
1128 1971 1224 2028 ἐκεῖνον
1240 1966 1391 2038 αὐξηθείσας
1410 1969 1456 2036 τάς
1468 1969 1616 2038 πλεκτάνας

35 2078 74 2116 ιον.
94 2057 212 2136 Ἀρίστων
229 2061 244 2115 δ
258 2059 320 2123 Κῑος
331 2056 389 2124 τοδς
402 2059 462 2136 περί
473 2058 507 2116 τά
517 2057 640 2134 ίγκύκλια
653 2057 797 2134 μαθήματα
900 2057 1053 2119 κατεσθίειν·
1068 2058 1112 2117 καλ
1123 2055 1242 2128 τούτους,
1253 2054 1393 2135 προϊούσης
1412 2062 1458 2128 τῆς
1471 2057 1613 2134 δυνάμεως,

84 2144 271 2222 πονουμένους,
295 2147 454 2220 ἀμελοῦντας
484 2145 512 2204 δύ
536 2147 685 2226 φιλοσοφίας
710 2145 797 2224 ἔλεγεν
899 2143 943 2202 καί
956 2143 990 2202 τά
1003 2145 1115 2225 σφίτερα
1128 2143 1288 2224 ἀνατρέπειν.
1378 2181 1382 2190 ·

84 2231 181 2305 ὁμοίους
196 2223 265 2292 είναι
289 2234 340 2299 τοῖς
365 2237 511 2312 μνηστῆρσι
533 2237 578 2304 τῆς
595 2232 798 2307 Πηνελόπης,οἳ
940 2231 1081 2307 (Stobaeus
1096 2231 1196 2290 Floril.
1213 2230 1359 2304 LXXXII,
1377 2231 1435 2302 13.)

84 2320 303 2399 ἀποτυγχάνοντες
314 2321 412 2392 ἐκείνης
427 2319 487 2400 περί
501 2318 547 2386 τάς
565 2319 722 2402 θεραπαίνας
744 2322 796 2398 ίγί·
842 2335 891 2376 100.
910 2317 1089 2397 Κλειτόμαχος
1099 2315 1615 2396 ιίκαζετλνδιαλεκτικὴνὴσελήνη·καί

83 2427 160 2464 νοντο.
899 2403 950 2482 γάρ
963 2403 1100 2475 ταύτηνοῦ
1114 2403 1242 2462 παύεσθαι
1254 2403 1392 2484 φθίνουσαν
1404 2403 1448 2462 καί
1461 2403 1613 2480 αθξομάνην.

36 2511 73 2549 ml.
93 2490 124 2550 ‘0
149 2491 226 2558 odric
242 2491 300 2560 τούς
314 2491 425 2560 πολλοὺς
439 2492 524 2562 εἴκαζε
542 2497 579 2570 τῷ
593 2492 712 2572 Λαέρτῃ,
728 2491 797 2558 ὅστις
941 2490 1079 2566 lsrobaeus
1093 2491 1193 2550 Floril.
1208 2489 1355 2568 LXXXII,
1374 2492 1430 2569 τό.)

83 2582 130 2636 τῶν
143 2579 211 2637 κατά
223 2603 269 2638 τον
283 2603 362 2659 αγρον
376 2577 578 2657 επιμελούμενος
589 2579 692 2638 πάντων
707 2579 797 2655 θλιγώ-
823 2595 891 2660 1100.
914 2576 1036 2655 Ἀρίστων
1058 2578 1116 2646 τοὺς
1137 2578 1227 2656 λόγους
1239 2581 1290 2637 τῶν
1307 2581 1475 2638 διαλεκτικῶν
1489 2587 1542 2646 τοῖς
1563 2582 1615 2638 riis

84 2687 129 2738 ρυς
142 2657 209 2744 ι’ίχεν
223 2669 329 2726 ἑαυτοῦ·
339 2666 384 2726 καί
395 2666 446 2746 γάρ
459 2665 578 2739 τούτους,
588 2668 640 2724 τῶν
653 2667 796 2742 κτημάτων
901 2666 1033 2744 ἀραχνίων
1045 2665 1195 2744 ὑφάσμασιν
1206 2665 1391 2740 εἷκαζεν,ούδίν
1403 2665 1449 2744 μίν
1459 2667 1614 2744 χρησίμους,

83 2751 201 2822 πλείστην
221 2753 372 2830 ἐπιμέλειαν
397 2752 581 2831 ποιουμένους,
601 2762 723 2834 περιορᾷν
747 2753 796 2826 τὴν
899 2751 959 2810 λίαν
972 2751 1000 2810 di
1013 2751 1154 2831 τεχνικούς.

84 2838 163 2916 ψυχὴν
178 2842 290 2912 ἑαυτῶν,
302 2841 390 2920 πλήρη
404 2843 493 2900 παθῶν
508 2839 604 2918 ἀγρίων
617 2832 706 2899 οὖσαν.
939 2839 1078 2916 (Stobaens
1091 2839 1194 2902 Floril.
1210 2840 1357 2914 LXXXII,
1377 2837 1431 2919 15.)

121 2922 259 2998 (Stobaeus
276 2925 373 2983 Floril.
389 2925 438 3003 IV,
457 2945 582 2984 nro-111
608 2927 639 2985 ἐκ
660 2929 711 2985 τῶν
726 2927 796 3006 Ἀρί·
844 2945 892 2987 los.
915 2925 950 2990 ‘0
958 2928 1091 3010 θλλίθαρος
1099 2928 1311 3009 θλασχερὲστερος
1320 2928 1366 3002 μίν
1374 2927 1478 3010 ληφθείς
1488 2928 1616 3008 καθαίρει,

86 3031 173 3077 στωνος
186 3012 382 3088 θμοιωμάτων.)
900 3017 936 3083 είς
953 3016 981 3076 δὲ
1004 3017 1072 3076 πάνυ
1095 3017 1194 3098 σμικρά
1207 3016 1318 3095 τριφθείς
1330 3017 1430 3096 πνίγει·
1444 3016 1512 3075 οὕτω
1533 3016 1579 3076 καλ
1597 3019 1614 3086 ἡ

37 3114 76 3154 ιοι.
96 3099 128 3155 ol
141 3098 197 3178 άρτι
206 3101 239 3157 ἐκ
252 3099 404 3179 φιλοσοφίας
415 3098 514 3168 πάντας
524 3099 675 3179 ἐλέγχοντες
688 3101 732 3160 καί
742 3099 794 3160 ἀπὸ
900 3103 969 3161 κατά
984 3101 1135 3186 φιλοσοφίαν
1149 3102 1316 3183 λεπτολογία.

62 3319 96 3362 05.
110 3316 133 3366 si
148 3318 260 3380 optabilis
284 3323 321 3368 esi
348 3332 463 3370 sensuum
482 3321 619 3384 integritas,
638 3323 713 3384 magis
729 3335 796 3384 qum·
875 3327 927 3373 100.
944 3325 991 3382 Qui
1006 3337 1070 3374 nnnc
1083 3337 1097 3374 e
1110 3323 1260 3386 philosophia
1271 3336 1355 3374 omnes
1373 3323 1565 3385 reprehendunt,
1578 3323 1616 3373 id·

38 3399 99 3449 reuda
114 3403 248 3463 prudentia.
278 3407 321 3454 Est
343 3405 406 3455 enim
436 3408 503 3469 qnasi
538 3407 659 3469 integrius
674 3409 797 3470 -quaedam
844 3411 1156 3474 quelacereaparentibns
1170 3411 1297 3473 incipiunt,
1311 3425 1358 3460 non
1373 3411 1530 3460 secnsaliecli
1543 3413 1616 3472 sunt,

40 3489 113 3536 mentis
124 3490 152 3538 ad
166 3491 286 3554 egendum
299 3506 431 3544 converso„
447 3497 508 3544 Nam
528 3493 568 3544 illa
585 3495 672 3557 allicit,
685 3509 714 3544 ne
730 3495 754 3545 in
771 3497 798 3545 iis
842 3507 914 3558 quam
926 3509 1003 3558 nuper
1013 3499 1070 3546 emti
1088 3509 1160 3548 canes
1177 3499 1219 3561 qui
1235 3511 1282 3546 non
1296 3497 1373 3546 solum
1388 3497 1461 3560 alios,
1474 3498 1516 3548 sod
1532 3497 1616 3548 donre-

39 3585 84 3632 ηοω
95 3588 135 3624 nos
153 3577 276 3640 afficiunt,
289 3591 360 3629 senso
380 3579 499 3642 fallamur,
521 3581 586 3642 hmo,
602 3594 633 3632 ne
648 3582 673 3632 ln
689 3581 732 3643 iis,
743 3595 798 3644 ηοω
842 3583 913 3632 sticos
925 3581 997 3632 etlam
1009 3584 1129 3634 allatrant.

39 3661 132 3721 apmua,
145 3663 207 3714 lrlsis
218 3665 350 3715 rationibus
360 3666 516 3730 decipiamur.
875 3673 927 3717 10³.
945 3667 993 3724 Qui
1021 3665 1169 3717 dialecticam
1200 3669 1275 3718 altius
1304 3669 1492 3732 perscrutantur,
1518 3681 1617 3720 οιαστοσ

65 3751 186 3800 00.1)εοιο
205 3751 252 3801 rite
269 3752 413 3812 colimus,si
430 3755 538 3804 animum
553 3757 662 3806 nostrum
682 3756 713 3804 ab
733 3756 799 3804 omnl
843 3754 970 3804 edentibus
990 3755 1080 3805 slmiles
1100 3757 1169 3818 sunl,
1182 3755 1224 3817 qui
1242 3757 1338 3818 propter
1351 3755 1464 3818 exignum
1478 3755 1616 3808 alimentum

41 3830 175 3895 improbitate
188 3840 305 3901 θιιιηιιαιο
317 3841 409 3890 ιοοσοΙο
419 3855 507 3904 porum
520 3841 653 3892 reddimus.
843 3842 906 3893 circa
917 3849 1008 3894 crustas
1019 3843 1134 3906 plurimas
1144 3847 1301 3908 occupantur.
1424 3831 1427 3839 ¹

65 3925 242 3974 olomundum
252 3927 644 3990 esttsmplomdcnariis,animus
660 3926 783 3977 doctrinis.
876 3935 930 3981 104.
947 3932 1045 3982 Ariston
1066 3931 1213 3981 dialecticam
1233 3931 1312 3993 ajebat
1334 3931 1386 3983 luto
1400 3931 1495 3982 riarum
1515 3932 1617 3990 similem

66 4011 99 4057 08.
113 4013 144 4058 Ul
158 4018 213 4062 ants
231 4025 318 4076 magna
335 4013 447 4076 mysteria
461 4027 534 4076 parra
550 4015 748 4078 snnttradanda‚
767 4013 800 4064 ita
844 4031 905 4068 esse.
927 4023 987 4070 Nam
1006 4019 1030 4069 ct
1049 4020 1126 4069 lutum
1145 4018 1228 4070 inutile
1248 4031 1304 4068 cnm
1329 4019 1378 4081 stt,
1398 4021 1550 4070 transeuntes
1574 4035 1618 4084 op·
1659 4027 1661 4034 “

42 4099 87 4144 ante
99 4097 268 4162 philosophiam
280 4101 381 4162 reliquae
392 4105 456 4151 aries
470 4101 591 4152 liberales.
844 4104 902 4167 plet.

67 4183 100 4231 99.
114 4187 318 4242 Quemadmodum
339 4186 371 4236 ab
388 4201 417 4237 eo
431 4187 535 4237 maxima
548 4201 608 4238 cure
621 4189 645 4238 in
662 4201 746 4252 agrum
764 4190 801 4240 est
876 4199 930 4244 1⁰5.
947 4193 1079 4246 comoedos
1088 4193 1235 4242 dialecticam
1245 4191 1339 4244 dicebat
1350 4193 1437 4257 polypo
1445 4194 1548 4244 similem
1557 4209 1618 4247 esse.

43 4265 183 4328 impendenda
203 4274 247 4336 qui
268 4275 386 4336 optimum
402 4279 486 4325 nactus
499 4279 547 4338 est,
570 4275 605 4326 sic
619 4276 691 4326 etiam
705 4278 729 4327 in
747 4277 799 4326 ani·
845 4281 878 4330 ur
889 4282 952 4330 enim
964 4281 1067 4344 polypus
1077 4281 1152 4330 cirros
1164 4293 1221 4330 suos
1234 4285 1317 4330 auctos
1328 4279 1428 4330 devorat
1443 4301 1449 4330 ι
1465 4283 1497 4330 itr
1512 4282 1620 4334 dialecti·

44 4369 113 4419 ιιιιιτο,
125 4365 150 4411 nl
163 4363 248 4425 dignos
259 4369 345 4414 natura
357 4365 448 4416 lroctus
458 4366 527 4417 lorat.
846 4382 888 4420 cos
901 4367 950 4429 iam
965 4368 1087 4431 peritiores
1099 4368 1173 4418 iactos
1186 4380 1242 4416 suas
1257 4380 1354 4430 quoque
1366 4368 1488 4431 opinionoe
1502 4370 1617 4434 reintrare.

72 4450 116 4496 loll.
131 4451 225 4500 Ariston
247 4451 323 4501 chios
343 4465 385 4502 eos
404 4453 445 4516 qui
466 4453 646 4516 disciplinarum
660 4453 712 4503 orlsi
728 4467 800 4504 vaca-
879 4463 931 4508 106.
949 4455 1269 4507 clitomachusdislecticam
1281 4455 1344 4506 iunae
1353 4457 1622 4522 comparabat‚utans

48 4531 209 4596 itssimeglecta
223 4537 388 4600 philosophia,
398 4539 488 4590 similes
501 4539 596 4590 dicebat
607 4553 660 4590 esse
671 4541 748 4602 procis
760 4543 800 4590 Pc·
845 4544 954 4594 simililer
964 4556 1072 4593 crescere
1081 4545 1106 4593 et
1117 4543 1255 4594 decrescere
1268 4555 1316 4592 non
1326 4542 1451 4606 desineret.

46 4617 191 4684 naloper,qui
204 4637 260 4674 cum
276 4624 326 4688 ipea
346 4625 414 4688 poliri
431 4639 478 4676 non
499 4628 596 4690 possent
609 4627 702 4677 ancillis
716 4627 801 4677 misce·
881 4637 934 4682 ¹⁰7.
951 4631 1048 4681 Ariston
1069 4629 1247 4680 dialecticorum
1269 4642 1391 4680 urmones
1410 4642 1466 4680 cum
1481 4642 1621 4682 οτιοσαταοι

46 4699 130 4756 bmmr,
660 4727 668 4742 ·
849 4719 902 4769 telis
913 4719 1064 4780 conterebat,
1078 4724 1105 4767 ut
1118 4730 1173 4780 ηοω
1188 4717 1287 4767 subtiles
1302 4715 1446 4780 admodum,
1460 4715 1503 4768 sed
1521 4717 1621 4768 inutiles

73 4793 118 4841 lor.
134 4793 197 4846 ldem
222 4796 309 4858 vulgos
335 4799 457 4849 bominum
481 4801 560 4850 Laertl
580 4801 748 4863 comparabat,
762 4801 802 4863 qui
847 4807 934 4856 esseni
1318 4795 1321 4800 '

47 4884 93 4924 tun
107 4879 191 4943 reliqua
204 4883 254 4933 rori
266 4885 390 4947 diligenter
408 4886 489 4936 omnia
507 4891 617 4950 curaret,
633 4901 658 4938 sc
671 4887 748 4950 ipsum
765 4901 805 4938 ne-
882 4895 933 4942 108.
952 4893 1080 4968 Veratrum
1091 4889 1194 4940 crassius
1207 4892 1316 4940 sumtum
1328 4889 1427 4950 purgat,
1441 4889 1467 4938 at
1480 4887 1573 4950 pollinis
1588 4889 1624 4944 ln·

49 4959 136 5024 eligebat
149 4982 156 5016 :
170 4971 204 5020 sio
226 4975 251 5022 et
271 4971 324 5022 illos
343 4973 531 5025 studiosissimos
550 4973 648 5038 quidem
671 4974 805 5024 συσσίτια
849 4981 898 5030 ster
914 4979 1043 5041 levigatum
1056 4974 1338 5042 ευιιοωοςοαειοιιιιῑε
1353 4974 1424 5026 anxir
1440 4973 1623 5040 smilisqoein

51 5053 207 5184 οοιιφιιίοοοι,
217 5059 324 5110 animum
335 5062 415 5111 autem
431 5061 486 5112 ieris
500 5062 614 5112 obrutum
624 5061 749 5111 allectibus
758 5075 805 5112 non
851 5067 998 5132 philosophia
1009 5067 1147 5131 disputatio.

51 5143 238 5204 armereejebol.
