3764 5922
608 367 783 426 Stilboni
806 363 1091 428 Pt'Tltadottch.
1588 377 1641 428 sit

78 490 118 540 Ad
130 489 240 552 symbola
253 489 408 552 Pythagorica
417 475 564 538 referendam
573 490 645 538 etium
657 501 709 538 esse
723 489 826 538 litteram
873 489 938 538 omni
950 487 1066 550 dignitate
1077 501 1105 538 nc
1114 501 1139 538 re
1153 487 1273 549 familiari,
1283 489 1307 540 in
1317 488 1429 540 omnibus
1440 488 1540 539 miseriis
1550 488 1646 550 ignomi-

31 580 63 625 Y
84 579 149 628 inter
160 591 245 628 omnes
257 579 366 628 constare
378 577 531 626 arbitramur.
547 578 581 625 De
591 590 638 638 qua
648 576 681 624 lta
693 575 829 626 Manutius
873 575 959 636 niaque
972 576 1101 624 victurum.
1114 595 1126 618 u

30 664 125 713 divin.
139 664 218 714 instit.
230 665 273 713 lib.
282 667 317 713 vl
327 675 380 726 cup.
391 669 405 714 ³
416 678 423 712 ε
433 662 523 714 Dicunt
529 662 704 726 (Pptltuporel)
717 661 828 712 tramenta

905 661 1022 712 rddimm
1036 662 1119 712 inserti
1139 662 1244 712 aucwris
1260 674 1356 711 cannen
1372 661 1494 712 desudem
1508 663 1647 725 argrrmenlo

32 752 107 800 vitre
120 765 219 801 cursum
234 753 258 800 Y
273 752 358 801 litterae
378 764 430 800 esse
449 751 566 812 similem,
583 747 646 812 quod
666 747 829 810 uuusquisque
874 748 996 810 scriptum.

32 837 195 898 bominum,
217 850 292 900 quum
312 837 395 901 primae
406 837 570 886 adolescentiae
585 837 656 886 limen
672 836 790 896 attigerit,
805 837 829 884 et

33 926 64 972 in
77 939 141 974 eum
153 925 345 986 brummont,
355 927 447 990 portes
458 923 503 974 ubi
514 926 590 974 seoda
598 921 680 983 findit
690 925 718 971 ln
728 921 828 981 ombus,

33 1009 143 1058 baereat
154 1011 308 1060 nutabundus
326 1023 354 1060 ao
366 1009 470 1069 nesciat,
482 1010 507 1058 in
523 1022 595 1071 quam
608 1022 635 1058 se
646 1010 737 1071 partem
751 1009 830 1068 polius
858 1038 860 1040 -

34 1097 159 1146 inclinet.
180 1097 302 1168 siducem
319 1101 403 1146 nactus
418 1097 503 1156 luerit,
516 1096 557 1157 qui
575 1095 661 1156 dirigat
677 1095 706 1143 ad
731 1093 829 1142 meliora

35 1183 211 1246 titubantem,
224 1185 270 1232 boe
282 1185 330 1245 est,
340 1185 360 1232 si
371 1187 414 1234 aut
426 1183 597 1245 philosophiam
609 1181 718 1232 didicerit
727 1182 770 1230 aul
778 1183 829 1232 clo·

36 1271 176 1330 quentiam
191 1273 234 1320 aut
246 1270 335 1332 aliquid
348 1271 456 1320 honestae
466 1270 536 1330 artis,
549 1281 597 1330 quo
608 1268 694 1342 eradat
703 1267 732 1317 ad
743 1269 829 1317 bonam

35 1357 144 1418 lrngern
154 1357 233 1418 (quod
247 1357 297 1407 lieri
311 1357 362 1406 sine
373 1357 453 1406 labore
463 1357 567 1406 maximo
578 1369 626 1405 nou
639 1357 715 1418 potest
726 1356 745 1415 ),
756 1355 830 1404 bonc-

39 1448 114 1492 stam
130 1457 157 1493 ac
174 1445 294 1506 copiosam
313 1444 388 1493 ritem
405 1443 528 1502 disputant
548 1443 713 1504 peracturum
733 1441 754 1491 si
775 1453 831 1490 vero

40 1529 177 1580 doctorem
191 1531 331 1592 frugalitatis
344 1543 392 1579 non
401 1531 530 1602 invenerit,
540 1529 564 1578 tn
575 1529 693 1578 sinistrum
702 1529 766 1576 viam
777 1541 831 1589 quae

37 1618 158 1666 melioris
181 1619 283 1680 speciem
315 1617 452 1678 mentiatur,
472 1617 589 1676 incidere,
614 1617 637 1665 id
658 1619 696 1666 est
719 1615 830 1676 desidite,

39 1705 158 1764 iuer-tire,
173 1707 274 1756 luxurie
284 1719 310 1755 se
326 1705 419 1755 tradere
435 1705 505 1766 (quae
515 1703 597 1754 suavia
608 1703 706 1766 quidem
720 1702 832 1751 ridentur

38 1791 72 1840 ad
96 1797 199 1854 ternpus
221 1807 276 1844 vera
299 1793 361 1842 bona
383 1791 525 1854 ignoranti„
548 1795 602 1852 post
623 1794 719 1851 autem,
746 1789 833 1838 emina

921 834 1008 884 Littera
1020 833 1173 896 Pythagorae,
1186 834 1322 884 discrimine
1333 837 1397 884 secta
1410 835 1516 896 bicorni,
1538 835 1542 843 '

921 923 1037 970 Humanae
1047 923 1105 970 ritae
1116 922 1218 983 speciem
1230 923 1339 984 praeferre
1354 922 1458 972 videtur.

919 1011 981 1057 Nam
993 1009 1033 1056 via
1041 1008 1138 1057 virtutis
1150 1008 1261 1057 dextrum
1277 1009 1337 1070 petit
1349 1010 1424 1058 ardua
1436 1010 1534 1068 collem,

921 1093 1093 1156 Difficilemque
1104 1093 1194 1142 aditum
1209 1094 1313 1156 primum
1326 1095 1488 1156 spectantibus
1496 1095 1580 1154 ollert,

920 1181 966 1231 Sed
978 1180 1083 1242 requiem
1097 1180 1188 1242 probet
1201 1181 1267 1230 lassis
1277 1181 1302 1230 iu
1313 1181 1507 1231 verticesummo.

922 1266 994 1316 Molle
1005 1265 1165 1316 ostenditlter
1176 1267 1216 1315 via
1229 1267 1291 1328 lata,
1302 1267 1344 1317 sod
1357 1269 1441 1317 ultime
1452 1271 1515 1316 ureta

922 1353 1058 1415 Praecipitat
1071 1355 1155 1416 captos
1167 1354 1289 1417 volvitque
1304 1367 1345 1417 per
1356 1355 1429 1404 udum
1440 1367 1506 1404 saxa.

923 1439 1036 1502 Quisquis
1051 1441 1115 1490 euim
1129 1441 1202 1490 duros
1213 1454 1283 1491 eesus
1293 1443 1389 1492 virtutis
1401 1455 1482 1492 amore

922 1529 1019 1590 Vlnorit
1031 1528 1072 1578 ille
1084 1529 1130 1578 sibi
1139 1528 1283 1592 laudemque
1294 1531 1417 1592 decusque
1426 1531 1526 1592 parebit.

923 1617 954 1664 At
964 1615 1005 1676 qul
1017 1615 1132 1664 desidiam
1144 1615 1278 1678 luxumque
1287 1619 1400 1678 sequetur
1411 1617 1523 1676 inertem²

923 1704 987 1750 Dum
1001 1702 1059 1762 sugit
1074 1705 1193 1765 oppositos
1202 1705 1297 1754 incauta
1308 1709 1388 1754 mente
1397 1705 1501 1764 labores,

925 1790 1013 1851 Turpis
1028 1790 1142 1855 inopsque
1153 1791 1225 1841 simul
1236 1791 1369 1842 miserabile
1382 1793 1494 1852 transiqet
1503 1803 1589 1840 aevrrm.
