3838 5926
663 348 872 410 cathtttJtt
894 351 1097 425 naucula.

139 479 262 546 Ἡλιάδες
276 483 383 558 κοῦραι,
395 480 569 558 προλιποῦσαι
583 478 692 558 δώματα
705 479 811 550 νοκτύς,

138 571 175 636 εἷς
186 568 265 648 φέος,
276 566 412 644 ὠσάμεναι
421 570 524 647 κρατῶν
536 567 587 626 citro
597 568 673 647 χερσὶ
685 567 846 647 καλύπτρας.

140 653 222 722 Ἄξων
236 655 258 713 δ’
271 658 297 714 έν
308 659 428 734 χνοιῇσιν
442 653 476 713 lat
490 653 610 732 σύριγγος
624 653 704 726 ἀϋτὴν

144 743 296 820 αἰθόμενος,
311 744 388 810 δοιοῖς
398 741 449 822 γδιρ
460 741 579 822 ἐπείγετο
589 745 719 802 δινωτοῖσι

100 852 127 891 to
140 832 245 896 κύκλοις
255 829 445 908 ἀμφοτέρωθεν,
460 829 502 888 ὅτε
516 829 675 909 οπερχαύατο
687 830 811 908 πέμπειν.

141 914 229 978 Ἔνθα
241 918 324 975 πύλαι
335 917 425 984 νυκτός
436 940 463 975 τε
474 917 518 975 καὶ
531 917 630 992 ἤματός
644 919 695 976 aiot
709 917 848 993 κιλιύθων,
874 982 876 988 γ

142 1005 189 1062 καί
203 1027 271 1084 σφας
284 1003 423 1082 ὑπέρθυρον
438 1004 518 1082 ἀμφὶς
535 1003 591 1083 ἔχει
604 1005 647 1062 καλ
663 1003 749 1070 λα’ϊνος
763 1003 849 1074 oilie,

142 1093 223 1151 αὐταὶ
235 1093 257 1150 δ’
272 1091 358 1168 αἰθέρι
365 1091 510 1150 κέκλιινται
526 1091 663 1169 μεγάλοισι
673 1090 813 1170 θυρέτροις·

141 1183 195 1238 τῶν
209 1177 238 1238 δέ
251 1176 318 1246 Δίκη
333 1175 486 1243 πολύποινος
496 1177 673 1256 ἔχεικληϊδας
683 1175 816 1252 ἂμοιύούς.

99 1288 124 1326 to
138 1267 198 1336 Τὴν
212 1266 245 1335 δὴ
260 1265 431 1343 παρφέμεναι
445 1271 536 1344 κοῦραι
549 1266 691 1342 μαλακοῖσι
703 1265 802 1341 λόγοισι

31 1393 36 1402 ·
141 1363 238 1413 πεῖσαν
252 1354 427 1433 ἐπιφραδέως,
441 1351 475 1418 ὥς
492 1375 551 1432 σφιν
567 1352 717 1431 βαλανωτὸν
732 1355 801 1430 ὀχῆα

142 1441 277 1519 ἀπτερέως
291 1439 367 1500 desta
378 1439 481 1497 πυλέων
493 1439 559 1497 ἄπο·
569 1438 613 1498 ταὶ
625 1439 652 1497 δέ
664 1439 792 1518 θυρέτρων

83 1662 167 1716 nobis
192 1679 259 1716 cum
273 1660 424 1716 Karstenio
438 1677 570 1714 versuum
587 1660 764 1733 transpositio
789 1658 861 1712 taeta

82 1760 132 1804 est.
162 1747 276 1804 Etenim
294 1747 381 1820 vulgo
398 1755 465 1820 post
484 1746 560 1800 hunc
584 1763 697 1802 versum
717 1754 863 1818 ponuntur

81 1851 165 1890 vetss.
184 1833 290 1890 8-ro:
313 1829 381 1897 ἄξων
402 1829 425 1888 δ’
446 1832 472 1888 ἐν
492 1830 746 1909 χνοιῇς-πέμπειν,
767 1843 827 1886 tum
843 1833 863 1886 ii

82 1923 190 1993 quihus
217 1933 327 1976 sextum
352 1933 380 1976 et
404 1923 554 1994 septimum
579 1921 674 1975 locum
698 1919 828 1974 dedimus
853 1939 859 1972 :

82 2005 413 2084 Ἡλιάδες-καλύπτρας.
423 2037 463 2052 -
472 2008 566 2064 Verba
574 2003 682 2082 δώματα
696 2002 863 2070 νυκτύςιιίλιὶλ

81 2095 244 2168 significant
269 2096 321 2150 nisi
348 2092 441 2165 νύκτας
461 2096 691 2169 quippeenocte
714 2095 745 2147 in
769 2095 862 2149 lucem

80 2180 156 2238 Solis
168 2179 234 2235 filiae
252 2182 381 2240 tendunt.
397 2181 511 2238 Praestat
527 2193 621 2237 autem
633 2178 742 2258 cleptim
756 2183 862 2238 reterre

80 2269 116 2324 ad
126 2267 186 2325 ὁδὸν
199 2267 356 2344 ἡγεμόνευον
371 2288 456 2343 quarn
466 2267 503 2324 ad
515 2268 702 2346 προλιποῦσαι.

120 2358 154 2410 V.
174 2375 201 2426 7.
216 2353 466 2432 ὤσέμεναικρατῶν
480 2352 542 2425 ἄπο)
556 2356 648 2414 Codd.
661 2357 803 2434 κρατερῶν,
815 2359 862 2412 alii

80 2443 231 2520 κρατεραῖς.
249 2445 429 2499 Heinrichius
444 2443 512 2518 legit
531 2443 613 2514 jussit
626 2441 771 2523 κροτάφων,
787 2447 860 2500 Kar·

79 2533 185 2586 stenius
195 2532 310 2608 κρατῶν.
324 2532 444 2605 Imagini
452 2531 588 2587 inchoata
597 2532 680 2588 valde
694 2534 863 2588 conveniens

79 2631 120 2674 est
143 2618 229 2691 hujus
256 2639 353 2676 versus
384 2620 529 2676 sententia.
558 2621 700 2676 Flammea
727 2620 862 2692 rejiciunt

79 2711 199 2783 puellae,
214 2719 317 2781 utpote
332 2727 348 2764 e
362 2708 484 2764 tenebris
498 2708 528 2760 in
540 2707 633 2762 lucem
648 2726 808 2765 emersura.

119 2801 153 2854 V.
168 2797 199 2854 8.
214 2794 283 2862 ἄξων
294 2797 316 2852 δ’
327 2798 353 2854 έν
367 2799 486 2874 χναιῇσιν
498 2792 544 2866 ἵει)
563 2795 769 2851 literanum
784 2793 862 2848 libris

78 2887 117 2940 ita
125 2886 276 2940 mutilatus
285 2895 343 2940 cst:
359 2883 427 2949 ἄξων
441 2881 463 2938 δ’
476 2882 502 2938 έν
512 2884 628 2959 χνοιῇσιν
639 2880 756 2958 σύριγγος
767 2877 859 2949 ἀϋτήν.

78 2973 247 3027 Karstenius
261 2984 340 3028 recte
352 2971 463 3028 addidit
473 2966 522 3041 leq
538 2980 703 3025 caeterorum
714 2967 859 3040 conjectu-

77 3061 302 3119 rasomittimus.

117 3149 151 3201 V.
174 3165 222 3204 ιο.
240 3145 401 3224 οπερχσίατο
426 3147 514 3221 magis
528 3155 745 3200 consentaneum
767 3143 860 3199 estad

78 3252 168 3308 equos
181 3252 270 3309 quam
281 3236 318 3292 ad
333 3233 462 3290 Heliades
474 3232 592 3288 reterre.

117 3322 153 3380 V.
175 3341 222 3378 11.
238 3315 323 3380 Ἐνθα
337 3318 418 3376 πύλαι
431 3315 529 3396 νυκτὸς)
544 3321 626 3374 Hunc
640 3337 751 3374 versum
766 3320 858 3374 attin-

75 3411 118 3484 git
130 3411 309 3484 Porphyrius
331 3408 366 3464 de
382 3411 465 3466 Antr.
485 3407 607 3480 Nymph.
628 3426 654 3464 c.
673 3423 720 3463 aa.
744 3407 859 3462 Aditum

77 3499 114 3552 ad
128 3499 188 3554 deae
207 3497 304 3552 lanum
324 3497 364 3550 ita
382 3495 517 3551 describit
535 3493 723 3562 Parmenides,
742 3504 774 3548 ut
797 3495 859 3551 coeii

76 3587 192 3660 plagam
207 3603 266 3640 esse
287 3584 363 3639 dicat
375 3585 405 3637 in
420 3601 476 3656 qua
495 3583 553 3637 sitae
571 3583 627 3637 sint
645 3582 715 3636 lucis
727 3591 755 3636 et
769 3587 860 3640 noctis

75 3675 138 3728 via.
162 3675 247 3727 Hunc
262 3672 359 3725 locum
371 3689 431 3724 non
444 3670 530 3742 vulgo
546 3679 700 3741 patentem,
711 3669 761 3724 sed
773 3671 859 3726 valvis

76 3773 189 3834 septum
202 3777 261 3816 ease
274 3760 324 3827 ait,
339 3775 407 3830 quas
429 3755 572 3812 custodiat
597 3756 726 3812 lustitia·
741 3757 793 3810 Per
809 3758 858 3812 has

75 3853 170 3906 salvas
195 3849 289 3904 aditus
310 3845 400 3901 estad
422 3844 521 3902 aedem.
545 3845 616 3900 Sunt
632 3853 725 3898 autem
746 3843 816 3899 lucis
830 3856 858 3900 et

75 3939 167 3992 noctis
184 3937 237 3990 uiae
252 3933 322 3988 nihil
341 3933 395 3986 nisi
413 3931 538 3987 veritatis
553 3942 582 3986 et
604 3929 734 3986 falsarum
750 3932 858 4004 opinio-

74 4045 143 4078 num
160 4023 305 4088 rationes,
321 4015 390 4092 quas
404 4019 457 4074 dea
477 4018 638 4073 Parmenidi
652 4017 789 4073 traditura
803 4029 854 4076 est.

75 4114 117 4166 De
130 4113 244 4183 reliquo
258 4103 339 4162 πύλαι
351 4107 402 4162 etsi
417 4104 568 4182 pluraliter
579 4123 751 4178 expressum,
764 4116 856 4161 tamen

74 4212 107 4253 ut
127 4198 206 4272 apud
228 4197 385 4252 Homerum
399 4213 454 4268 pro
468 4210 527 4249 una
538 4203 648 4248 tantum
669 4202 754 4268 porta
766 4195 855 4267 accipi

75 4297 202 4361 oportet.

113 4379 148 4433 V.
166 4373 214 4429 13.
232 4367 307 4428 attat
321 4369 342 4426 δ’
358 4367 442 4448 αἰθέρι
463 4367 619 4438 κέκλεινται)
633 4368 771 4421 Intactam
790 4370 854 4424 reli-

75 4470 201 4536 querunt
225 4457 385 4516 Kamtenius
404 4469 432 4512 et
455 4455 598 4511 lieltherus
627 4453 853 4509 membranarum

73 4553 245 4624 scripturam
260 4543 370 4623 αἰθέριαι
385 4544 509 4614 πλῆνται,
522 4559 608 4616 quam
624 4541 662 4595 ob
677 4541 775 4595 lormae
785 4542 855 4596 inso-

73 4637 189 4692 lentiam
210 4643 239 4689 et
253 4634 312 4690 loci
325 4644 466 4700 naturam,
484 4647 544 4684 non
558 4627 710 4683 defuerunt
725 4628 774 4700 qui
787 4647 853 4683 mu-

72 4735 130 4780 tato
154 4725 239 4778 etiam
262 4721 391 4793 sequenti
412 4720 458 4774 vel
477 4715 653 4773 antecedenti
672 4716 852 4772 vocabuloin

71 4813 172 4881 πλῆντο
189 4808 448 4880 convortivellent,
466 4806 512 4860 vel
531 4803 581 4877 qui
596 4803 675 4858 aliud
689 4803 808 4858 verbum
822 4806 852 4858 in

70 4899 131 4974 ejus
153 4901 249 4955 locum
275 4896 488 4952 substituerent.
510 4893 610 4964 Itaque
631 4890 791 4946 Lobeckius
815 4892 852 4947 ad

69 4987 232 5044 Buttmauni
246 4987 378 5043 Gramm.
394 4983 444 5040 Gr.
460 4982 489 5036 11
503 4999 534 5055 p.
553 4997 585 5049 17
604 4975 686 5054 αἰθέρι
704 4973 850 5033 πεπτέαται

70 5075 206 5150 μεγάλοισι
219 5085 336 5148 poetam
350 5070 491 5144 scripsisse
506 5067 661 5140 suspicatus
676 5076 727 5134 est,
744 5061 851 5120 Seidle·

70 5181 115 5218 rus
130 5161 243 5229 πλῆνται
269 5161 300 5214 in
323 5154 445 5227 acquam,
466 5155 659 5211 Lachmannus
682 5153 711 5207 in
739 5150 850 5220 κλησταῖ

909 491 1455 556 (aarumnymptemoctnoomoret1uq5

908 581 938 630 ad
951 581 1042 643 lucem,
1056 581 1210 632 velaminibus
1221 583 1321 644 ecapite
1332 584 1438 634 remotis.

907 668 966 718 lixis
978 669 1058 717 autem
1071 668 1096 716 in
1108 667 1216 718 modiolis
1225 667 1303 719 ciebat
1314 669 1402 720 fistula
1414 671 1540 722 stridorem

908 757 1015 817 terreas,
1024 757 1098 819 (hints
1106 757 1170 806 euim
1180 757 1313 818 agitabatur
1326 761 1424 809 minatis

894 825 966 892 'rotis
987 843 1132 906 utrimque)
1152 843 1349 907 quotiescumque
1366 843 1466 914 [mpero
1481 845 1581 910 impetu]
1599 847 1685 898 vehere

907 928 958 978 lilio
970 931 1007 980 est
1017 933 1086 992 porta
1096 930 1173 978 north
1185 934 1210 978 et
1221 930 1281 980 lucis
1293 931 1401 991 viarum,
1524 932 1682 996 [festinarent.

908 1029 981 1078 quam
992 1029 1065 1078 supra
1074 1016 1261 1080 hyperthyrum,
1278 1016 1339 1066 inira
1348 1017 1422 1068 limen
1433 1018 1553 1082 lapideum
1564 1022 1684 1084 eontinet;

908 1103 959 1166 ipsa
968 1107 1050 1154 sutem
1062 1104 1151 1154 aethere
1162 1103 1281 1154 clauditur
1297 1104 1433 1166 ingentibus
1446 1107 1536 1169 valvis,

908 1203 1011 1254 quarum
1024 1189 1110 1240 vindex
1122 1190 1219 1241 lustitia
1228 1193 1294 1242 leuet
1303 1191 1437 1254 reciprocas
1448 1193 1535 1244 claves.

908 1283 973 1329 liano
984 1279 1056 1340 igitur
1066 1278 1177 1340 nympha
1189 1278 1281 1328 blandis
1294 1278 1372 1328 verbis
1382 1286 1484 1341 precata}

907 1367 967 1417 scite
978 1367 1136 1427 indulserunt,
1146 1371 1172 1416 ut
1180 1365 1224 1416 sibi
1238 1367 1329 1416 vectem
1342 1367 1418 1416 terrea
1428 1368 1513 1429 glande
1524 1370 1645 1418 munitum

908 1453 1033 1504 confestim
1044 1459 1164 1502 amoveret
1175 1467 1189 1502 a
1201 1453 1303 1516 mribus,
1313 1453 1360 1503 iliae
1370 1459 1452 1516 aperto
1462 1457 1524 1505 ostio

910 1659 1043 1726 correxit,
1068 1657 1201 1730 Berglu'us
1220 1653 1331 1733 αἰθέριαι
1346 1659 1439 1726 πλῆντ’
1453 1658 1616 1716 εὐκελάδοισι
1630 1679 1684 1734 po-

907 1746 1031 1800 nendum
1047 1763 1104 1800 esse
1121 1743 1301 1816 conjectavit.
1326 1746 1393 1804 litht
1408 1748 1589 1804 Parmenides
1601 1744 1683 1825 αἰθέρι

906 1831 1051 1889 κέκλεινται
1063 1831 1177 1886 videtur
1190 1849 1324 1891 exarasse.

945 1921 980 1976 V.
1001 1925 1048 1984 rt.
1069 1919 1167 1974 Clarae
1187 1917 1321 1974 dicuntur
1346 1917 1452 1992 ἀμοιύοέ
1469 1921 1547 1994 quod
1569 1922 1682 1978 alternis

905 2007 1014 2062 vicibus
1023 2005 1139 2078 januam
1155 2005 1309 2060 occludunt
1324 2017 1352 2060 et
1366 2007 1525 2068 recludunt.
1544 2010 1682 2065 Ceterum

905 2095 1017 2149 initium
1040 2093 1180 2161 carminis,
1208 2111 1266 2166 quo
1290 2094 1463 2150 Parmenidis
1485 2115 1586 2170 poema
1611 2098 1679 2151 oiim

905 2181 1028 2235 imitatus
1039 2197 1112 2247 sum,
1128 2179 1175 2233 hic
1189 2195 1331 2252 apponere
1345 2179 1427 2232 liceat
1443 2196 1451 2236 ι
1535 2251 1537 2254 Ι

965 2307 1077 2358 sollertes
1087 2307 1176 2370 quihus
1186 2307 1235 2356 alta
1247 2311 1301 2368 peto
1310 2319 1353 2368 pro
1367 2308 1453 2358 metitis
1466 2321 1548 2360 amore

965 2399 994 2455 lu
1009 2394 1095 2444 celebri
1103 2407 1200 2443 currum
1214 2396 1340 2456 postquam
1354 2395 1551 2457 posuerajogales

965 2483 1080 2542 Tramite,
1090 2481 1146 2530 diva
1159 2485 1242 2543 potens
1253 2479 1295 2530 uiti
1307 2484 1405 2531 cunctas
1414 2481 1500 2532 edocet
1508 2485 1573 2533 artes

966 2569 1017 2616 llos
1029 2568 1070 2630 qui
1080 2566 1229 2628 magnanimo
1240 2566 1344 2615 cmtestia
1354 2570 1449 2628 pectore
1458 2570 1587 2631 quantula

967 2654 1080 2704 Portabat
1092 2655 1159 2715 grata
1168 2652 1294 2704 llellsdum
1309 2654 1440 2704 eomitante
1450 2657 1556 2715 caterva,

966 2743 1026 2798 Quas
1035 2739 1122 2802 raptim
1133 2739 1210 2789 noetis
1220 2738 1345 2789 lenemosa
1359 2739 1415 2790 sede
1424 2740 1508 2790 relicta

966 2831 1000 2878 do
1010 2827 1169 2878 velaminibus
1184 2827 1276 2890 placida
1288 2827 1403 2878 (latronis
1414 2830 1513 2880 remotis

966 2913 1263 2966 ostendebatiterdlvinte
1277 2913 1376 2964 tucisarl
1388 2927 1452 2964 oras.
1524 2969 1527 2974 Δ

965 3001 1101 3052 stridebant
1110 3014 1237 3065 evesques
1252 3001 1415 3062 ingeusrobur
1424 3014 1542 3063 equorum

965 3094 1084 3154 Perpetuo
1093 3091 1145 3141 nisu
1155 3091 1208 3153 biga
1218 3091 1323 3140 fervente
1334 3090 1453 3140 movebat.

965 3180 1018 3230 lllic
1030 3181 1175 3242 conspicitur
1186 3178 1264 3228 noetis
1275 3179 1380 3240 lucisque
1388 3178 1481 3227 viarum

967 3269 1047 3329 Porta,
1055 3280 1127 3329 anper
1138 3267 1209 3316 limen
1220 3265 1344 3327 pulchrum
1355 3278 1427 3326 quam
1437 3265 1546 3326 splendet
1553 3268 1579 3315 et
1591 3265 1661 3315 intra.

965 3355 1076 3404 AEtlreriis
1089 3353 1187 3404 tundata
1195 3353 1251 3402 locis
1259 3352 1395 3402 oeeludltur
1403 3351 1448 3412 ipsi

964 3443 1081 3500 lustitia,
1091 3441 1171 3490 claves
1183 3441 1308 3490 valvarum
1320 3451 1375 3501 quta
1384 3442 1543 3500 teneturque.

964 3531 1031 3580 ilaue
1039 3528 1110 3590 igitur
1121 3528 1232 3590 nympha.
1243 3526 1329 3582 blanda
1344 3530 1397 3574 tum
1407 3537 1466 3574 voce
1474 3528 1577 3588 premio

964 3614 1194 3676 Eloquioiuduxere,
1206 3626 1299 3662 sonorae
1314 3616 1340 3662 ut
1351 3613 1424 3662 terrea
1436 3613 1512 3662 vincla

964 3703 1079 3764 dejiceret
1089 3705 1164 3766 porte
1176 3721 1182 3752 τ
1195 3716 1250 3766 quae
1268 3708 1394 3764 postquam
1402 3701 1514 3764 adaperta
1528 3703 1637 3764 recessit,

962 3796 1094 3841 lmmanem
1107 3791 1199 3842 loribus
1209 3790 1283 3852 pastis
1295 3790 1410 3840 reseravit
1424 3789 1525 3849 illatum,
1620 3827 1624 3834 .

962 3878 1142 3941 AErsttsmagm
1154 3878 1195 3941 qui
1211 3879 1322 3928 comtant
1330 3881 1381 3926 arte
1393 3877 1523 3926 ramnum

963 3967 1106 4018 Gardlnihus
1115 3965 1198 4016 versis.
1209 3965 1295 4016 Subito
1307 3977 1391 4015 rexere
1402 3964 1488 4026 pirella

962 4055 1076 4104 celestes
1088 4053 1198 4104 maulhus
1209 4053 1316 4116 spatioso
1325 4052 1420 4102 tramite
1431 4064 1539 4100 currum

960 4143 1022 4191 Tum
1033 4139 1076 4189 dea
1086 4139 1181 4189 mortali
1189 4138 1299 4188 dextram
1307 4137 1415 4199 porrexit
1424 4142 1447 4186 et
1456 4149 1498 4187 ore

959 4230 1113 4292 terrigenam
1122 4228 1235 4278 duleiste
1248 4229 1285 4276 est
1297 4227 1372 4276 allata
1385 4226 1488 4288 benigne
1499 4245 1506 4275 ι

960 4318 1048 4376 Opuer
1059 4313 1147 4376 arrrtgts
1157 4314 1245 4376 quibus
1256 4315 1295 4364 eat
1304 4317 1395 4363 amma
1406 4312 1507 4374 iuventa

959 4403 1028 4450 Nune
1035 4402 1156 4463 comitate,
1172 4403 1233 4452 rotis
1245 4403 1339 4451 nocuus
1351 4402 1450 4450 evectus
1459 4399 1489 4472 ad
1500 4411 1575 4458 arces,

960 4491 1031 4538 caste
1044 4488 1193 4550 pueqsalve,
1204 4489 1356 4550 nequeenim
1366 4485 1486 4536 maletida
1497 4487 1621 4536 timentem

959 4575 1125 4625 Additaitsors
1141 4575 1186 4623 hoc
1195 4573 1225 4624 ad
1238 4575 1283 4624 iter
1299 4573 1402 4624 sublime
1414 4573 1528 4635 deorum,

958 4663 1005 4712 sed
1019 4663 1069 4711 veri
1083 4661 1238 4711 intemeratus
1251 4673 1327 4711 amor.
1342 4663 1379 4710 Tu
1395 4661 1482 4710 cuncta
1496 4659 1598 4711 reconde

957 4750 1037 4799 Mente
1047 4750 1089 4798 tua
1100 4749 1150 4798 veri
1162 4748 1255 4798 sincera
1265 4748 1403 4809 invictaque
1416 4747 1490 4797 rerba

961 4838 992 4884 ut
1005 4849 1165 4898 quacumque
1176 4835 1283 4885 homines
1290 4838 1397 4884 errantes
1404 4834 1497 4883 somnia
1508 4831 1618 4882 credunt.

937 4971 967 5026 V.
987 4985 1033 5036 17.
1050 4965 1216 5020 Dubitatum
1233 4973 1273 5018 est
1288 4963 1323 5019 ab
1343 4959 1559 5035 interpretibus,
1575 4971 1670 5015 utrum

895 5055 1162 5134 ταλ-ἅναπτύμεναι
1186 5057 1223 5112 ad
1245 5053 1329 5119 πύλας
1347 5074 1383 5110 an
1406 5055 1444 5110 ad
1466 5049 1559 5130 κούρας
1571 5053 1670 5108 referri

892 5151 975 5206 satius
991 5158 1065 5206 esset.
1089 5146 1134 5202 Ad
1155 5141 1238 5210 πύλας
1257 5145 1423 5200 rettulerunt
1431 5139 1625 5224 ¹„lleinriehius
1640 5152 1669 5196 et

1536 5262 1558 5305 θ.
