3838 5926
372 731 741 848 PRAEFATID
775 734 865 847 DE
906 730 1333 850 PARMENIDE.

728 1013 983 1040 ψ

83 1209 271 1268 Parmenides
284 1205 344 1287 (r),
360 1209 488 1266 Eleatieae
501 1210 603 1266 seholae
618 1211 763 1284 princeps,
781 1229 833 1266 na·
878 1209 991 1285 piadem
1009 1211 1047 1286 69
1069 1209 1198 1267 floruisse
1218 1213 1272 1286 ait,
1298 1214 1377 1286 quod
1403 1215 1583 1270 mirabuntur
1607 1220 1657 1290 qui

49 1301 143 1354 taliam
157 1299 317 1373 splendore
330 1311 359 1354 et
370 1301 473 1372 opibus
483 1299 559 1374 apud
572 1318 638 1355 suos
653 1301 831 1374 praecellens,
878 1299 1022 1354 Platonem
1036 1318 1104 1354 vera
1118 1299 1264 1356 tradidisse
1277 1299 1331 1354 sibi
1345 1303 1541 1374 persuaserint.
1559 1303 1658 1377 Neque

49 1388 166 1459 patriam
177 1386 514 1459 habuitEleam,patrem
525 1387 699 1459 Pyrrhetem.
711 1387 833 1458 Quando
877 1387 953 1440 enim
977 1385 1129 1460 probabile
1151 1398 1192 1442 est
1216 1388 1412 1444 Parmenidem
1433 1389 1491 1461 jam
1514 1390 1657 1464 ephebum

49 1485 139 1529 autem
160 1475 314 1542 r·ixerit,a
332 1475 445 1529 nemine
467 1485 595 1530 veterum
616 1485 746 1530 accurate
766 1493 833 1548 per·
877 1474 965 1526 atatis
991 1475 1182 1529 maturitatem
1209 1474 1343 1548 adeptum
1368 1477 1398 1530 in
1426 1477 1523 1550 gloria.
1546 1478 1657 1552 fastigio

48 1564 184 1634 scriptum
200 1570 253 1620 est,
270 1564 384 1618 Exstant
395 1562 446 1618 hac
458 1562 493 1618 de
505 1581 536 1618 re
550 1562 675 1618 duorum
684 1573 833 1619 auctorum
877 1559 992 1614 stetisse.
1008 1557 1051 1618 Ac
1065 1560 1180 1616 suerunt
1194 1562 1309 1635 quidem
1325 1563 1402 1637 apud
1416 1575 1524 1620 veteres
1536 1565 1586 1637 qui
1600 1566 1658 1620 Pla·

49 1650 212 1704 testimonia
226 1649 386 1704 admodum
403 1647 529 1718 diversa,
546 1651 671 1706 Platonis
683 1662 712 1706 et
727 1653 832 1726 Dioge.
878 1647 951 1700 lonis
965 1647 993 1700 in
1006 1647 1058 1702 isla
1070 1666 1102 1704 re
1113 1647 1199 1704 fidem
1211 1648 1382 1706 labefactare
1393 1662 1575 1709 conarentur.
1586 1653 1657 1708 Nam

48 1739 89 1790 nis
99 1735 220 1794 Laertii.
234 1737 364 1807 Quotam
379 1738 450 1791 alter
460 1746 540 1791 aetate
553 1738 592 1790 illi
606 1738 751 1810 proximus
762 1737 830 1812 fuit,
878 1733 1026 1790 Athenaeus
1047 1734 1083 1812 (5)
1106 1746 1134 1791 et
1156 1738 1319 1793 Macrobius
1335 1739 1528 1794 Pannonidem
1542 1741 1658 1798 Socrate

48 1827 117 1878 alter
139 1836 308 1897 temporum
332 1823 450 1896 quidem
480 1826 630 1880 intervallo
662 1825 832 1896 disjunctus,
877 1822 1067 1894 antiquiorem
1081 1823 1440 1898 luissecontenderunt‚ita
1453 1826 1578 1898 uthujus
1590 1847 1659 1901 pue·

48 1913 95 1968 sed
109 1913 238 1986 repetita
250 1914 433 1984 antiquorum
443 1913 685 1987 chronologorum
697 1917 833 1970 sententia
876 1910 940 1964 ritia
960 1912 1006 1964 vix
1021 1910 1097 1966 illius
1110 1922 1281 1966 senectutem
1296 1914 1457 1986 attingeret,
1471 1933 1658 1989 quaecumque

49 2001 164 2054 minime
187 1997 425 2057 contemnendus.
449 2001 529 2054 Plato
556 1997 594 2076 (a)
621 2001 701 2054 initio
728 2001 832 2077 dialogi
878 1995 914 2050 de
930 1999 1105 2071 temporibus
1119 2009 1147 2052 et
1165 1999 1451 2073 personisaPlatone
1471 2001 1606 2057 dicuntur
1620 2003 1657 2058 ad

50 2087 226 2142 Parmenidis
240 2088 357 2142 nomine
373 2088 498 2160 inscripti
517 2089 658 2142 memoriae
674 2089 773 2161 prodit
784 2109 832 2146 ve·
878 2084 963 2157 ipsius
977 2087 1126 2140 consilium
1138 2086 1353 2142 accommodate
1369 2085 1437 2160 fingi
1457 2089 1657 2148 existimantes.

50 2179 120 2230 nisse
130 2175 281 2248 quondam
291 2175 414 2231 Athenas
424 2176 460 2231 ad
470 2177 566 2231 sestam
579 2177 832 2234 Panathenaeorum
878 2170 933 2226 Sed
949 2171 1095 2229 falluntur.
1110 2173 1249 2248 Congruit
1261 2174 1334 2226 enirn
1352 2175 1474 2229 Zenonis
1487 2185 1550 2230 aetas
1563 2177 1593 2229 in
1606 2178 1657 2232 illo

52 2264 244 2318 celebritatem
254 2262 447 2318 l’arrnenidem
455 2265 597 2336 sexaginta
606 2263 663 2318 fere
672 2274 699 2319 et
707 2267 833 2338 quinque
878 2257 991 2332 dialogo
1016 2269 1194 2315 noisiacum
1216 2261 1498 2344 chronographorum
1518 2261 1556 2336 (6)
1579 2266 1658 2318 testi-

53 2371 192 2406 amioruni
219 2370 315 2408 senem
337 2369 396 2407 una
419 2370 483 2406 cum
503 2353 618 2409 zenone
646 2351 833 2428 quadraginta
877 2347 979 2400 moniis
988 2347 1038 2419 qui
1053 2344 1113 2418 ejus
1125 2345 1226 2403 liorem
1236 2347 1266 2402 in
1275 2347 1471 2423 Olympiadem
1485 2369 1521 2423 79
1531 2349 1658 2406 incidere

54 2441 163 2495 circiter·
174 2458 267 2496 annos
281 2451 366 2510 nato,
380 2458 466 2512 quem
485 2439 545 2510 ejus
559 2439 673 2495 delicias
694 2440 776 2498 fuisse
789 2441 832 2496 di.
875 2433 1055 2509 scripserunt.
1072 2435 1180 2507 Quodsi
1194 2435 1228 2491 de
1240 2436 1355 2493 Zenone
1366 2439 1460 2492 omnia
1473 2457 1538 2494 vere
1551 2442 1659 2500 rettulit

55 2529 161 2582 rebant,
179 2530 290 2582 florum
303 2528 426 2582 sermoni
441 2525 477 2582 de
491 2527 576 2581 rebus
595 2525 767 2583 difficillimis
780 2530 830 2584 ha.
878 2521 975 2590 Plato,
991 2540 1050 2576 non
1065 2532 1106 2578 est
1120 2522 1200 2596 quod
1209 2541 1273 2578 eum
1286 2523 1321 2579 de
1332 2524 1505 2580 Parmenidis
1514 2537 1658 2583 senectute

56 2615 111 2668 bito
126 2614 275 2672 Socratem
296 2613 590 2687 peradolescentulum
602 2625 661 2669 tum
676 2616 832 2674 interfuisse
876 2607 1038 2682 ¹0q1¹snle¹1¹
1054 2620 1243 2667 transversum
1258 2629 1380 2686 unguem
1392 2630 1410 2668 a
1422 2630 1491 2668 vero
1506 2613 1659 2672 discessisse

55 2704 145 2756 relert.
169 2705 303 2774 Quocum
327 2703 482 2756 concinunt
503 2701 563 2756 duo
585 2703 633 2756 alii
650 2703 706 2758 loci
728 2706 832 2778 quibus
876 2707 1019 2768 putemus·
1645 2749 1647 2754 -

57 2790 180 2843 Socrates
201 2807 232 2843 se
256 2804 377 2860 puerum
400 2805 464 2842 cum
481 2787 648 2843 parmenide
668 2799 832 2864 atatem.
917 2785 1032 2838 lllissum
1059 2786 1146 2860 igitur
1168 2785 1302 2843 faciamus
1325 2785 1492 2861 Diogenem.
1519 2791 1585 2846 Non
1607 2810 1658 2846 eu·
1711 2869 1715 2872 -

56 2887 129 2928 recto
139 2875 502 2930 collocutumessenarrat.
515 2877 577 2930 iarn
587 2893 674 2948 quum
685 2875 831 2936 Socratem
877 2869 997 2926 6111111113
1016 2884 1152 2946 preterea
1166 2876 1374 2948 Theophrastus
1398 2871 1434 2950 (7)
1455 2878 1505 2949 qui
1531 2879 1657 2953 Diogene
1711 2897 1713 2902 ’

56 2962 244 3035 Apollodorus
267 2961 307 3036 (3)
329 2963 358 3016 in
372 2963 521 3020 Chronicis
540 2975 643 3036 quarto
657 2965 832 3040 Olympiadis
879 2969 946 3014 leste
960 2960 1154 3017 Pannonitletn
1165 2961 1368 3018 Anaximandri
1382 2962 1543 3020 auditorem
1558 2966 1656 3041 appel·

56 3051 259 3122 septuagesimae
284 3050 409 3121 septimas
434 3067 508 3104 anno
530 3061 615 3123 partu
641 3051 747 3108 editum
774 3073 832 3112 0550
878 3047 955 3102 lavit.
971 3047 1083 3104 Etenim
1095 3049 1308 3108 Anaximander
1322 3049 1360 3124 (8)
1373 3050 1498 3106 secundo
1511 3051 1658 3127 Olympia·

57 3135 177 3196 testetur,
194 3129 218 3182 si
236 3145 301 3182 eum
319 3145 377 3200 quo
392 3138 517 3200 tempore
531 3129 638 3184 factum
651 3141 692 3186 est
703 3133 758 3186 hoc
773 3136 832 3188 col·
878 3133 920 3188 dis
939 3137 1176 3212 quinquagesimae
1197 3149 1302 3193 octava
1317 3157 1391 3193 anno
1405 3149 1534 3193 mortuus
1549 3140 1660 3213 aliquot

56 3213 180 3286 loquium
195 3215 362 3287 quindecim
377 3233 517 3270 annorum
527 3215 734 3274 adolescentem
748 3220 832 3278 fuisse
877 3221 956 3276 annis
969 3233 1033 3277 ante
1047 3223 1191 3278 conditam
1207 3225 1301 3279 llleam
1315 3243 1330 3279 e
1344 3227 1401 3279 vita
1415 3228 1540 3281 excessit.
1552 3230 1615 3299 Qua
1629 3229 1659 3282 in

54 3318 202 3372 ponamus,
217 3301 397 3356 Parmenides
412 3303 459 3375 qui
473 3312 532 3358 tum
545 3306 727 3378 sexagenario
741 3309 833 3381 major
878 3307 948 3362 urbe
959 3327 975 3362 a
987 3306 1203 3366 Phocaeensibus
1214 3310 1381 3384 Olympiade
1392 3310 1426 3364 61
1440 3312 1557 3367 condita
1567 3332 1656 3385 quum

54 3398 123 3455 erat,
143 3387 316 3462 Olympiade
336 3388 373 3456 64
387 3389 445 3445 sere
459 3391 487 3444 in
502 3391 594 3445 lucem
608 3405 754 3468 susceptus
773 3409 831 3470 est,
877 3406 958 3449 natus
971 3407 1041 3450 esset
1054 3397 1502 3466 Parmenides,Anaximandrum
1512 3418 1606 3474 neque
1618 3402 1659 3456 ri·

53 3465 125 3523 Zeno
140 3478 238 3522 autem
261 3469 361 3542 viginti
385 3470 504 3542 amplius
524 3471 603 3524 annis
623 3471 673 3527 illo
691 3477 833 3546 posterior
878 3480 946 3536 dere
960 3499 1053 3555 neque
1069 3486 1172 3539 versari
1187 3503 1252 3540 cum
1264 3503 1297 3539 eo
1312 3488 1418 3559 potuit.

51 3554 218 3629 Olympiade
230 3555 269 3626 69
283 3555 325 3611 vel
339 3573 376 3626 70
389 3556 418 3610 in
433 3556 508 3611 hanc
522 3558 608 3612 vitam
629 3559 770 3634 profectus
788 3564 833 3616 vi·
919 3567 1030 3623 Falsum
1044 3570 1111 3623 item
1124 3569 1203 3643 quod
1214 3569 1291 3642 apud
1304 3572 1602 3646 eumdemDiogenenr
1618 3573 1657 3652 (9)

51 3639 141 3695 detur.
157 3642 289 3696 Laertius
298 3641 336 3716 (ί.)
351 3660 419 3697 vero
433 3640 630 3699 Parmenidem
645 3645 720 3701 circa
731 3647 832 3722 Olym·
878 3653 991 3727 legitur,
1001 3654 1162 3711 auditorem
1172 3657 1346 3714 Pannenidis
1355 3660 1553 3716 Anaximenem
1564 3660 1659 3722 tuisse.

53 3783 1651 3816 ---·--·-—-——-—-·—-——--.-.....-.....-...-.

78 3859 112 3915 (1)
120 3855 363 3914 Diogeneetseeuus
370 3856 412 3906 tib.
422 3860 464 3918 lh,
475 3865 502 3908 al
515 3874 521 3908 ε
533 3860 675 3922 Ξενοφάνους
687 3863 712 3911 δὲ
722 3863 831 3921 διήκουσι
908 3869 942 3930 (a)
951 3871 1067 3932 Diogenes
1078 3873 1187 3922 Laertius
1200 3874 1241 3923 lib.
1253 3876 1286 3935 ll,
1298 3877 1328 3924 ll
1342 3873 1481 3935 ιἝγεννήθη
1493 3876 1517 3925 δλ
1528 3875 1552 3939 [δ
1563 3879 1660 3941 Σωκρά·

50 3925 194 3987 Παρμενίδης
205 3923 326 3988 Πὺῥρητος
337 3924 452 3984 Ἐλεάτης.
467 3964 474 3976 .
489 3964 495 3977 .
507 3964 513 3978 .
525 3929 603 3990 γάνους
614 3946 640 3979 τε
651 3932 762 3996 ὑπάρχων
773 3935 830 3998 λαμ·
875 3937 935 4000 της),
947 3940 1008 3988 καθά
1017 3957 1087 4003 φησιν
1096 3941 1263 4003 Ἀπολλόδωρος
1273 3944 1296 3991 lv
1305 3947 1352 3998 τοῖς
1362 3945 1492 4004 Χρονικοῖς,
1501 3947 1538 3994 inl
1549 3945 1659 4009 Ἁρεψίω·

50 4000 106 4054 προῡ
121 3997 163 4044 καὶ
178 3994 297 4050 πλούσιος.
310 3995 348 4046 ct.
361 3997 446 4046 strides
458 4011 481 4046 r.
496 3999 647 4060 Παρμενίδης.
668 4002 831 4054 'l'treodoretus
876 4023 913 4064 νος
920 4009 944 4056 ἐν
952 4015 986 4070 τῷ
993 4009 1095 4073 τετάρτῳ
1105 4011 1150 4060 teet
1156 4017 1196 4070 τῆς
1203 4012 1376 4074 ἑδδομηιιοστῆς
1385 4012 1486 4074 sasinus
1493 4011 1659 4080 Ὀλυμπιάδος,

50 4064 149 4126 Iterap.
166 4067 236 4113 serm
260 4068 302 4114 tv.
318 4067 519 4127 Ettsebtust’rtcp.
534 4071 579 4118 Er.
594 4073 660 4129 xlv,
672 4077 686 4121 3
697 4087 719 4134 p.
731 4077 787 4136 770,
802 4077 829 4124 D.
877 4079 1038 4140 Θαργηλιῶνος
1052 4081 1116 4142 ἕκτῃ.

51 4133 200 4194 eptptnntus
220 4133 277 4182 adr.
291 4137 383 4184 uetes.
398 4136 443 4196 ut,
465 4136 512 4185 rol.
532 4139 579 4200 tp,
596 4141 664 4188 tuat.
685 4141 770 4190 Strabo
789 4143 830 4192 lth.
907 4150 1064 4210 (utitogeoes
1074 4150 1317 4212 teentnstinuxna
1327 4153 1443 4213 ;Ἧνμσζι
1454 4153 1479 4202 a
1489 4153 1659 4213 κατὰτηνλνά·

50 4207 91 4258 t't.
102 4207 158 4254 tou:
171 4208 203 4255 Ol
211 4207 237 4255 δί
249 4211 289 4255 νῦν
298 4205 378 4256 'alsae
388 4207 550 4271 ὀνομάζουσιν,
564 4211 587 4266 ἐξ
597 4209 625 4268 ἧς
636 4212 780 4274 Παρμενίδης
792 4215 832 4262 καὶ
875 4237 916 4277 την
928 4221 967 4269 καὶ
979 4223 1105 4280 ἑξηκοστὴν
1116 4220 1270 4284 Ὀλυμπιάδα.

52 4275 129 4329 tam
144 4276 266 4334 ἐγίνοντο,
278 4275 356 4338 ἄνδρες
366 4275 529 4338 Πυθαγόρεω-
907 4291 942 4351 ts)
959 4291 1137 4342 sttrenaeustu.
1147 4293 1191 4349 rx,
1209 4296 1236 4342 ts
1249 4305 1271 4352 ρ.
1289 4292 1362 4340 soar
1376 4306 1382 4338 :
1394 4291 1529 4353 Παρμενίδη
1539 4294 1578 4342 eet
1590 4293 1661 4343 tum

80 4343 114 4403 (2)
126 4345 196 4392 Plalo
204 4345 342 4396 Parmenld.
351 4357 374 4406 (7.
388 4348 545 4408 127,Λ;Ἔρη
555 4347 612 4405 diod
623 4349 636 4398 d
646 4348 833 4412 Ἆπιφῶνλίγειν
876 4359 908 4415 εἰς
920 4360 1001 4420 λόγους
1012 4363 1052 4410 τὸν
1063 4365 1105 4410 τοῦ
1119 4361 1242 4416 Πλάτωνος
1254 4362 1388 4424 Σωκράτην,
1404 4363 1469 4422 μόλις
1480 4365 1496 4420 ἡ
1510 4363 1589 4420 ἡλικία
1601 4380 1658 4424 συγ·

49 4413 87 4459 sit
98 4413 240 4474 Πυθόδωρον
254 4413 290 4462 611
301 4413 419 4475 &rimosi
431 4431 487 4464 11011
501 4418 532 4472 tlt
542 4419 694 4475 [lavatorium
705 4421 735 4469 τὰ
745 4422 834 4482 ostiis
877 4436 962 4492 χωρεῖ,
983 4431 1027 4492 οὐχ
1040 4433 1072 4486 ὥς
1085 4432 1125 4480 καὶ
1138 4432 1255 4487 τοιούτους
1269 4433 1340 4482 εἰπεῖν
1359 4435 1374 4491 ἡ
1392 4433 1493 4482 ἀκοῦσαι
1513 4433 1604 4495 λόγους.
1621 4436 1659 4484 (ll.

50 4484 127 4538 Ζήνων
137 4499 163 4532 τε
173 4484 215 4531 eet
230 4485 382 4544 Παρμενίδης·
395 4488 441 4536 Τὸν
452 4489 494 4550 μὲν
504 4486 545 4536 οὗν
558 4489 705 4550 Παρμενίδην
726 4489 752 4541 εὖ
771 4491 834 4554 μάλα
878 4500 1011 4548 ttacrobtus
1025 4503 1121 4550 setam.
1135 4501 1175 4550 tta.
1191 4504 1199 4550 1
1211 4515 1263 4563 ceo.
1282 4508 1302 4552 t.

49 4558 91 4614 hin
106 4557 242 4619 πρεσδάεην
255 4557 329 4618 εἶναι,
342 4559 430 4622 σφόδρα
446 4560 536 4619 πολιόν,
549 4562 620 4609 καλὸν
639 4562 663 4610 δὲ
678 4563 780 4621 κάγσδδν
793 4567 833 4621 τήν
909 4569 942 4630 (o)
960 4568 1076 4628 Diogenes
1097 4571 1207 4619 Laertius
1229 4571 1279 4631 tx,
1303 4573 1356 4618 aar
1376 4571 1482 4632 Ἤκμαζε
1503 4571 1529 4620 δλ
1545 4571 1613 4629 οὗτος
1638 4571 1661 4635 [δ

49 4626 110 4687 hira,
123 4627 176 4688 περὶ
188 4627 231 4684 ἔτη
243 4627 346 4688 μάλιστα
361 4629 429 4677 πάντε
440 4632 480 4678 καὶ
491 4631 610 4688 ἐξήκοντα·
623 4633 719 4691 Ζήνωνα
731 4635 755 4682 δλ
767 4635 833 4695 ἐγγὺς
877 4638 967 4702 Ζήνων]
981 4641 1043 4689 κατὰ
1058 4643 1100 4699 την
1115 4641 1199 4698 ἐνάτην
1213 4641 1253 4688 καὶ
1269 4640 1444 4700 δδδομηκοστήν
1455 4640 1595 4702 ὀλυμπιάδα.

49 4703 93 4743 τῶν
105 4696 278 4758 τετταράκοντα
289 4697 341 4746 τότε
356 4698 428 4759 εἶναι,
438 4701 529 4760 εὐμήκη
543 4702 567 4750 δὲ
586 4703 626 4751 καὶ
642 4703 751 4765 χαρίεντα
768 4705 832 4752 ἰδεῖν·
908 4710 941 4769 (7)
957 4709 1331 4770 praenominatissimi
1345 4710 1660 4770 ιΞενοράνουςδὲδιήκουσε

49 4769 86 4814 εει
97 4769 207 4828 λέγεσθαι
221 4768 292 4816 αὐτὸν
302 4769 399 4817 παιδικὰ
410 4775 452 4818 τοῦ
464 4773 608 4834 Παρμενίδου
620 4773 747 4835 γεγονέναι.
762 4790 833 4821 κατα·
879 4779 1029 4842 Παρμενίδης.
1042 4813 1048 4827 .
1061 4813 1069 4828 .
1081 4813 1087 4827 .
1102 4784 1183 4828 τοῦτον
1195 4778 1340 4842 θεόφραστος
1352 4779 1376 4828 εν
1384 4785 1413 4842 τῇ
1424 4780 1522 4842 ἐπιτομῇ
1531 4778 1660 4842 Ἀνσξιμάν·

48 4835 107 4885 λύειν
116 4837 142 4885 st
153 4837 238 4893 αὐτοὺς
249 4837 292 4898 ἔφη
302 4839 368 4900 πσρὰ
379 4843 414 4900 τῷ
427 4841 558 4902 Πυθοδώρῳ
573 4843 638 4897 ἐκτὸς
649 4843 740 4905 τείχους
752 4843 775 4891 ἐν
791 4844 833 4892 lle·
878 4847 932 4910 δρου
942 4850 1012 4911 φησὶν
1023 4848 1133 4898 ἀκοῦσαι.

47 4911 159 4970 pertuso,
184 4907 208 4956 al
229 4909 311 4966 δήιισλ
330 4907 451 4968 άρικὲσδσι
465 4910 505 4958 τόν
521 4927 546 4960 τε
566 4911 679 4975 Σωκράτη
697 4915 738 4961 καὶ
753 4913 834 4969 ἄλλους
909 4911 943 4972 (8)
960 4913 1078 4972 Diogenes
1090 4909 1198 4960 laertius
1206 4909 1239 4957 lib
1258 4911 1289 4968 ll,
1304 4905 1660 4972 7ι...“Απο)λόδωροςδ’Λδη·

47 4979 107 5033 τινες
119 4977 171 5040 μετ’
178 4977 252 5028 αὐτοῦ
261 4979 363 5032 πολλοὺς
375 4979 425 5028 κτλ.
435 4979 542 5040 Sopltist.
553 4995 575 5043 ρ.
587 4985 643 5044 217,
653 4985 672 5030 c
684 4997 690 5029 :
702 4983 833 5045 Παρμενίδη
877 4983 949 5040 κεῖσε,
961 4981 1063 5042 &ausu
1074 4980 1144 5028 eaesi
1156 4977 1205 5041 [τὸν
1217 4976 1397 5041 aestuosum]
1408 4979 1431 5025 it
1440 4985 1488 5032 ²05<
1497 4981 1616 5039 llt²⁰t²²⁰li
1625 4983 1659 5040 “i

47 5048 157 5110 χρωμένῳ
175 5049 217 5096 καὶ
240 5047 348 5104 διεξιόντι
367 5049 448 5111 λόγους
465 5051 599 5113 παγκάλους
614 5053 773 5116 παρεγενόμην
787 5054 834 5115 lyei
878 5051 1032 5114 &winulos
1043 5055 1083 5108 sit
1103 5055 1259 5108 πεντηκῡσῑῆί
1274 5049 1357 5110 testae
1371 5047 1512 5108 ὄλυμπῑάδθὶ
1525 5047 1582 5094 3²5⁹
1600 5048 1656 5096 ‘lm

46 5119 93 5172 νέος
100 5119 141 5177 ὧν,
148 5118 240 5168 tutem
248 5118 347 5181 μάλαδι)
356 5119 409 5168 τότε
419 5119 483 5178 ὄντος
492 5123 631 5184 πριοδύτον.
644 5123 737 5174 Titeaet.
745 5136 768 5186 ρ.
781 5127 833 5182 lou,
877 5119 988 5178 ἐξήκοντα
998 5120 1127 5182 τεσσάρων,
1138 5121 1178 5169 καὶ
1190 5119 1239 5181 μετ’
1249 5119 1326 5180 ὀλίγον
1337 5119 1480 5174 τελευτῆσαι.

48 5189 274 5252 ΕπΣυμπρσσίμιξα
286 5187 368 5250 γδρδλ
381 5193 415 5250 τῷ
427 5187 488 5249 ἀνδρὶ
499 5190 559 5239 πάνυ
569 5193 618 5248 νέος
630 5191 691 5241 πάνυ
705 5191 831 5255 πρεσόύτῃ.
913 5191 947 5252 (a)
962 5192 1078 5252 Diogenes
1092 5192 1201 5240 Laertius
1209 5190 1250 5238 lib.
1264 5192 1319 5254 ll‚3
1332 5209 1338 5238 :
1349 5187 1491 5249 Ἀναξιμένης
1500 5185 1661 5249 Εὐρυστράτου
