3708 5916
272 465 330 518 448
800 441 1006 506 utnuoctts
1029 439 1339 503 COMMENTARIUS

267 576 440 652 diuiduum<
463 577 508 632 νῦν
530 569 644 642 ἀκούειν,
663 567 778 646 μηδεὶς
800 566 883 645 μήτε
902 567 990 648 λόγῳ
1014 587 1046 626 σε
1094 562 1193 624 ἀκείνου
1206 561 1388 645 φίρονταςτήν
1400 561 1565 642 ἀντωνυμίαν
1579 585 1648 636 τοι,
1662 562 1677 624 θ
1691 564 1834 644 κυρίαςοὺύ

267 663 431 743 παρείπῃ,
450 659 534 738 μήτε
556 681 586 716 τι
607 655 700 736 ἔργῳ.
734 656 819 721 Μόνος
846 655 897 734 γὰρ
920 652 1048 722 ἀνεξαποί-
1094 643 1217 712 Ἐθνῶν
1239 650 1441 730 τὸλεγόμενον,
1467 653 1581 725 μηδείς
1603 651 1691 729 μήτε
1713 655 1844 734 δι’ἔργοιΙῚ

268 775 357 824 τητος,
369 749 415 808 καὶ
424 751 467 807 ὑπ’
481 745 581 812 οὐδενὸς
594 746 715 820 οὐδαμῶς
726 743 962 821 εύπαραλόγιστος,
976 740 1048 813 θτὴν
1095 738 1162 817 μήτε
1176 739 1219 798 διδ
1232 737 1350 816 λόγων,
1372 739 1513 818 παραγύγη
1536 739 1567 798 σί
1588 763 1614 798 τι
1632 762 1678 797 πο
1687 744 1771 809 ιῆσαι
1790 745 1801 812 ί,
1815 752 1844 804 εἰ.

268 838 341 907 ἀξίαν
356 842 450 898 ἑαυτοῦ
464 834 538 913 γνούς
552 833 700 912 ἄνθρωπος,
713 832 757 890 καί
771 830 830 890 οὔτε
841 829 989 894 κολακείαις
1001 833 1050 887 θω-
1095 837 1178 901 πεῖν,
1192 825 1219 900 ὅ,
1234 850 1263 887 τι
1276 827 1320 904 μή
1335 827 1502 908 συμφέρον
1515 825 1589 886 ἔστί
1604 849 1671 885 σοι·
1685 826 1723 885 σύ
1740 822 1838 903 dirisi,

269 925 424 998 παυόμενος,
435 921 494 982 οὔτε
508 921 560 986 τοῖς
574 919 763 995 ἀκδειμαίνουστ
774 917 987 991 ταπεινούμενος,
1000 915 1049 974 κᾶν
1094 917 1187 996 λογική
1208 917 1295 998 ψυχή·
1316 920 1363 976 ούκ
1378 915 1470 994 ἀνίξῃ,
1485 916 1531 976 ἐὰν
1552 907 1581 974 τύ
1596 920 1711 998 φρονῇς,
1734 922 1772 974 τοῦ
1783 943 1838 994 σιμ·

269 1009 418 1087 πολίμιοιή
433 1009 502 1089 φίλοι
515 1011 671 1084 θποτεραοῦν
687 1005 786 1064 τούτων
808 1004 987 1084 προτείνιυσιν.
1005 1003 1049 1063 Ἐν
1096 1005 1256 1073 όλάπτοντύς
1269 1029 1315 1080 σε,
1327 1005 1371 1064 τόν
1382 1005 1444 1063 όντα
1455 1004 1564 1082 λογικήν
1575 1005 1680 1065 οὐσίαν.
1699 1005 1736 1064 Σύ
1755 1005 1795 1084 γδρ
1805 1001 1839 1076 di,

270 1101 322 1178 γὰρ
341 1103 378 1178 τῷ
400 1095 586 1175 μηδελςττᾶν
600 1094 741 1173 πρόσωπον
762 1101 865 1166 κεῖται,
883 1093 928 1150 καλ
945 1091 1050 1172 πατήρ,
1096 1095 1185 1174 ψυχή·
1205 1091 1235 1151 τὸ
1255 1093 1282 1151 δὲ
1305 1097 1401 1168 σῶμα,
1417 1091 1470 1151 σόν·
1491 1091 1526 1151 τθι
1541 1091 1569 1150 δὲ
1585 1093 1681 1165 ἐκτός,
1694 1094 1839 1168 τοῦσώματος,

270 1188 315 1245 καί
328 1186 468 1265 τύραννος,
483 1183 528 1242 καί
542 1181 628 1263 φίλος,
642 1183 687 1241 καί
701 1179 800 1260 ἐχθρός.
812 1182 848 1240 Oi
862 1180 889 1238 δδ
903 1179 995 1258 τρόποι
1005 1184 1052 1248 τῆς
1097 1181 1147 1241 Ἐκ
1159 1181 1210 1260 γδρ
1225 1185 1272 1252 τῆς
1286 1180 1445 1245 διαστάσεως
1456 1180 1555 1251 ταύτης
1569 1180 1614 1239 καί
1630 1180 1663 1238 τὸ
1678 1181 1804 1259 ἀσύγχυτον
1812 1209 1840 1256 ιη·

268 1277 429 1354 παραγωγῆς
454 1271 471 1342 ἢ
493 1270 535 1330 διδ
548 1268 653 1346 λόγων
675 1265 808 1346 ἦίργων
830 1267 954 1345 γίνονται·
968 1267 1051 1345 λόγων
1098 1267 1184 1349 ρήσεις
1204 1272 1256 1326 τῶν
1278 1267 1380 1347 φύσεων
1401 1266 1445 1326 καλ
1462 1267 1509 1338 τήν
1526 1269 1695 1346 ἀνθρωπίνην
1717 1270 1791 1328 ὠσίαν
1804 1271 1840 1341 iffa,

271 1363 328 1439 μίν,
352 1357 556 1430 θωπευόντωνῆ
576 1355 762 1430 ἀπειλούντων,
783 1355 866 1438 ἔργων
891 1357 932 1427 δι’,
953 1355 1051 1432 δωρεάς
1097 1355 1167 1416 ἐστίν
1191 1355 1323 1434 εὑρήσεις,
1346 1356 1468 1414 ούδίποτε
1491 1355 1522 1414 rb
1543 1360 1639 1433 σῶμα,
1662 1355 1721 1414 otti
1738 1357 1766 1414 τίι
1782 1360 1839 1428 ἐκτός,

270 1449 429 1527 ἣτιμωρίας
442 1445 637 1526 προτεινόντων.
654 1443 863 1523 Πρδςποίνταδή
876 1449 957 1502 ταῦτα
972 1467 1052 1504 reret·
1098 1445 1206 1505 σεαυτόν
1237 1434 1301 1504 εἶναι
1313 1443 1458 1520 τιθέμενος,
1487 1443 1539 1502 οὐδ’
1568 1447 1751 1522 ὑπεραγωνιῶν
1774 1446 1839 1504 τούτων

270 1536 399 1616 χισμίνην
413 1537 451 1595 δεῖ
466 1533 513 1606 τήν
526 1532 613 1613 ψυχήν
626 1531 696 1610 ἔχειν
712 1534 751 1612 τῷ
764 1534 831 1611 ὀρθῷ
845 1531 932 1613 λόγῳ,
946 1530 1009 1610 πρθς
1022 1531 1052 1588 τό
1097 1531 1186 1612 ὥσπερ
1213 1539 1326 1607 σαυτοῦ,
1346 1530 1388 1590 ἵνα
1404 1529 1441 1606 μή
1455 1531 1519 1610 πρὸς
1533 1532 1730 1610 φιλοσωματίαν
1743 1534 1780 1591 καί
1790 1537 1840 1614 φιλι-

271 1623 420 1700 ἀμείλικτον
444 1621 489 1680 καί
509 1620 655 1681 ἀδούλωτον
672 1617 723 1677 tri
744 1622 795 1677 τῶν
820 1624 937 1679 ὁπωσοῦν
961 1619 1052 1688 ἔξωθεν
1098 1618 1250 1699 χρηματίαν
1270 1621 1456 1698 καθελκυσθῇς.
1475 1617 1567 1686 Ὅλως
1586 1618 1636 1698 γάρ
1657 1617 1675 1676 ό
1684 1624 1756 1696 ἐσμεν
1774 1623 1839 1698 ἀγνοή-

272 1710 487 1790 προσπιπτόντων
501 1709 564 1785 ἡμῖν
578 1706 661 1779 ἡδίων
683 1729 712 1765 τε
735 1705 781 1764 καλ
803 1707 937 1787 λυπηρῶν.
954 1705 989 1766 Ὁ
1002 1707 1052 1787 γὰρ
1099 1731 1210 1781 σαντες,
1227 1706 1272 1766 καὶ
1287 1698 1316 1765 ού
1330 1707 1377 1775 τήν
1390 1705 1538 1780 ἐπιμέλειαν
1551 1706 1690 1782 ποιώμεθα
1706 1711 1839 1784 συναγνοτζοο

272 1798 345 1876 ὀρθὸς
359 1795 511 1876 ἐνυπάρχων
520 1796 609 1872 λόγος,
620 1791 788 1874 σωφροσύνην
802 1792 847 1851 καί
862 1792 981 1870 ἀνδρείαν
996 1795 1054 1851 ίκα-
1099 1816 1156 1870 μεν,
1180 1794 1285 1854 πάντων
1309 1796 1409 1869 μᾶλλον
1426 1791 1672 1870 ἀπιμελούμενοι,ἢ
1694 1797 1763 1872 ἡμῶν
1776 1797 1838 1863 αὐτῶν,

271 1883 382 1964 τέρωθιν
396 1883 568 1963 παραστήσας
581 1885 614 1954 τῇ
634 1883 707 1960 ψυχῇ
721 1879 781 1947 τούς
802 1879 990 1957 ἀδαμαντίνους
1003 1879 1053 1960 φύ-
1099 1872 1134 1940 ῶν
1148 1881 1187 1939 δεῖ
1198 1880 1395 1960 προηγουμένην
1409 1885 1538 1939 ποιεῖσθαι
1552 1881 1599 1953 τήν
1612 1881 1766 1955 ἐπιμέλειαν.
1777 1884 1844 1968 bide

272 2059 323 2114 τῶν
345 2059 482 2135 προσηνῶν
505 2053 632 2127 θωπείας,
655 2053 700 2112 καί
724 2053 776 2114 ἀπὸ
797 2057 844 2124 τῆς
864 2057 916 2112 τῶν
937 2051 1054 2132 φοόερῶν
1099 2057 1207 2136 ὀργάνου
1220 2055 1292 2125 τοίξιν
1306 2055 1395 2136 ἀπέχει
1408 2055 1574 2136 πρδςαύτήν,
1587 2061 1632 2114 τοῦ
1645 2057 1674 2114 δὲ
1686 2056 1838 2134 όργείνουχὶρο

273 2144 472 2212 καταπλήξεως·
494 2135 530 2210 οἷς
554 2140 696 2219 ἀπιγίνεται
715 2139 865 2212 δικαιοσύνη
884 2139 1008 2220 ἀκριόής,
1021 2139 1053 2212 ἣν
1100 2143 1132 2201 τδι
1148 2145 1233 2218 ἄλλα,
1248 2145 1312 2224 πρὸς
1332 2144 1453 2220 βοήθειαν
1471 2147 1518 2215 τῆς
1534 2144 1642 2224 ῥεούσης
1666 2147 1742 2203 αὐτοῦ
1759 2143 1839 2226 φύσιος,

273 2232 449 2314 παρήγγειλεν
465 2230 519 2289 ἄνω
541 2252 591 2288 που
606 2231 717 2288 ἀσκεῖν
742 2226 823 2308 ἀργιρ
845 2250 878 2285 τε
901 2227 989 2308 λόγῳ
1011 2250 1052 2288 τε.
1100 2227 1275 2312 ἐξευρημένα·
1294 2234 1372 2304 δῆλον
1396 2235 1431 2298 ὡς
1462 2237 1508 2290 τοῦ
1536 2231 1683 2309 ἡγουμένω
1710 2231 1750 2290 καί
1770 2223 1844 2310 πρῶτα

272 2320 352 2380 otas
364 2319 410 2397 μίν
423 2311 466 2378 σύν
476 2317 557 2385 οὐδεὶς
570 2318 690 2393 οὐδαμῶς
702 2321 772 2391 ἡμᾶς
786 2313 920 2375 ἀναπείσει
930 2313 946 2385 ἢ
957 2315 1054 2390 λόγον
1101 2319 1298 2400 προηγουμένην
1317 2343 1346 2378 τε
1366 2319 1412 2377 καί
1425 2317 1531 2397 πρώτην
1551 2320 1590 2378 δεῖ
1614 2323 1741 2378 ποιεῖσθαι
1753 2319 1790 2389 τήν
1802 2321 1838 2375 ία-

273 2407 414 2488 προίοθαι,
425 2405 442 2477 ἀ,
453 2407 554 2486 ἔργον
569 2403 774 2482 διαπράξασθαι,
785 2403 799 2464 δ
811 2403 848 2480 μή
858 2407 896 2481 τῷ
905 2407 973 2484 ὀρθῷ
985 2402 1054 2483 λόγῳ
1103 2407 1216 2482 μέλετον·
1230 2407 1351 2486 δευτίραν
1374 2407 1422 2483 δι’,
1437 2407 1484 2479 τήν
1508 2413 1552 2465 τοῦ
1577 2407 1706 2486 δευτέρου.
1719 2404 1786 2467 Ὅθεν
1803 2405 1844 2465 dit

274 2494 328 2552 ἔστί
344 2493 490 2571 σύμφωνον.
516 2495 549 2553 Ei
564 2493 614 2571 γδρ
628 2492 733 2551 πάντων
754 2491 860 2568 μάλιστ’
876 2490 1054 2571 αἰσχυνοίμεθ’
1102 2493 1199 2571 ὑγιείας
1211 2493 1364 2570 ἀμελήσειὺ
1379 2492 1468 2574 σοφός·
1479 2491 1533 2552 οὑτι
1546 2494 1739 2572 προηγούμενον
1752 2495 1776 2552 τὸ
1788 2497 1837 2564 σύμ

273 2580 392 2652 ἑαυτούς,
412 2580 489 2650 δῆλον
511 2581 545 2646 ῶς
567 2578 649 2644 οὐδεὶς
673 2582 737 2655 ήμῑν
759 2577 959 2656 αἷδεσιμῶτερος
978 2581 1054 2654 ἡμῶν
1102 2580 1223 2654 δοξάζων,
1236 2580 1304 2640 ἀλλά
1317 2579 1380 2662 πρὸς
1397 2581 1444 2652 τήν
1458 2585 1503 2650 τῆς
1516 2585 1602 2662 ψυχῆς
1615 2582 1707 2660 χρείαν
1718 2581 1838 2638 «idriis

269 2669 360 2726 ἀὑτῶν
378 2665 536 2746 φανήσεται,
553 2664 611 2725 οὐδὲ
627 2665 817 2745 φοόερῶτερος,
831 2669 866 2730 ιὺς
886 2665 1055 2744 προκαλίσα-
1103 2671 1206 2747 γωγῶν,
1223 2665 1292 2732 ύπως
1313 2667 1343 2726 ἀν
1362 2672 1420 2735 ταῖς
1438 2669 1575 2749 ἀνεργείαις
1589 2673 1670 2740 αὐτῆς
1688 2667 1838 2746 <improbiter

274 2757 333 2810 σθαι
346 2752 417 2832 παρδι
432 2751 461 2810 rb
476 2751 531 2811 δίον
544 2752 624 2810 εἰπεῖν
636 2775 662 2811 τι
676 2751 693 2824 ἢ
708 2753 815 2831 πρᾶξαι.
831 2751 990 2819 Ἐπιόλαόὲς
1003 2751 1055 2832 γὰρ
1103 2755 1237 2834 ὑπακούῃ·
1258 2756 1303 2815 καὶ
1328 2757 1358 2814 ἐκ
1377 2756 1464 2836 τρίτου
1487 2759 1539 2814 τῶν
1559 2754 1653 2833 τρίτων
1680 2755 1844 2834 ἐπιμελήσεται,

272 2842 392 2918 τῇψυχῇ
410 2838 543 2918 ἑκάτερον.
560 2839 599 2898 Τὸ
614 2837 641 2896 δύ
655 2838 740 2918 ἐκείνῃ
765 2839 902 2920 βλαόερόν,
917 2843 993 2899 τοῦτο
1013 2841 1058 2900 καλ
1102 2846 1243 2920 οἰκονομῶν
1261 2843 1294 2902 τδι
1311 2843 1384 2909 ἀκτδς
1403 2842 1467 2923 πρὸς
1480 2843 1527 2913 τήν
1549 2847 1595 2902 τοῦ
1609 2842 1718 2919 ύργοίνου
1737 2841 1837 2918 σωτηρίαν.

273 2931 337 3002 ἡμῖν
354 2926 512 3004 ἀσύμφορον·
526 2923 632 3006 ἐπείπερ
646 2929 722 3003 ἡμεῖς
735 2930 752 2998 ἡ
766 2927 849 3008 ψυχή.
871 2927 996 3007 Ἀκριύῶς
1013 2920 1056 2988 οὑν
1104 2929 1216 3008 Πρώτης
1233 2921 1278 2988 οὑν
1294 2933 1340 3000 τῆς
1356 2932 1458 3009 ψυχῆς,
1474 2931 1545 3009 τύχα
1563 2928 1590 2986 di
1609 2929 1654 2988 καὶ
1674 2929 1762 3004 μόνης,
1778 2931 1838 3002 trip·

272 3012 413 3073 decoctior
427 3017 472 3072 τοῦ
483 3012 513 3086 ὅ,
528 3035 561 3071 τι
579 3035 630 3073 τοι
649 3010 692 3090 μή
709 3013 871 3096 βέλτερόν
892 3017 981 3074 lori·
998 3019 1058 3074 κατ’
1103 3017 1225 3090 λήσεται·
1242 3017 1313 3096 είπερ
1331 3021 1414 3088 ἡτῶν
1432 3020 1487 3094 μετ’
1504 3015 1586 3089 αὐτὴν
1601 3016 1736 3093 turpium
1751 3015 1838 3095 πρδςτξι

1843 3171 1844 3194 ί

264 3231 400 3306 facinore
414 3236 472 3290 ulio
485 3235 616 3310 decipiat.
638 3236 691 3290 Ille
711 3237 786 3291 enim
808 3237 884 3292 solus
908 3235 1056 3294 fraudibus
1101 3241 1227 3296 omnium
1248 3243 1370 3298 maxime
1391 3259 1444 3296 nos
1460 3259 1618 3316 vereamur,
1633 3241 1793 3296 manifestim
1801 3247 1836 3299 est.

253 3383 254 3388 γ
274 3339 333 3376 non
347 3331 390 3376 est
402 3323 555 3390 obnoxius,
572 3339 664 3394 neque
679 3321 760 3379 facile
771 3333 867 3396 potest
880 3341 897 3379 a
910 3343 1056 3398 quoquam
1099 3331 1239 3385 neminem
1254 3331 1337 3386 nobis
1350 3339 1399 3386 aut
1412 3330 1500 3402 magis
1514 3329 1700 3384 reverendum
1721 3339 1763 3382 aut
1781 3319 1844 3392 πίοι-ί

274 3407 332 3465 ulla
344 3409 454 3464 ratione
466 3408 571 3482 decipi,
585 3410 634 3481 qui
648 3427 703 3464 suae
713 3409 765 3464 sibi
778 3410 919 3484 dignitatis
929 3414 1057 3468 conscius
1100 3417 1283 3488 midandum,
1299 3437 1383 3492 quam
1397 3428 1508 3472 nosmet
1523 3418 1616 3490 ipsos,
1632 3418 1719 3472 visum
1729 3417 1771 3484 iri,
1784 3425 1806 3468 ut
1816 3395 1844 3486 εθί

275 3505 316 3548 est
329 3504 358 3549 et
367 3511 459 3568 neque
471 3495 680 3550 adulationibus
696 3497 817 3569 capitur,
832 3515 884 3552 nec
899 3498 1056 3553 terroribus
1100 3505 1209 3577 aliquid
1229 3505 1381 3562 dicendum
1403 3506 1448 3560 vei
1468 3504 1629 3560 faciendum
1642 3495 1844 3577 prmterofflrin}

274 3581 454 3657 deprimitur,
470 3594 648 3656 utracunque
672 3583 776 3639 horum
794 3586 820 3639 ei
834 3587 877 3642 vel
897 3585 991 3641 hostes
1012 3588 1058 3642 vel
1100 3611 1152 3646 nos
1161 3591 1286 3649 inducat.
1298 3595 1409 3648 Horum
1420 3592 1494 3648 enim
1505 3587 1844 3664 utmmqueanimonoiim}

275 3671 359 3724 amici
371 3670 536 3742 objecerint.
545 3672 616 3726 Nam
627 3672 705 3744 quod
715 3671 787 3727 dixit
794 3692 888 3740 nemo,
898 3673 948 3728 illo
961 3693 1058 3730 omnes
1101 3690 1150 3735 est.
1165 3678 1251 3750 Quod
1265 3689 1359 3734 autern
1375 3681 1418 3734 illi
1428 3679 1612 3746 damnosum,
1625 3677 1655 3732 id
1669 3675 1746 3731 nobis
1758 3685 1844 3746 φυοφτεὲ

275 3769 459 3831 personae,et
473 3767 565 3832 pater,
578 3770 605 3813 et
619 3768 772 3834 tyrannus,
787 3771 816 3815 et
831 3761 937 3816 amicus
956 3771 985 3816 et
1001 3763 1058 3815 ini·
1100 3762 1315 3818 incommodum
1350 3775 1407 3832 cst,
1439 3762 1672 3836 qnandoquidem
1701 3778 1750 3814 nos
1774 3765 1844 3812 ειυυυε·

275 3845 366 3898 inicus
386 3847 579 3903 continentur.
604 3847 787 3919 Deceptionis
808 3865 877 3902 vero
902 3847 981 3902 modi
1006 3843 1059 3901 'aut
1100 3851 1219 3906 animus.
1233 3850 1279 3906 Ad
1290 3851 1361 3906 illud
1374 3852 1459 3924 igitur
1470 3860 1602 3906 accurate
1615 3849 1732 3904 animum
1743 3842 1836 3899 intends·

215 3959 217 3970 ι
277 3931 358 3986 dictis
372 3943 421 3986 aut
435 3933 515 3988 factis
528 3931 712 4004 fiunt,dictis
722 3934 839 4008 quidem
850 3934 1057 3990 blandientium
1101 3954 1163 3991 mus
1178 3946 1306 4009 oportet,
1320 3939 1395 4010 quod
1406 3938 1456 3992 tibi
1472 3955 1527 3990 uon
1547 3943 1590 3990 sit
1610 3927 1844 3996 οοιιιιιιοάιιαμείεὲ

275 4019 321 4072 vel
332 4020 533 4090 minitantium,
548 4021 626 4078 iactis
641 4031 736 4077 autem
757 4039 876 4078 munera
895 4023 941 4077 vel
961 4041 1059 4098 paenas
1102 4035 1191 4078 rentes
1205 4025 1260 4080 hoc
1280 4042 1440 4097 pronomen
1458 4025 1511 4078 tibi
1528 4023 1610 4079 adid
1631 4021 1706 4094 quod
1720 4017 1844 4093 proprietu

276 4110 508 4178 proponentium.
536 4109 657 4182 Oportet
683 4127 751 4184 ergo
776 4129 829 4166 nos
844 4109 977 4167 adversus
1000 4111 1058 4165 haec
1101 4128 1141 4168 es.
1158 4111 1187 4166 Si
1206 4109 1237 4165 id
1252 4112 1338 4185 igitur
1359 4111 1438 4183 quod
1450 4112 1617 4184 praecipitur
1629 4111 1677 4177 sit,
1690 4117 1792 4162 nemore
1805 4119 1844 4188 rec,

279 4194 373 4248 omnia
385 4207 462 4251 recta
477 4198 586 4252 ratione
601 4200 741 4253 munitum
754 4199 859 4254 habere
871 4199 1013 4269 animum,
1026 4209 1060 4254 ut
1093 4197 1186 4268 factis
1199 4219 1249 4254 uec
1257 4202 1342 4254 dictis
1354 4198 1495 4267 adducat,
1508 4209 1542 4254 ut
1555 4196 1662 4270 aliquid
1675 4205 1720 4250 aut
1733 4192 1799 4246 serias
1808 4195 1844 4272 nt,

278 4297 371 4350 neque
389 4279 524 4352 jucundis
545 4303 608 4356 quae
631 4286 801 4340 extrinsecus
822 4285 905 4340 nobis
926 4286 1060 4341 accidunt
1102 4285 1195 4354 dicas,
1210 4289 1285 4360 quod
1304 4289 1354 4341 tibi
1367 4305 1421 4342 non
1440 4293 1475 4341 sit
1492 4287 1678 4349 commodum,
1696 4295 1721 4336 tu
1733 4275 1844 4344 autentis}

278 4365 557 4442 deliniamur,neque
567 4371 674 4426 acerbis
682 4373 711 4426 in
718 4373 878 4427 servitutem
885 4373 1057 4448 redigamur.
1103 4375 1212 4428 animus
1229 4373 1340 4428 ratione
1355 4372 1505 4445 praeditus,
1522 4387 1700 4445 nequaquam
1712 4361 1844 4442 pateriae

275 4453 368 4522 ¹,Recta
395 4455 467 4508 enim
493 4458 566 4511 ratio
591 4459 676 4514 nobis
698 4459 781 4513 insita
811 4459 940 4516 custodes
962 4462 1058 4516 animo
1102 4462 1207 4534 sapias,
1223 4461 1310 4514 aliurn
1335 4459 1388 4513 tibi
1408 4459 1609 4514 detrimentum
1630 4461 1780 4532 importare,
1791 4455 1844 4520 qut?

277 4541 412 4618 utrinque
432 4540 646 4614 adamantinos,
662 4547 879 4617 temperantiam
897 4557 926 4602 et
942 4546 1059 4604 sortitu·
1102 4549 1177 4603 niam
1186 4559 1288 4602 natura
1300 4549 1455 4622 intelligens
1466 4565 1504 4605 es.
1515 4549 1558 4602 Tu
1568 4544 1844 4612 eunomiumne,

278 4625 386 4696 dinem,
407 4645 553 4701 apponens
573 4647 625 4684 nos
650 4641 707 4684 tum
723 4649 738 4686 a
752 4642 897 4706 gratorum
911 4633 1059 4690 hominum
1103 4645 1348 4708 pusvero,tuum;
1362 4647 1476 4690 externa
1488 4646 1594 4707 autem,
1606 4633 1734 4707 corporis.
1747 4623 1844 4706 limidi

277 4712 432 4782 blanditiis,
447 4724 506 4768 tum
527 4732 543 4769 a
564 4717 808 4787 consternatione,
826 4719 996 4775 terribilium
1010 4739 1059 4775 co·
1102 4723 1155 4778 hac
1166 4722 1344 4778 distinctione
1356 4733 1522 4778 naturarum
1536 4721 1725 4778 confusionem
1733 4707 1844 4792 vitaliter}

278 4799 363 4868 mite,
381 4809 455 4852 tutos
479 4801 638 4872 praestabit;
661 4803 764 4874 quibus
790 4805 941 4861 virtutibus
963 4817 1059 4862 exucta
1104 4811 1220 4884 quaesit
1241 4811 1364 4866 humana
1385 4821 1485 4864 natura
1499 4809 1636 4883 reperies,
1651 4808 1674 4862 si
1689 4821 1734 4860 nec
1752 4793 1844 4888 carpta}

277 4886 328 4940 illa
343 4884 452 4956 justitia
464 4886 590 4956 accedit,
608 4907 692 4960 quarn
708 4899 736 4944 et
750 4891 781 4944 in
799 4891 878 4946 sactis
893 4903 920 4946 et
935 4894 964 4947 in
978 4894 1060 4950 dictis
1103 4915 1155 4952 nec
1167 4907 1283 4952 externa
1301 4915 1427 4969 unquam
1442 4907 1469 4951 te
1483 4914 1542 4951 esse
1556 4895 1706 4960 existimes,
1717 4905 1761 4942 nec
1777 4883 1802 4937 de
1814 4878 1833 4930 ii

279 4973 463 5029 exercendam
486 4993 543 5032 esse
564 4978 692 5050 superins
716 4981 837 5035 monuit.
861 4981 951 5038 Nobis
973 4983 1060 5057 igitur
1104 4995 1238 5056 tanquam
1250 4983 1285 5038 de
1298 4993 1326 5038 te
1341 4985 1403 5057 ipso
1422 4984 1557 5038 sollicitus
1578 4983 1631 5052 sis,
1648 4998 1682 5035 ne
1705 4975 1736 5031 ad
1754 4970 1844 5054 tinniant

278 5062 318 5115 sic
336 5062 479 5116 instructis
496 5081 581 5118 nemo
602 5082 727 5136 unquam
748 5067 944 5140 persuadebit,
959 5080 992 5125 nt
1011 5083 1061 5127 aut
1103 5071 1232 5144 corporis
1245 5089 1341 5126 curam
1353 5082 1382 5126 et
1401 5071 1563 5126 divitiarum
1585 5068 1754 5142 cupiditatem
1766 5053 1844 5146 impet}

279 5144 399 5199 verbum
421 5147 613 5224 proferamus,
635 5161 683 5205 aut
707 5151 817 5210 facinus
831 5156 1057 5232 committamus,
1102 5159 1175 5214 laris.
1188 5159 1310 5216 Omnino
1324 5159 1418 5228 enim,
1434 5160 1457 5212 si
1469 5158 1540 5231 quid
1552 5159 1606 5231 ipsi
1620 5156 1701 5212 sirum
1712 5147 1829 5203 neriano
1843 5147 1844 5192 i

280 5231 359 5308 quod
371 5243 454 5289 rectu
470 5237 572 5292 rationi
585 5257 642 5295 non
654 5241 690 5296 sit
701 5253 931 5304 consentaneum.
943 5246 972 5304 Si
984 5247 1058 5303 enim
1104 5245 1134 5301 id
1148 5247 1247 5316 etiam,
1262 5245 1341 5318 cujus
1353 5261 1420 5301 cura
1433 5245 1516 5300 nobis
1530 5241 1661 5300 habenda
1674 5240 1720 5306 εἰῑν
1731 5229 1828 5289 Sifflffl*
1843 5219 1844 5278 ί
