3690 5924
274 346 329 398 'tit
776 336 978 398 PRAEFthO
1000 335 1052 394 AD
1074 332 1324 396 ARISTOTELIS

264 479 390 555 ejusdem
403 475 497 534 laudis
506 475 631 532 studium
643 474 780 530 excitatus
790 475 866 528 hunc
880 473 952 528 sicut
964 483 1043 528 caete·
1087 470 1173 542 hujus
1196 469 1362 546 depravatio
1383 469 1445 524 t'olli
1464 488 1522 524 non
1540 479 1659 543 posset,
1681 463 1816 542 interdiana*

264 589 314 624 ros
338 585 455 638 omnes,
475 564 576 638 quide
600 562 703 618 eodem
724 562 880 618 Aristotelis
899 561 1044 615 volumine
1088 560 1192 615 Olearii
1207 560 1405 614 auctoritatem
1417 575 1446 612 se
1457 557 1604 632 applicuit
1619 566 1650 611 et
1664 557 1816 646 lectionibusl

265 656 470 722 disseruerunt,
493 651 627 708 doctrina
640 661 669 705 et
687 650 801 724 ingenio
816 651 900 717 vicit,
922 666 1044 722 compo·
1089 665 1124 701 eo
1136 647 1300 701 memoratis
1309 663 1401 718 pauca
1412 645 1537 700 correxit
1548 685 1558 712 ,
1571 644 1677 716 saepius
1691 649 1816 720 autenqq'

264 743 318 796 sito
333 744 361 796 iu
376 741 500 816 priorem
522 739 610 794 libelli
626 747 753 812 partem,
770 755 856 810 quam
881 735 917 790 de
932 735 1043 790 Melisso
1089 735 1125 790 de
1139 735 1262 790 hominis
1272 731 1329 788 lide
1345 733 1491 788 dubitaret
1504 732 1663 806 seripturis
1677 749 1741 802 quas
1752 734 1816 816 illeq

264 849 323 886 esse
344 831 455 902 primus
477 825 696 893 demonstravit,
720 825 785 879 satis
806 831 939 878 accurato
961 841 1043 876 com·
1091 833 1196 876 turerat
1210 821 1385 876 abstinuitet
1398 820 1556 894 repudiatis
1577 818 1816 882 doctorumrironi

264 917 405 970 mentario
418 911 467 992 (a).
486 916 522 968 Ar
541 909 635 966 fraudi
649 909 740 966 luerat
758 907 923 984 Spaldingio
938 909 1044 980 Olearii
1081 909 1259 982 conjecturis
1272 909 1439 982 abjectaque
1456 910 1514 962 veri
1529 906 1703 960 inveniendi
1717 925 1759 980 spe
1775 899 1816 970 md

266 1005 440 1078 negligentia
465 1019 527 1074 quae
553 999 669 1072 cognita
693 1008 747 1066 est,
768 1007 920 1070 postquam
939 997 1041 1054 Christ.
1089 997 1157 1053 sesta
1185 998 1319 1053 codicum
1345 995 1448 1050 menda
1475 994 1604 1067 repetiit.
1639 989 1712 1066 Ergo
1736 998 1771 1050 vel
1791 1015 1816 1072 pa

264 1093 338 1146 Dan.
352 1089 471 1144 Reckius
480 1105 595 1142 omnem
603 1085 730 1140 lectionis
739 1085 1044 1140 var·ietatemeliorlice
1089 1086 1250 1140 Rehkerum
1269 1103 1313 1140 res
1332 1087 1442 1158 integra
1463 1083 1527 1138 fuit.
1555 1082 1750 1152 Quamobrem
1772 1085 1816 1160 nup

163 1203 167 1210 ·
267 1177 407 1250 Lipsiensi
429 1175 581 1248 diligenter
596 1172 722 1227 enotavit
744 1169 795 1246 (3).
817 1173 887 1226 Nam
905 1172 958 1226 leri
979 1171 1044 1226 hra-
1089 1173 1202 1232 Theod.
1227 1171 1365 1246 Bergltius
1385 1171 1539 1226 nonnullos
1555 1169 1722 1224 Aristotelei
1741 1155 1816 1268 operui

266 1265 331 1318 chio
347 1273 443 1316 artum
462 1279 520 1316 esse
533 1258 677 1333 negotium
697 1258 733 1312 ab
746 1257 860 1312 Oleario
875 1267 933 1312 tum
955 1258 1044 1312 mani·
1089 1260 1168 1313 locos
1187 1257 1261 1314 lacili
1278 1258 1394 1332 negotio
1413 1259 1517 1331 partim
1536 1255 1654 1310 codicis
1676 1256 1810 1314 lectionibus

265 1351 338 1405 festo
366 1349 514 1422 apparuit,
541 1365 629 1420 quum
653 1354 681 1400 et
705 1362 818 1418 eaquae
843 1345 873 1398 in
893 1345 1045 1418 exemplari
1089 1345 1184 1400 Beckii
1203 1346 1444 1400 commentatione
1462 1343 1629 1418 depromtis
1649 1345 1744 1416 partim
1762 1341 1816 1420 erinl

267 1436 408 1510 Lipsiensi
432 1454 492 1490 non
513 1435 655 1508 leguntur,
676 1432 712 1488 ab
726 1450 762 1487 eo
774 1431 918 1490 adnotata
931 1441 959 1485 et
969 1433 1044 1486 scri·
1089 1434 1192 1489 mentis
1202 1434 1350 1507 sagacitate
1369 1433 1491 1488 restituit
1507 1431 1565 1508 (i).
1581 1431 1641 1486 Sed
1659 1421 1816 1506 quicunqual

265 1536 364 1598 pturas
384 1525 504 1579 maxime
519 1515 734 1589 memoiabiles,
751 1520 854 1592 quibus
874 1519 922 1574 ille
937 1518 1010 1574 liber
1028 1539 1044 1575 a
1088 1520 1139 1574 has
1152 1521 1310 1576 Aristotelis
1320 1519 1525 1594 disputationes
1538 1518 1715 1592 castigandas
1724 1517 1816 1604 studiasq

267 1611 385 1683 reliquis
398 1609 545 1664 codicibus
559 1625 648 1662 manu
659 1608 778 1662 exaratis
797 1606 1042 1680 discrepat,silen·
1090 1608 1273 1663 contulerant
1293 1607 1329 1663 de
1345 1609 1492 1682 particulis
1514 1605 1692 1680 quibusdam
1709 1605 1816 1668 dataoua

266 1699 308 1751 tio
331 1699 487 1771 praeteritas
500 1713 559 1750 esse
580 1705 733 1750 constaret.
749 1693 805 1748 Sed
827 1693 902 1748 miro
920 1693 1045 1767 quodam
1089 1697 1168 1750 sione
1187 1697 1370 1750 commentati
1387 1697 1472 1750 totius
1489 1695 1584 1749 libelli
1606 1695 1740 1748 rationem
1760 1683 1816 1776 habel

266 1783 388 1838 fortunae
403 1783 530 1839 ludibrio
545 1781 664 1851 accidit,
678 1790 711 1836 ut
729 1779 826 1838 Bechii
844 1781 1045 1836 commentatio
1090 1785 1256 1841 noluerant.
1277 1782 1501 1839 Desiderabatur
1511 1780 1573 1853 jam
1587 1781 1696 1856 editio,
1710 1781 1816 1854 quaeum*

267 1872 298 1926 in
309 1890 467 1947 paucorum
478 1873 626 1926 hominum
638 1887 737 1925 manus
749 1869 924 1943 perveniret,
938 1880 970 1924 ut
983 1889 1046 1942 quae
1091 1870 1180 1925 dandi
1198 1871 1280 1926 labor
1298 1871 1334 1925 ab
1352 1871 1414 1925 aliis
1433 1870 1585 1924 inchoatus
1604 1869 1693 1941 magis
1706 1887 1773 1940 quarn
1783 1875 1816 1940 pier?

267 1971 358 2016 essent
372 1960 431 2033 ejus
453 1960 483 2014 in
499 1960 576 2013 hunc
597 1957 736 2032 Stagiritae
757 1956 884 2012 libellum
904 1958 1003 2012 merita
1029 1975 1046 2012 a
1091 1959 1196 2030 sectus,
1211 1957 1308 2033 quoad
1323 1959 1352 2012 in
1365 1955 1528 2030 hujusmodi
1540 1955 1622 2010 libro
1637 1953 1697 2009 lieri
1708 1968 1816 2027 possetne

268 2047 411 2120 plerisque
437 2045 617 2102 eruditorum
643 2046 833 2119 ignoraretur.
855 2044 955 2116 ltaque
977 2035 1044 2102 Chr.
1092 2048 1199 2103 codicis
1213 2047 1363 2120 Lipsiensis
1375 2063 1431 2118 ope
1448 2063 1533 2118 quam
1553 2041 1719 2113 conjectura
1738 2043 1816 2096 absolsi

267 2139 343 2208 Aug.
361 2131 524 2190 Brandisius
534 2134 562 2187 in
576 2130 868 2188 commentationibus
879 2132 1009 2186 Eleaticis
1019 2143 1049 2187 et
1093 2146 1172 2190 retur
1186 2152 1219 2190 ac
1232 2135 1313 2190 simul
1326 2132 1509 2207 'superiorum
1524 2129 1672 2185 editorum
1686 2130 1774 2183 invente
1784 2149 1809 2201 qa

267 2221 366 2278 Simon
382 2222 549 2278 Karsteniua
566 2221 596 2274 in
612 2218 729 2275 edendis
749 2219 934 2293 Xenophanis
946 2221 1061 2273 canni-¹
1092 2222 1208 2294 quidem
1220 2220 1384 2295 probabilia
1397 2229 1488 2275 essent
1507 2218 1746 2291 consignarentur.
1766 2219 1805 2286 Qn

267 2328 337 2366 num
359 2309 487 2383 reliquiis
507 2318 537 2363 et
558 2309 646 2366 Henr.
672 2305 725 2364 Ed.
744 2308 854 2363 Fossius
873 2308 903 2361 in
921 2305 1047 2380 disputa·
1092 2309 1270 2382 provinciam
1281 2307 1317 2362 ab
1334 2307 1396 2362 aliis
1409 2307 1569 2380 neglectam
1585 2305 1705 2358 libenter
1716 2305 1812 2374 occupari

267 2397 346 2451 tione
364 2395 400 2451 de
413 2395 518 2470 Gorgia
539 2395 696 2465 Leontino,
721 2395 775 2448 riri
792 2413 851 2449 non
865 2395 959 2450 minus
979 2413 1043 2450 eru·
1091 2404 1124 2449 ut
1141 2393 1254 2448 tandem
1278 2391 1391 2447 facilior
1413 2392 1449 2446 ad
1470 2410 1541 2464 opus
1566 2391 1794 2446 Aristoteleumali

268 2483 385 2538 ditionis
404 2482 477 2537 fama
497 2480 647 2550 florentes,
667 2500 753 2555 quam
768 2480 871 2551 judieii
890 2482 1044 2538 subtilitate
1093 2479 1264 2539 efficeretur.
1285 2483 1348 2552 Qua
1360 2481 1389 2534 in
1402 2499 1434 2535 re
1447 2491 1529 2553 grato
1545 2481 1645 2534 animo
1667 2496 1790 2549 meeump

269 2570 426 2643 conspicui,
436 2569 565 2640 quamvis
576 2577 671 2641 partes
683 2567 1047 2642 quasdamhujusopusculi
1093 2569 1229 2624 dicabunt
1264 2567 1406 2622 bonarum
1428 2568 1531 2622 artium
1565 2565 1683 2621 studiosi
1708 2564 1792 2619 Godoir

219 2714 223 2721 ,
269 2667 319 2710 aut
333 2657 458 2731 singulos
473 2657 553 2710 locos
567 2657 607 2711 ita
627 2657 822 2724 tractaverint,
834 2667 866 2711 ut
880 2657 968 2712 multa
981 2676 1047 2713 vere
1094 2656 1250 2710 Hermanni
1264 2655 1486 2723 humanitatem,
1508 2657 1559 2727 qui
1581 2655 1739 2709 rarissimam
1759 2654 1813 2706 llech

269 2743 433 2798 emendasse
460 2743 592 2800 censendi
623 2745 696 2813 sint,
723 2761 915 2818 saepenumero
953 2754 1046 2798 tamen
1094 2743 1334 2814 dissertationem,
1351 2761 1436 2816 quam
1450 2742 1555 2798 frustra
1571 2743 1602 2797 in
1616 2742 1728 2796 tabernis
1739 2741 1810 2793 librani

269 2830 376 2886 Olearii
404 2830 582 2904 indiligentia
602 2830 712 2904 decepti
735 2849 752 2886 a
775 2849 844 2885 raro
869 2831 1045 2886 aberrarunt.
1094 2831 1297 2902 quaesiveram,
1322 2831 1459 2885 continuo
1480 2829 1579 2885 adme
1600 2828 1816 2910 misit,simalatqq

269 2918 325 2988 Qui
338 2919 360 2972 si
374 2917 471 2972 nectit
486 2917 710 2974 dissertationem
722 2916 941 2986 consuluissent,
957 2917 1048 2972 multo
1094 2918 1141 2972 illa
1153 2935 1225 2990 opus
1241 2918 1310 2972 mihi
1319 2935 1378 2972 esse
1391 2935 1443 2991 per
1452 2918 1559 2972 litteras
1573 2919 1599 2972 ei
1611 2914 1755 2991 significari.
1815 2919 1816 2940 .

269 3005 373 3059 rectius
385 3005 424 3059 de
433 3004 563 3079 plurimis
575 3005 646 3058 locis
659 3001 814 3075 judicaturi
826 3014 916 3058 erant.
932 2999 1049 3058 Postre-
1132 3001 1232 3059 Codex
1253 3005 1406 3078 Lipsiensis
1430 3004 1533 3059 Bechio
1553 3013 1624 3058 teste
1645 2961 1816 3056 membranacei

193 3093 196 3098 ’
269 3108 333 3146 mus
353 3091 447 3146 editor
466 3091 520 3146 luit
541 3091 700 3146 Immanuel
724 3090 878 3161 Bekkerus,
902 3091 953 3163 qui
973 3108 1048 3145 antio
1093 3100 1134 3145 est
1155 3109 1188 3146 ac
1213 3091 1289 3146 foliis
1307 3093 1436 3147 trecentis
1451 3092 1553 3164 viginti
1569 3108 1618 3146 sex
1640 3093 1816 3186 crustaqneqlq

274 3177 346 3234 1831
366 3180 497 3254 auspiciis
507 3178 667 3235 Academiae
677 3178 763 3252 regiae
782 3179 935 3235 Borussicae
955 3181 1049 3234 omnia
1094 3179 1187 3232 solum
1200 3179 1276 3233 hune
1295 3179 1452 3234 Aristotelis
1467 3178 1598 3233 libellum
1613 3195 1630 3232 a
1647 3177 1692 3230 fol.
1708 3191 1816 3250 appusqtq

270 3267 429 3321 Aristotelis
455 3283 543 3338 opera
567 3265 604 3320 ad
627 3263 762 3320 codicum
792 3266 1049 3338 manuscriptorum
1095 3264 1131 3320 ad
1147 3265 1203 3321 303
1216 3277 1245 3320 et
1261 3265 1428 3338 Κλεομήδους
1439 3261 1567 3335 κυκλικὴν
1585 3261 1759 3340 leupieraiol.
1772 3259 1816 3346 sti,

270 3351 357 3408 fidem
368 3354 507 3408 recensita
518 3353 655 3426 urlgarit.
677 3352 734 3424 Qui
746 3370 835 3426 quum
848 3353 907 3406 otio
920 3351 1050 3408 afflueret
1095 3371 1150 3426 ²97
1165 3353 1264 3409 eadem
1280 3373 1366 3408 manu
1380 3365 1536 3424 exaratam,
1548 3355 1601 3410 sed
1614 3354 1663 3408 alia
1681 3351 1816 3430 quoquam,

270 3439 460 3513 pluribusque
482 3457 568 3512 quam
590 3440 739 3512 quisquam
765 3440 837 3494 alius
861 3439 991 3494 subsidiis
1012 3440 1049 3494 ad
1094 3459 1177 3514 gnam
1185 3453 1297 3515 partem
1308 3441 1343 3498 ad
1353 3442 1558 3497 sacraslitteras
1568 3439 1714 3517 spectantia
1722 3435 1816 3510 continet,

271 3545 333 3582 rem
346 3527 418 3582 bene
443 3526 597 3600 gerendam
619 3526 771 3582 instructus
789 3527 963 3602 accessisset,
988 3546 1051 3602 spes
1096 3529 1212 3584 Beckius
1232 3547 1294 3584 eam
1314 3529 1421 3584 codicis
1439 3539 1550 3602 partem
1577 3531 1608 3582 in
1627 3543 1680 3600 qua
1698 3519 1816 3596 opusculum}

272 3622 334 3668 erat
348 3613 406 3670 fore
420 3625 452 3668 ut
467 3614 581 3669 tandem
601 3611 756 3686 aliquando
773 3613 934 3687 philosophi
948 3616 1051 3688 scripta
1094 3619 1293 3673 Aristoteleum
1307 3619 1448 3692 reperitur
1468 3619 1571 3673 saeculo
1590 3617 1669 3672 tertio
1683 3613 1770 3668 decimo
1784 3601 1816 3688 tri-q

271 3700 327 3754 riri
345 3719 435 3774 graece
452 3699 608 3756 doctissimi
621 3699 715 3756 studio
731 3700 873 3774 perpolita
888 3701 1048 3774 prodirent.
1094 3704 1164 3761 buit.
1195 3705 1280 3777 Quod
1298 3707 1425 3779 quamvis
1449 3707 1489 3760 ita
1508 3723 1536 3760 se
1550 3705 1652 3761 habeat
1670 3691 1816 3775 (nequeenim,

272 3787 324 3842 Cui
348 3788 550 3861 exspectationi
575 3797 693 3842 evennrs
717 3787 740 3840 si
763 3805 822 3841 non
843 3788 938 3858 omni,
957 3789 1050 3862 aliqua
1094 3804 1214 3866 propter
1237 3793 1398 3867 frequentia
1419 3793 1567 3866 scripturae
1596 3777 1755 3862 compendia,
1775 3781 1816 3866 quq

272 3885 366 3929 tamen
377 3892 413 3929 ex
423 3885 504 3948 parte
515 3873 673 3949 respoudit.
684 3872 743 3928 Etsi
755 3875 831 3928 enim
841 3875 888 3929 ille
897 3893 1050 3949 graecarum
1095 3890 1154 3936 tum
1169 3882 1294 3954 primum
1313 3881 1509 3948 invaluerunt,
1525 3881 1608 3936 aliter
1625 3876 1736 3949 judicare
1744 3863 1807 3935 liceth

272 3961 432 4016 litterarum
447 3963 561 4017 antistes
575 3963 606 4016 in
621 3959 788 4016 difficillimo
807 3962 946 4036 scriptore
964 3963 1052 4018 multa
1095 3967 1176 4020 illum
1187 3978 1280 4024 tamen
1293 3967 1421 4021 codicem
1437 3984 1521 4042 equo
1532 3956 1808 4040 descriptusestlipsin·

274 4049 399 4104 aliorum
420 4046 540 4122 ingeniis
556 4047 723 4103 illustranda
741 4060 770 4103 et
787 4046 963 4105 emendanda
985 4051 1051 4106 reli·
1096 4052 1134 4107 sis
1160 4053 1246 4126 longe
1266 4054 1491 4126 antiquissimum
1517 4052 1602 4108 suisse
1628 4057 1732 4124 oportet.
1756 4043 1816 4124 laria

272 4136 348 4208 quit,
360 4135 390 4190 id
400 4144 493 4189 tamen
505 4134 564 4206 ejus
576 4141 663 4208 opera
671 4137 816 4190 consecuti
825 4155 932 4205 sumus,
941 4147 973 4192 ut
982 4138 1052 4211 quid
1097 4141 1173 4194 enim
1187 4139 1270 4210 hujus
1285 4141 1443 4215 apographi
1461 4142 1620 4212 prestantia
1633 4147 1683 4203 est,
1695 4143 1720 4186 ut
1731 4128 1807 4194 miili

272 4222 302 4275 in
316 4221 460 4295 plerisque
474 4221 644 4276 membranis
663 4221 786 4296 legatur,
802 4224 960 4278 certissimo
976 4243 1052 4279 nunc
1097 4244 1194 4281 omnes
1218 4227 1396 4281 membranas
1424 4228 1572 4301 scripturae
1599 4227 1704 4281 veritate
1729 4219 1806 4285 superet

273 4309 435 4364 testimonio
451 4317 569 4365 constet.
584 4311 622 4363 At
638 4309 668 4362 in
681 4309 741 4363 aliis
753 4309 834 4365 libris
845 4311 1008 4380 secundam,
1022 4313 1052 4366 in
1097 4313 1193 4368 Unum
1216 4313 1308 4382 addo,
1333 4313 1413 4387 quod
1429 4313 1563 4370 Bechium
1582 4315 1663 4388 fugit,
1680 4303 1785 4362 librarian
1798 4303 1816 4344 ι’

272 4393 480 4449 hocadrersam
491 4405 624 4468 expertus
634 4394 954 4454 estlortunam.litenim
963 4416 1052 4471 quum
1099 4419 1156 4472 quo
1169 4401 1306 4475 scriptum
1320 4412 1362 4456 est
1375 4403 1431 4456 hoc
1445 4402 1622 4476 exemplum,
1638 4387 1763 4464 invulgati
1774 4384 1806 4480 ''ll''

272 4483 438 4536 vitiatorum
449 4499 522 4555 quos
531 4482 691 4540 contulerat
700 4481 833 4538 codicum
847 4485 952 4540 auxilio
964 4485 1053 4542 libelli
1099 4507 1154 4562 gua
1175 4500 1313 4544 assuetum
1328 4489 1426 4560 baisse,
1443 4501 1476 4544 ut
1488 4493 1562 4544 inter
1584 4482 1805 4545 scribendunaitu1⁵

283 4617 1801 4652 *mm-‘⁶⁶9‘

303 4737 339 4798 (2)
355 4739 385 4786 G.
402 4738 429 4786 L.
442 4737 572 4800 Spaldingii
583 4736 700 4787 Vindicis
717 4737 912 4801 philosophorum
925 4741 1053 4800 Meganco-
1103 4743 1210 4791 iertionis
1224 4743 1360 4792 libellorum
1373 4743 1579 4793 Aristotelieorum
1590 4757 1604 4793 e
1618 4739 1688 4791 codiee
1698 4719 1801 4792 liilewvilliu

274 4818 329 4856 rutn
352 4805 463 4867 subjecto
481 4807 655 4856 commentario
668 4805 693 4854 iu
711 4807 814 4868 priorem
835 4812 925 4868 partem
940 4809 1011 4857 libelli
1024 4811 1064 4861 ele,
1101 4812 1199 4873 ligenier
1210 4815 1316 4862 enotata.
1332 4811 1431 4874 Lipsiae,
1443 4814 1526 4862 litteris
1536 4810 1673 4862 sommariis.
1776 4859 1779 4868 ,

274 4875 438 4939 xenophane,
460 4879 555 4926 zenone
577 4879 602 4926 et
622 4877 719 4938 Gorgia.
745 4877 866 4936 Berolini,
890 4878 1009 4928 sumtibus
1023 4885 1050 4929 Α.
1132 4885 1164 4946 (i)
1178 4885 1256 4943 Regia
1268 4883 1416 4932 universitati
1432 4885 1566 4933 litterarum
1581 4863 1800 4934 tutelarios-Altitlllnt

275 4945 342 5005 iiytii
361 4949 427 4996 ¹⁷⁹³-
1100 4953 1124 5001 a.
1151 4955 1232 5002 xxm
1250 4953 1337 5001 mensu
1352 4955 1451 5013 augusti
1468 4955 1645 5004 uoccexnu
1661 4956 1714 4998 uera
1725 4930 1800 5014 stills,l

306 5018 340 5078 (³)
349 5015 470 5066 solemnia
482 5017 614 5065 Doctorum
625 5015 780 5076 piiiiosophim
792 5021 818 5064 et
830 5017 997 5079 magistrorum
1014 5031 1051 5066 ar·
1099 5023 1174 5083 prima
1185 5023 1264 5080 agenti
1277 5024 1410 5080 gratulatur
1420 5023 1546 5072 Academia
1559 5015 1715 5080 lintburgensis·
1724 5003 1799 5056 psalm

277 5084 336 5132 tium
348 5099 370 5134 a.
384 5087 409 5133 d.
427 5088 483 5136 iiiv
500 5085 568 5135 Febr.
582 5087 750 5136 MDccilClii
761 5087 861 5149 antiquo
873 5087 921 5135 ritu
938 5091 1053 5138 creando·
1100 5093 1135 5137 est
1148 5089 1264 5138 Theodori
1281 5091 1371 5151 Berglii
1387 5092 1559 5141 commentatio
1568 5091 1598 5140 de
1609 5081 1716 5141 aristotelis
1725 5057 1797 5122 liieilalt

277 5166 330 5203 rum
350 5156 431 5206 indicit
442 5156 532 5206 eluist.
548 5157 610 5206 Dan.
633 5156 742 5206 iieelius.
757 5156 883 5206 Proemissa
898 5159 935 5208 eei
949 5153 1053 5209 varietas
1100 5161 1259 5224 xenophane,
1270 5164 1364 5213 Zenone
1375 5167 1399 5213 el
1410 5163 1505 5225 Gorgia.
1518 5163 1633 5224 liarburgi
1646 5158 1698 5209 illl·
