3690 5924
9 415 1550 516 effiffltmtssissfflmmmfffflffi&
1612 430 1620 440 ·

486 631 574 742 uu
618 623 1051 742 hnhxrnuuu.
1338 570 1341 576 ’

640 883 904 912 ψ

18 1039 208 1106 λιιανίινισιιεσ,
225 1035 385 1111 Eurystrati
410 1033 502 1104 silius,
520 1032 649 1090 lllilesius
671 1033 733 1090 init.
786 1031 890 1099 luisse,
907 1027 984 1105 quod
1002 1025 1140 1084 credibile
1152 1027 1312 1097 videretur,
1327 1027 1383 1084 nisi
1398 1039 1558 1104 temporum

9 1147 52 1186 unc
65 1123 254 1201 Apollodorus
269 1123 299 1178 iu
314 1121 470 1178 Chronicis
489 1119 565 1196 apud
580 1119 736 1192 Diogenem
785 1118 859 1174 ratio
875 1116 1013 1174 obstaret.
1033 1113 1207 1188 intelligitur
1223 1127 1324 1170 certee
1338 1114 1502 1188 dogmatum
1518 1118 1560 1172 si-

10 1212 126 1292 ynpiade
139 1211 316 1284 sexagesima
330 1209 414 1266 tertia
427 1227 490 1266 esse
503 1219 600 1264 natum
614 1225 646 1262 ac
661 1206 738 1262 circa
784 1205 965 1275 militudine‚
989 1203 1195 1260 Anaxinrenem
1222 1213 1288 1278 post
1313 1202 1560 1258 Anaximandrum

9 1301 44 1360 lud
55 1315 158 1375 tempus
172 1317 229 1374 quo
242 1297 345 1354 Sardes
357 1311 447 1374 captae
461 1308 528 1354 sunt
544 1296 620 1352 diem
637 1313 738 1372 supre·
785 1290 1017 1370 philosophatum
1040 1307 1112 1346 esse.
1138 1288 1288 1344 Falluntur
1308 1300 1401 1344 autem
1422 1290 1472 1364 qui
1496 1309 1561 1346 eum

9 1409 48 1446 nm
60 1387 159 1444 abiisse
175 1397 298 1442 testatur
312 1383 364 1462 (1).
385 1385 473 1460 Atqui
488 1383 591 1441 Sardes
605 1401 677 1458 quas
693 1381 738 1438 his
785 1378 966 1436 parmenidis
982 1377 1158 1452 discipulum
1181 1376 1299 1432 iaciunt.
1315 1375 1378 1444 Qua
1394 1375 1430 1432 de
1450 1396 1481 1433 re
1500 1377 1562 1434 dixi

9 1475 132 1534 lhostium
145 1471 302 1530 arbitrium
318 1485 345 1529 et
358 1485 526 1549 potestatem
542 1471 657 1528 venisse
670 1489 738 1525 con·
786 1467 816 1523 in
831 1465 1001 1542 praeiatione
1016 1464 1050 1519 ad
1068 1462 1279 1519 Parrnenidem.

9 1577 44 1634 at,
56 1561 200 1618 combustae
215 1572 284 1616 sunt
294 1557 421 1615 secundo
435 1555 609 1634 olympiadis
623 1568 738 1632 septua-
825 1553 974 1629 Praecipua
986 1551 1049 1626 ejus
1064 1550 1179 1606 decreta
1193 1549 1254 1607 haec
1271 1563 1346 1606 sunt.
1362 1550 1458 1608 Placet
1480 1553 1520 1629 (5)
1535 1555 1563 1610 ei
1634 1579 1638 1586 ·

9 1651 83 1708 esimae
100 1668 171 1706 anno
182 1648 229 1704 vel
249 1667 275 1704 a.
289 1647 356 1704 Chr.
375 1654 442 1721 499.
457 1645 557 1721 ltaque
573 1645 626 1702 nisi
643 1643 739 1720 philo·
787 1659 883 1698 rerum
906 1639 1085 1718 principium
1102 1656 1196 1694 aerem
1225 1655 1303 1708 esse,
1330 1657 1441 1714 exque
1467 1642 1565 1699 omnia

9 1737 88 1812 aphun
106 1735 241 1810 juvenem
259 1732 346 1791 rebus
369 1733 504 1790 immanis
519 1744 663 1789 exenrtum
678 1749 740 1788 esse
787 1739 978 1787 nascantnret
989 1728 1018 1784 in
1033 1745 1118 1802 quem
1132 1725 1229 1782 omnia
1244 1725 1361 1783 interitu
1372 1745 1424 1782 suo
1437 1725 1564 1783 redeant.

9 1837 136 1892 lateamus,
152 1822 294 1896 Diogenis
308 1820 398 1878 verba
415 1819 521 1877 mendo
542 1819 677 1876 laborare
691 1836 741 1874 re·
788 1816 843 1888 lta,
858 1816 970 1892 inquit,
985 1815 1080 1870 anima
1102 1827 1214 1883 nostra,
1228 1813 1299 1889 quia
1313 1833 1363 1870 aer
1381 1827 1438 1884 est,
1454 1813 1565 1870 idcireo

9 1911 92 1966 isinile
104 1922 151 1968 est.
163 1908 264 1985 Neque
277 1922 372 1966 tamen
383 1908 432 1966 alii
448 1907 606 1984 scriptores
618 1905 741 1962 certiora
787 1922 841 1961 nos
856 1915 951 1959 tuetur
967 1913 995 1958 et
1010 1901 1100 1974 regit,
1117 1912 1268 1976 totumque
1288 1900 1427 1957 mnndum
1445 1901 1566 1978 spiritus

11 1997 136 2071 erioraqne
147 1995 291 2066 tradunt,
314 2014 330 2051 e
345 1993 451 2070 quibus
470 1994 609 2068 Origenes
624 1989 661 2066 (a)
676 2009 740 2048 eum
789 2005 874 2067 atque
889 2009 939 2048 aer
950 1989 1088 2046 continet.
1106 1987 1189 2044 Hunc
1201 2005 1305 2060 genere
1318 1988 1482 2059 infinitum,
1495 2009 1566 2065 qna·

9 2083 69 2138 irino
80 2081 246 2158 olympiadis
272 2080 519 2157 quinquagesimae
537 2092 646 2136 octavae
666 2097 742 2134 anno
791 2079 922 2136 litatihus
937 2078 1052 2135 finitum
1066 2075 1182 2133 vocavit
1196 2077 1244 2153 (6).
1260 2076 1375 2153 Quippe
1390 2097 1441 2152 per
1455 2097 1485 2136 se
1498 2079 1567 2134 inh-

9 2167 112 2240 loruisse‚
136 2167 238 2226 Suidas
255 2169 295 2243 (3)
318 2167 483 2244 olympiade
504 2166 744 2242 quinquagesima
792 2167 884 2224 nitunr
899 2165 982 2223 illum
997 2184 1094 2222 rerum
1116 2175 1263 2242 parentem
1277 2182 1340 2221 esse
1358 2165 1447 2235 dixit,
1462 2166 1511 2224 sed
1533 2187 1567 2224 ea

9 2257 76 2330 pinta
88 2258 115 2314 in
133 2257 205 2313 hanc
221 2257 314 2313 vitam
330 2254 488 2330 proiectum
501 2273 563 2311 esse
577 2257 622 2310 rel
635 2253 743 2310 vixisse
790 2274 854 2330 quae
878 2273 914 2310 ex
929 2273 964 2310 eo
989 2253 1137 2310 orirentur
1153 2251 1272 2308 delinita
1293 2251 1331 2330 (ρ)
1351 2273 1356 2308 :
1377 2252 1456 2328 gigni
1473 2268 1567 2312 autem

12 2341 234 2418 nyarirarlauctor
253 2355 384 2418 est‚quo
403 2355 532 2420 tempore
546 2342 640 2418 Cyrus
653 2360 745 2416 expu·
791 2353 915 2411 terram,
939 2359 1058 2417 aquam,
1085 2341 1198 2416 ignem,
1224 2352 1284 2396 turn
1309 2359 1345 2396 ex
1370 2341 1416 2398 his
1443 2343 1566 2420 reliqna.

9 2430 207 2502 natisSardibus
219 2430 354 2487 Croesum
368 2448 459 2504 regno
475 2430 621 2506 spoliavit.
636 2429 668 2486 ln
690 2429 744 2485 hac
790 2431 869 2489 Oriri
886 2433 924 2507 [ill
941 2431 1017 2488 enim
1038 2443 1140 2488 cuncta
1157 2447 1222 2487 aere
1234 2430 1279 2486 vel
1294 2429 1413 2487 densato
1430 2432 1475 2488 vel
1491 2450 1569 2489 rare·

9 2517 194 2575 testimoniorum
214 2517 362 2594 paucitate
380 2536 465 2573 neruo
487 2515 642 2573 mirabitur
666 2516 745 2572 viros
794 2529 900 2576 scente.
914 2515 1055 2572 Praeterea
1068 2527 1177 2572 motum
1189 2514 1225 2571 ab
1240 2516 1318 2572 omni
1330 2516 1488 2572 aeternitate
1499 2534 1569 2574 esse.

9 2599 140 2679 luctusque
153 2605 182 2662 in
194 2617 327 2660 veterum
339 2602 532 2660 monumentis
544 2600 746 2657 desiderantur
792 2603 935 2662 Nimirum
952 2616 1155 2660 concrescente
1170 2621 1236 2659 aere
1251 2603 1377 2680 primurn
1393 2615 1570 2679 procreatam

9 2689 143 2764 conjecturis
155 2692 275 2768 explere
293 2689 430 2748 voluisse.
447 2687 502 2745 Sed
517 2687 612 2745 varias
626 2687 745 2745 illorum
793 2709 855 2748 esse
867 2703 972 2747 terram
993 2690 1135 2748 latissime
1149 2703 1307 2767 patentem,
1324 2690 1448 2766 ideoque
1460 2691 1571 2767 optimo
1587 2719 1588 2722 ¹

9 2793 28 2832 ιι
36 2777 204 2856 discrepantes
216 2780 378 2837 sententias
390 2777 497 2834 referre
508 2768 756 2852 supersedemus3'
789 2775 856 2852 jure
877 2795 939 2832 eam
958 2795 1025 2833 aere
1042 2777 1137 2834 inniti.
1160 2777 1252 2835 Porro
1267 2777 1355 2834 solenr
1381 2791 1408 2834 ot
1424 2775 1519 2834 lunam
1538 2799 1571 2836 ae

9 2883 71 2920 unum
89 2865 304 2924 memorabimus
324 2865 430 2941 lleynii
445 2865 594 2922 inventurn
615 2863 745 2940 quicum
793 2877 895 2921 caetera
919 2864 1015 2922 sidera
1036 2885 1052 2922 a
1076 2879 1154 2922 terra
1176 2865 1319 2938 originem
1343 2863 1459 2923 habere.
1474 2867 1571 2924 Solent

9 2949 108 3009 Simone
130 2953 313 3030 transpositis
336 2953 448 3028 aliquot
475 2950 574 3008 verbis
609 2949 747 3024 Diogenis
793 2950 883 3024 igitur
900 2963 1005 3008 terram
1020 2970 1082 3008 esse
1104 2971 1164 3028 prae
1181 2969 1211 3008 se
1227 2951 1293 3008 tulit
1306 2969 1339 3007 ac
1359 2965 1452 3008 motus
1467 2953 1572 3010 celeri·

10 3035 76 3095 lonnr
96 3043 132 3098 sic
156 3040 308 3099 constituit
339 3039 505 3116 τγτγέιηται
534 3037 680 3116 μὲν...ττερλ
699 3035 746 3108 τὴν
795 3051 851 3096 tate
865 3039 1070 3097 calidissimam
1092 3051 1206 3096 nactum
1222 3058 1284 3097 esse
1298 3053 1441 3098 naturam.
1458 3041 1572 3098 hsta-ae

11 3123 101 3202 Σάρδεων
116 3127 222 3198 dinen,
244 3126 402 3198 ἐτελεύτησε
424 3126 451 3184 δὲ
476 3129 509 3204 τῇ
531 3123 569 3202 iy‘
594 3125 746 3201 ὀλυμπιάδι.
795 3127 916 3186 terrenis
931 3126 1104 3186 humoribus
1115 3128 1259 3186 exstitisse
1269 3131 1380 3188 censuit
1394 3127 1444 3205 (9).
1458 3129 1573 3187 Scilicet

12 3207 69 3269 [oni.
83 3213 182 3274 Fabric.
200 3214 279 3272 Bibl.
294 3213 345 3272 Gr.
364 3213 462 3272 volll
478 3234 507 3290 p.
521 3213 575 3269 651
593 3213 638 3270 ed.
654 3213 746 3283 Harl.;
797 3233 919 3291 vapores
946 3215 1063 3274 excitati
1097 3216 1305 3295 paullatimque
1341 3230 1515 3274 rarescentes
1543 3219 1573 3273 in

13 3293 103 3359 Dinon.
117 3303 148 3359 ad
158 3302 275 3379 Olymp.
288 3302 337 3376 58,
352 3323 362 3358 1
378 3315 406 3358 et
416 3322 445 3377 ρ.
460 3302 516 3372 376
531 3301 631 3357 transl.
646 3300 746 3374 Kri'rg.;
796 3301 892 3374 ignem
908 3305 1042 3360 conversi
1054 3316 1137 3378 sunt,
1153 3303 1204 3379 qui
1219 3301 1270 3360 nbi
1286 3302 1420 3362 sublimis
1432 3303 1520 3373 abiit,
1532 3305 1574 3360 ei-

14 3379 32 3437 θ.
49 3382 71 3442 θ.
88 3386 230 3445 Hermanni
255 3387 294 3445 de
319 3387 559 3464 philosophorum
583 3386 750 3444 lonicorum
798 3388 905 3446 fecitut
914 3391 1001 3448 stellae
1012 3391 1205 3449 exorirentur.
1215 3390 1294 3448 idem
1306 3389 1401 3448 sidera
1415 3411 1473 3448 non
1486 3411 1574 3468 supra

15 3470 109 3530 natibus
124 3475 359 3552 disputationem,
371 3475 514 3548 Gottingae
536 3475 625 3549 1849.
643 3473 749 3532 Prodi·
797 3477 973 3548 terram,sed
983 3480 1171 3536 circaterram
1184 3477 1295 3535 moveri
1310 3480 1350 3534 ait
1362 3477 1433 3557 (10).
1448 3477 1574 3536 llateriae

15 3565 92 3614 iunest
104 3561 302 3620 anaximenem
314 3561 522 3619 Anaximandri
536 3559 575 3639 (h)
589 3560 749 3619 auditorem
798 3566 1023 3622 contractionem
1049 3585 1081 3622 ac
1108 3565 1305 3622 densationem
1330 3564 1493 3642 appellabat
1523 3565 1574 3622 iri·

17 3697 1573 3726 m*

34 3779 57 3828 ΙἸλ
68 3779 164 3840 Diogenes
179 3783 291 3831 Laertius
301 3781 342 3830 iih.
357 3785 399 3836 th,
417 3789 430 3830 3
444 3795 450 3824 τ
468 3783 609 3842 Ἀναξιμένης
621 3783 751 3844 Εὐρυστρά-
831 3784 862 3843 (7)
879 3785 962 3834 Cicero
982 3785 1055 3835 Aced.
1074 3790 1167 3842 Queat.
1181 3787 1222 3834 iio.
1238 3789 1270 3847 n,
1291 3791 1335 3846 37ς
1350 3787 1420 3847 naulo
1435 3786 1504 3835 ahter
1516 3789 1575 3836 sim·

18 3857 41 3888 θ’*
52 3847 218 3904 Militiae-...aui
235 3853 357 3914 γεγένηται
372 3853 430 3912 μέν,
449 3851 510 3899 ιιαθά
525 3869 593 3912 φησιν
611 3851 749 3902 ancittae·
799 3852 883 3913 plieiut
897 3856 1033 3904 Commeat.
1045 3855 1068 3903 iu
1084 3856 1156 3904 Arist.
1168 3857 1238 3917 Phys.
1254 3855 1294 3904 iol.
1306 3863 1355 3904 ιλιι
1370 3869 1376 3897 =
1390 3858 1532 3920 Ἀναξιμένης
1550 3859 1575 3906 tt

19 3921 80 3976 Diti
89 3919 190 3982 ἑξηκοστῇ
204 3923 270 3984 τρίτη
293 3921 433 3983 ὀλυμπιάδι·
454 3920 588 3977 ἐτελεύτησε
606 3921 630 3968 ίὲ
641 3923 691 3983 περὶ
710 3923 751 3978 τὴν
799 3922 959 3985 Εὐρυστράτου
971 3923 1098 3984 Μιλήσιος,
1112 3928 1200 3988 ἑταῖρος
1212 3927 1312 3986 γεγονὼς
1324 3924 1576 3987 Ἀναξιμάνδρον,μίαν

19 3981 88 4063 θνρθτιιι
98 3989 181 4037 iinon.
195 3991 299 4039 Eudocie
313 4005 336 4052 p.
348 3997 394 4040 55:
408 3989 482 4046 θθτος
493 3992 532 4038 τὸν
549 3991 599 4052 βίον
612 3993 751 4053 κατέστρεψε
799 3992 839 4051 μὲν
854 3995 895 4051 τὴν
914 4000 1068 4062 ὑποκειμένην
1083 3996 1150 4056 φύσιν
1164 3997 1204 4043 ιιαὶ
1219 3994 1314 4057 ἀπειρόν
1332 4012 1413 4057 ρησιν,
1428 3997 1508 4060 ὥσπερ
1519 3997 1576 4046 tua-

20 4056 86 4111 “DD'D
99 4059 191 4120 Σάρδεων
207 4061 304 4110 ἅλωσιν.
522 4119 524 4124 ,
799 4077 852 4122 νος,
867 4065 909 4112 σὺν
922 4067 1030 4130 ἀόριστον
1044 4069 1068 4116 δὲ
1086 4068 1165 4126 ὥσπερ
1176 4065 1276 4121 ἐκεῖνος,
1293 4063 1351 4111 ἀλλὰ
1372 4067 1411 4112 acal
1433 4066 1576 4128 ὡρισμένην,

38 4125 56 4166 ’θ
68 4127 163 4187 Origenes
173 4129 311 4191 Plrilneoplr.
323 4145 345 4191 p.
364 4135 390 4178 13
406 4130 443 4178 ed.
455 4130 541 4180 Miller.
558 4143 563 4176 :
577 4129 650 4186 Οὗτος
659 4131 753 4193 ἦνμασε
799 4133 855 4193 ἀέρα
868 4134 941 4194 λέγων
957 4137 1037 4194 αὐτήν.
1049 4135 1139 4192 κίνησιν
1156 4135 1180 4182 δὲ
1195 4136 1233 4182 καὶ
1248 4133 1314 4188 οὗτος
1328 4135 1402 4182 diriter
1415 4139 1490 4195 ποιεῖ,
1505 4136 1534 4183 δι’
1549 4139 1577 4194 ἢν

22 4194 94 4250 milne
103 4203 185 4259 πρῶτον
199 4206 239 4258 τῆς
248 4207 408 4258 πεντηκοστῆς
425 4199 509 4260 ὀγδόης
524 4200 674 4262 ὀλυμπιάδος.
799 4204 840 4249 καὶ
856 4204 898 4258 τὴν
913 4207 1043 4266 perariciis
1055 4205 1182 4265 γίγνεσθαι.

34 4263 58 4342 ‚h
69 4267 155 4317 shidae:
178 4273 272 4332 Γέγονεν
285 4271 308 4318 ἐν
322 4276 351 4332 τῇ
362 4275 392 4319 ιε’
408 4271 462 4331 (leg.
477 4270 525 4328 ιη’)
537 4268 677 4332 Ὀλυμπιάδι
690 4272 713 4319 ἐν
724 4277 753 4333 τῇ
832 4274 862 4332 (a)
881 4276 1024 4334 Plutarchus
1039 4276 1102 4336 apud
1118 4274 1202 4323 euseb.
1220 4278 1297 4336 Prup.
1314 4277 1403 4334 evang.
1419 4277 1437 4332 i,
1448 4279 1462 4324 8
1475 4294 1481 4324 τ
1492 4279 1574 4326 Γεννα-

23 4329 92 4394 Weur
102 4341 178 4390 ἁλώσει
188 4379 195 4402 ,
206 4343 243 4391 ὅτε
260 4345 337 4404 Κῦρος
349 4343 362 4389 θ
375 4345 466 4404 Πέρσης
481 4345 580 4405 Κροῖσον
595 4343 704 4390 καθεῖλεν.
800 4347 853 4394 σθαι
871 4347 895 4394 et
909 4347 985 4395 πάντα
997 4347 1058 4396 κατά
1069 4363 1121 4395 τινα
1130 4347 1248 4394 πύκνωσιν
1263 4345 1347 4393 τούτου
1359 4347 1398 4392 καὶ
1415 4346 1482 4396 πάλιν
1493 4347 1577 4409 ἀραίαν·

38 4406 61 4458 ii)
70 4407 167 4470 Diogenes
186 4413 294 4462 Laertius
306 4413 346 4460 hh.
367 4416 398 4468 lt.
419 4413 754 4473 31Ἁναξιμένης....ἦιτουσεν
801 4433 846 4464 σιν.
862 4417 903 4474 τήν
918 4433 945 4480 γε
957 4419 1002 4480 μὴν
1015 4418 1105 4475 κίνησιν
1120 4418 1143 4472 ἐξ
1154 4417 1238 4471 αἰῶνος
1260 4418 1381 4477 ὑπάρχειν.
1395 4417 1533 4475 πιλουμένου
1554 4419 1578 4466 ἃ

24 4473 161 4539 irritantur
172 4483 224 4531 θνιοι
235 4483 258 4531 δὲ
273 4483 313 4530 παὶ
321 4484 465 4544 Παρμενίδου
478 4485 548 4546 φασὶν
559 4482 659 4531 ἀνιοῦσαν
674 4483 752 4531 αὐτόν.
799 4492 841 4536 τοῦ
851 4488 915 4550 ἀέρος
925 4490 1018 4552 πρώτην
1030 4491 1165 4550 γεγενῆσθαι
1176 4489 1249 4548 λέγειν
1260 4489 1301 4545 τήν
1315 4493 1373 4550 γῆν,
1386 4489 1496 4536 πλατεῖαν
1506 4489 1577 4547 μάλα·

39 4553 63 4608 ‘D
74 4557 199 4610 Plutarchus
210 4563 240 4610 de
251 4562 350 4611 riccius
366 4563 423 4620 nhil.
441 4563 482 4612 lib.
493 4563 513 4621 l,
528 4569 541 4610 3
558 4574 564 4604 =
576 4561 718 4624 Ἀναξιμένης
730 4561 754 4608 δὲ
800 4559 836 4608 διὸ
849 4561 889 4608 καὶ
903 4562 963 4609 κατὰ
973 4561 1041 4622 λόγον
1054 4561 1126 4616 αὐτὴν
1143 4560 1276 4620 ἐποχεῖσθαι
1287 4559 1348 4620 ἀέρι·
1360 4560 1448 4607 καὶτὸν
1460 4561 1524 4616 ἥλιον
1537 4565 1577 4608 καὶ

26 4617 120 4678 '⁸¹⁵²'th
131 4629 197 4692 ἀρχὴν
206 4637 251 4680 τῶν
266 4633 338 4680 ὄντων
353 4633 409 4694 ἀέρα
421 4633 565 4694 ἀπεφήνατο·
582 4631 609 4678 in
618 4633 661 4692 γὰρ
673 4631 755 4680 τούτου
800 4630 841 4686 τὴν
851 4631 948 4688 σελήνην
957 4633 997 4680 καὶ
1010 4633 1039 4679 τὰ
1054 4631 1123 4678 λοιπὰ
1141 4630 1216 4691 ἄστρα
1234 4631 1275 4687 την
1287 4631 1360 4691 ἀρχὴν
1373 4637 1412 4688 τῆς
1426 4635 1537 4692 γενέσεως
1553 4632 1579 4679 έν

26 4685 105 4768 littra
118 4699 226 4764 γίνεσθαι,
239 4705 279 4752 παὶ
294 4706 326 4758 εἰς
335 4705 406 4752 αὐτὸν
422 4703 492 4751 πάλιν
511 4703 662 4751 ἀναλύεσθαι·
675 4703 723 4750 οἷον
740 4705 754 4759 ἡ
801 4704 843 4758 γῆς
855 4698 925 4761 ἔχειν.
934 4700 1084 4762 ἀποφαίνεται
1099 4704 1155 4757 γοῦν
1166 4701 1206 4747 τθν
1216 4701 1279 4757 ἥλιον
1289 4706 1347 4760 γῆν,
1361 4702 1399 4748 διὰ
1411 4702 1435 4748 δὲ
1445 4702 1487 4759 τήν
1501 4703 1575 4756 ὀξεῖαν

27 4765 64 4824 ”tl
80 4773 191 4832 (ρηοίν)ή
209 4776 321 4837 ἡμετέρα,
337 4776 380 4836 ἀὴρ
396 4775 468 4834 οὖσα,
481 4779 606 4836 συγκρατεῖ
619 4778 693 4834 ἡμᾶς,
715 4775 754 4822 καὶ
802 4768 892 4825 κίνησιν
908 4772 947 4818 παλ
968 4772 1029 4832 μάλα
1043 4773 1129 4825 ἱκανῶς
1143 4771 1283 4832 θερμοτάτην
1304 4771 1394 4828 κίνησιν
1414 4771 1475 4832 (leg.
1491 4773 1576 4834 φύσιν)

28 4825 184 4902 Dittmann
199 4851 288 4908 πνεῦμα
305 4848 398 4909 ναιάηρ
416 4848 526 4908 περιέχει.
546 4847 583 4894 Gi.
606 4844 755 4894 Aristotelem
801 4840 886 4888 λνὸεῐν.

28 4896 111 4964 hili&
121 4913 137 4966 l.
149 4915 171 4960 3.
834 4912 864 4968 (9)
880 4910 993 4971 Origenes
1008 4911 1144 4972 Philosoph.
1161 4925 1183 4971 p.
1200 4917 1227 4960 12
1244 4913 1282 4958 ed.
1298 4912 1380 4958 tilher.
1398 4925 1404 4953 ι
1420 4912 1538 4970 Γεγονίναι
1553 4913 1577 4959 tt

36 4971 68 5048 'tii
80 4976 201 5030 Plutarchus
216 4985 277 5044 apud
291 4987 378 5035 nasah.
392 4989 469 5047 Praep.
490 4989 579 5045 Evang.
594 4985 639 5044 1,a
652 4999 657 5030 :
672 4983 754 5039 Ἁναξι·
801 4983 831 5030 τὰ
841 4983 915 5044 ἄστρα
927 4983 954 5030 ἐν
964 4989 1006 5043 γῆς
1016 4983 1054 5032 διὰ
1066 4984 1092 5032 τὸ
1104 4983 1145 5040 τὴν
1157 4981 1245 5042 ἰκμάδα
1257 4981 1283 5027 ta
1296 4981 1380 5034 ταύτης
1391 4979 1540 5039 ἀνίστασθαι,
1552 4980 1578 5040 ἧς

30 5047 71 5094 ''i'‘
80 5044 100 5090 'il
110 5063 158 5107 φασι
170 5053 208 5109 τήν
217 5060 263 5102 τῶν
273 5055 331 5102 ὅλων
343 5055 416 5118 ἀρχὴν
425 5057 465 5104 τὸν
479 5056 536 5116 ἀέρα
547 5056 634 5114 εἰπεῖν,
647 5056 686 5101 καὶ
700 5059 754 5101 τοῦ·
802 5053 954 5116 ἀραιοιιμένης
966 5054 993 5102 τὸ
1008 5057 1053 5115 πῦρ
1063 5053 1181 5114 γίνεσθαι,
1196 5053 1222 5100 έν
1235 5051 1258 5099 δὲ
1274 5055 1314 5099 τοῦ
1326 5051 1396 5110 πυρὸς
1417 5051 1579 5110 meruerunt-

31 5117 49 5152 'l
59 5109 105 5193 ‘DJ‘
119 5123 149 5178 τῷ
163 5122 201 5180 μὲν
216 5125 274 5182 γένει
292 5127 400 5188 ἄπειρον,
411 5131 459 5182 ταῖς
471 5127 553 5188 θὲπερὶ
564 5125 633 5173 αὐτὸν
646 5125 754 5182 ποιότησι
801 5139 841 5171 νου
857 5124 909 5178 τοὺς
919 5123 1016 5185 ἀστέρας
1032 5124 1193 5171 συνίστασθαι.

31 5173 125 5260 θέμενον,
136 5191 207 5238 hittun
218 5197 279 5243 reete
290 5197 404 5257 Diogenes
416 5197 523 5246 Laertius
533 5195 574 5244 lib.
589 5198 622 5253 ΙΙ,
636 5199 650 5242 3
662 5210 667 5242 ;
682 5195 754 5250 Οὗτος
832 5199 880 5248 (tur
897 5193 1013 5252 Diogenes
1022 5195 1130 5242 Laertius
1141 5194 1182 5240 lib.
1195 5196 1225 5252 n,
1240 5196 1253 5239 3
1270 5205 1275 5234 =
1294 5192 1412 5240 Κινεῑσθαι
1422 5191 1445 5238 δὲ
1460 5190 1489 5238 τὰ
1504 5191 1578 5252 terp:

50 5259 76 5302 ,θ
88 5249 135 5310 dena
145 5255 191 5306 εἶπε
200 5261 237 5308 ναὶ
246 5263 272 5311 τὸ
286 5263 386 5328 ιἰπειρον.
802 5266 846 5327 οὐχ
858 5267 914 5327 ὑπὲρ
923 5271 979 5325 γῆν,
995 5264 1052 5311 ἀλλὰ
1061 5265 1111 5326 περὶ
1121 5269 1173 5323 γῆν.

86 5340 161 5382 ttttot.
178 5351 242 5390 tm.
764 5357 800 5397 2ης
1477 5346 1502 5389 ιθ
