3776 5926
237 351 290 402 tet

293 471 425 544 άνόνητον·
439 475 497 534 ἀλλ’
514 473 575 534 ὅταν
592 477 701 536 τοιῶσδε
716 483 885 559 σχηματισθῇ
897 481 941 540 καί
953 505 1012 540 συν·
1034 511 1038 579 γ

290 561 373 640 τρέχῃ
387 561 487 640 ζῳδίοις
500 587 528 620 τε
543 563 587 622 καί
603 565 739 643 άστράσιν.
760 570 796 626 Et
816 587 878 644 pag.
899 572 953 641 178
969 575 1010 628 B:
1036 594 1038 652 γ

290 649 323 706 Ei
338 649 367 706 δέ
373 694 381 726 ,
396 647 430 717 ὠς
446 674 525 728 φησιν
534 650 654 732 Ὀρφεύς,
668 657 702 731 τῇ
718 653 767 733 άτῃ
783 659 883 714 ἀνεῖται
898 661 914 726 ή
931 660 1012 715 έπτα-
1035 660 1038 700 ¹

290 737 448 810 καιδεκάτη,
465 740 510 796 καί
532 739 575 798 διδ
596 745 722 820 τοῦτοτῇ
745 764 773 799 τε
789 748 859 823 τομῇ
879 749 927 816 τῆς
949 744 1013 818 ύλης

290 823 360 882 ἐστίν
381 825 479 899 οἰκεία,
496 827 542 884 καί
561 830 594 907 τῇ
615 832 660 886 τοῦ
683 834 787 906 καρποῦ
810 830 942 908 γυμνώσει
959 838 1012 892 τῶν

177 949 183 962 .
289 913 480 993 περικαρπίων.
498 915 620 992 Idernp.
647 917 871 998 130B:’0ppri›<
887 925 1011 996 μαθημα·

289 1007 366 1067 τικιῦς
389 1003 476 1060 πάντα
500 1004 706 1082 παρακελεύεται
732 1007 803 1085 δρᾷν·
826 997 878 1064 οἷον
902 1008 1012 1081 σελήνης

289 1089 433 1168 τρεχούσης
452 1090 510 1170 περί
527 1092 672 1172 Παρθένον,
696 1093 782 1152 πάντα
806 1095 922 1173 φυτεύειν
942 1096 1011 1168 πλὴν

289 1177 375 1249 μόνων
388 1177 528 1253 άμπέλων·“
535 1188 606 1254 μισεῖ
620 1179 670 1258 γθιρ
685 1184 701 1250 ἡ
715 1181 848 1260 Παρθένος
857 1181 904 1254 τήν
921 1183 1010 1261 άμπε-

289 1265 333 1321 λον
345 1264 388 1322 διὰ
397 1266 440 1324 τὸν
453 1267 556 1345 πατέρα
567 1267 691 1345 Ἰκάριον.
709 1268 769 1335 Διδς
783 1268 925 1349 Ὑδροχόον
938 1294 1011 1350 περι-

288 1351 456 1426 πολεύοντος,
471 1355 507 1430 μή
523 1355 650 1434 πλεύσης·
673 1356 778 1436 χαλεπή
800 1357 852 1438 γθιρ
874 1357 932 1417 τότε
952 1359 1011 1417 λίαν

290 1440 358 1498 ἐστίν
371 1447 388 1513 ή
399 1442 528 1504 θάλασσα.
542 1446 597 1503 Τοῦ
611 1447 688 1502 αὐτοῦ
698 1446 759 1514 Διὸς
772 1449 798 1503 ἰν
807 1446 919 1525 Ἰχθύσιν
931 1447 1010 1522 ὄντος,

290 1529 369 1588 καλὸν
383 1531 484 1609 γάμους
496 1539 590 1604 ποιεῖν,
607 1531 652 1591 καί
667 1533 699 1592 τὰ
713 1533 791 1592 λοιπθι
806 1533 920 1612 ὁμοίως.)

568 1655 662 1714 XLII.

291 1771 442 1854 Πρώτιστος
451 1773 499 1848 μὲν
510 1774 620 1834 ἄνασσεν
630 1776 782 1855 ἐπιχθονίων
791 1777 888 1856 Κρόνος
900 1780 1011 1859 ἀνδρῶν,

289 1863 318 1919 ἐκ
338 1861 364 1922 δέ
388 1863 488 1942 Κρόνου
507 1863 589 1940 γένετ’
611 1855 682 1932 aivi.
706 1863 768 1933 άναξ
793 1865 874 1944 μέγας
898 1867 1011 1944 εὐρυόπα

925 1953 1009 2035 [Ζεύς

331 2073 499 2152 [Lactantius
513 2073 535 2144 1,
551 2077 597 2146 ιθ,
618 2096 650 2132 ιι
667 2079 819 2152 :Orpheus
836 2080 885 2152 qni
893 2091 1009 2155 tempo-

288 2163 367 2216 ribus
385 2161 443 2233 ejus
464 2165 604 2219 recentior
624 2163 678 2219 fuit
697 2178 792 2238 aperte
810 2165 962 2222 Saturnum
981 2171 1011 2223 in

290 2261 364 2304 terra
378 2261 406 2306 ct
416 2250 493 2323 apud
503 2252 633 2306 homines
646 2271 774 2326 regnasse
784 2269 987 2311 connneniorat
1001 2276 1008 2310 ι

287 2335 432 2412 πρώτιστος
444 2335 490 2411 μέν
502 2335 571 2415 κτλ.)

566 2451 671 2512 XLIII.

289 2572 368 2632 Ἀλλθι
381 2571 478 2651 Κρόνον
493 2572 633 2652 φάσκουσιν
648 2573 699 2634 ὕπὸ
713 2577 778 2645 Ζηνὶ
793 2577 921 2654 Κρονίωνι

287 2659 415 2718 ἀθάνατον
429 2661 510 2718 αἰῶνα
523 2665 614 2740 λαχεῖν
628 2667 751 2742 καθαροῖο
765 2662 862 2740 γενείου

287 2745 333 2804 καί
348 2746 432 2824 διερδις
446 2747 542 2826 χαίτας
559 2747 682 2822 εὐώδεας,
697 2747 757 2807 οὐδέ
773 2774 798 2808 τι
812 2751 906 2829 λυγροῦ

287 2833 384 2913 γήραος
397 2837 536 2905 ήπεδανοῖο
551 2836 694 2914 μιγήμεναι
709 2837 780 2895 ditet·
793 2839 894 2918 λευκῷ,

411 2919 423 2942 ’I

228 2925 231 2948 ¹
252 2943 265 2980 ε
286 2921 354 2980 etth
368 2944 427 3001 περι
441 2924 605 3002 κροτάφοισιν
620 2921 690 3001 ἔχειν
703 2922 824 3004 ἐριθηλέα
836 2924 948 3004 λάχνην.

330 3046 456 3122 (Procius
468 3049 568 3106 Theoi.
581 3049 652 3106 Plat.
663 3049 714 3107 lib.
729 3052 764 3123 V,
780 3068 814 3104 ιο
828 3067 835 3107 ι
849 3046 887 3106 Th
906 3047 1010 3124 ἀγήρων

288 3131 416 3211 ταύτῃτῇ
437 3131 508 3200 τάξει
526 3134 572 3212 [τη
596 3132 707 3214 Κρονίορ)
724 3133 863 3211 προσήκει,
884 3136 919 3200 ὡς
939 3133 965 3192 σί
983 3158 1011 3192 τε

291 3219 419 3299 βάρύαροί
433 3243 497 3298 φασι
509 3222 555 3278 καὶ
573 3220 722 3300 θ’θρφεύς.
741 3221 795 3281 Καί
808 3219 859 3300 γάρ
878 3212 950 3287 ούτος
971 3224 1010 3282 αἰεί

289 3307 413 3384 μελαίνας
434 3307 480 3376 τάς
491 3315 536 3366 τοῦ
559 3309 670 3389 Κρονίου
684 3309 824 3389 προσώπου
846 3308 938 3390 τρίχας
957 3335 1010 3386 μυ-

289 3399 383 3463 στικῶς
395 3395 464 3472 λέγει
477 3397 521 3454 καί
538 3395 907 3475 μηδαμῶςγίγνεσθαιπολιάς
924 3443 931 3458 .
952 3441 960 3458 .
978 3444 983 3457 .
1002 3447 1008 3460 .

289 3483 322 3544 Ὁ
337 3482 449 3564 Ὀρφεὺς
465 3483 498 3540 τδι
512 3483 609 3549 τούτοις
621 3481 699 3559 ὅμοια
714 3484 774 3563 περὶ
791 3489 835 3542 τοῦ
850 3490 907 3543 θεοῦ
920 3485 1010 3545 τούτου

289 3571 469 3629 διατάττεται·
487 3571 537 3628 ὑπὸ
559 3570 625 3642 Ζηνί
640 3571 767 3650 Κρονίωνι
782 3571 908 3630 ἀθάνατον
929 3575 1011 3630 αἰῶνα

290 3673 404 3741 καμεῖν,
422 3711 453 3727 ..
478 3672 602 3746 καθαροῖο
622 3665 719 3742 γενείου
736 3711 744 3728 .
762 3712 768 3725 .
785 3713 792 3727 .
811 3667 897 3746 διερδις
917 3667 1012 3746 χαίτας

289 3750 413 3824 εὐώδεας,
439 3752 496 3810 οὐδὲ
522 3797 529 3812 .
556 3797 562 3810 .
590 3797 596 3810 .
618 3755 757 3824 ἠπεδανοῖο
781 3756 924 3831 μιγήμεναι
940 3753 1012 3813 άνθεί

287 3840 372 3916 λευκῷ
395 3883 401 3896 .
424 3885 430 3897 .
456 3884 463 3899 .
487 3841 543 3896 ἀλλ’
569 3839 689 3920 ἐριθηλέα
711 3839 822 3918 λάχνην.
847 3843 893 3898 Ad
917 3844 1011 3898 Iocum

288 3928 493 3982 restituendum
508 3947 550 3986 vs.
569 3947 580 3982 ι
596 3929 692 3984 addidi
705 3927 773 3985 ἀλλθ
790 3927 888 4005 Κρόνον
900 3927 1013 4006 φάσκου-

289 4034 328 4068 σιν
353 4027 381 4070 et
399 4035 437 4074 vs.
456 4017 472 4070 3
493 4018 591 4090 scripsi
611 4015 669 4072 οῦδέ
693 4037 719 4071 τι
742 4016 847 4093 λυγροῦ.
873 4018 1011 4076 Caeterum

288 4101 1011 4178 vsahrrpeirdebeturHermannoapudLobeckium

289 4191 431 4263 Aglaoph.
451 4209 482 4263 p.
505 4189 572 4258 512,
590 4188 688 4266 γήραος
701 4198 776 4257 ναοί.
791 4189 931 4257 Gesnero,
952 4186 1012 4264 περὶ

288 4274 453 4354 κροτάφοισιν
465 4276 534 4355 ἔχειν
546 4296 588 4335 vs.
604 4277 619 4331 5
633 4279 733 4334 itidem
742 4279 914 4336 Hermanno.
928 4275 1009 4332 simt-

954 349 1134 416 ORPIIICA.

1116 489 1178 546 liter
1192 491 1310 548 Procius
1333 493 1369 549 ad
1391 495 1506 552 Hesiodi
1522 497 1577 570 Op.
1590 506 1619 552 et
1632 501 1666 555 Ι),
1687 515 1720 572 p.
1741 504 1776 566 44
1795 503 1831 556 B:

1118 573 1151 634 ‘0
1164 575 1330 656 μέν’θρφεθς
1340 584 1504 660 τοῦάργυροῦ
1513 582 1600 660 γένους
1615 583 1766 661 βασιλεύειν
1778 589 1834 665 φησὶ

1116 661 1160 721 τὸν
1181 664 1278 741 Κρόνον
1293 665 1350 731 τοὺς
1369 667 1437 724 κατὰ
1452 667 1497 726 τὸν
1512 664 1625 750 καθαρδν
1646 671 1725 747 λόγον
1744 675 1834 740 ζῶντας

1116 752 1242 830 ἀργυροῦς
1255 751 1349 828 λέγων,
1362 752 1450 834 ὥσπερ
1462 755 1519 822 τοῦς
1532 757 1599 814 κατδι
1609 764 1668 817 νοῦν
1682 758 1764 836 μόνον
1777 783 1836 838 χρυ-

1115 844 1218 905 σοῦς·θ
1239 839 1265 897 δέ
1281 839 1399 909 Ἡσίοδος
1414 843 1443 900 τὸ
1467 846 1593 922 ἀργυροῦν
1617 845 1690 922 γένος
1706 856 1778 905 ποιεῖ
1795 849 1836 928 ρά-

1115 930 1207 1003 θυμον.
1223 928 1302 984 Idem
1320 951 1349 1004 p.
1369 931 1404 1004 39
1420 937 1443 987 Α
1456 949 1463 984 :
1476 931 1531 990 Τὸν
1549 931 1645 1012 Κρόνον
1660 934 1701 990 ἀεί
1715 935 1836 1010 μελαίνας

1115 1014 1184 1094 ἔχειν
1211 1015 1257 1080 τθις
1280 1014 1324 1074 ἐπί
1354 1018 1452 1094 γενείου
1478 1019 1584 1098 τρίχας,
1611 1020 1688 1098 φησίν
1717 1021 1836 1097 Ὀρφεύς·

1116 1101 1229 1161 Πλάτων
1250 1099 1277 1160 δέ
1298 1102 1416 1182 (Phileb.
1444 1128 1474 1180 p.
1495 1128 1552 1178 270
1584 1110 1620 1184 D)
1641 1106 1703 1173 τοῦς
1733 1109 1776 1165 ἐπὶ
1796 1114 1836 1178 ’.ἧς

1116 1188 1228 1268 Κρονίας
1244 1190 1362 1268 περιόδου
1378 1193 1539 1251 &hetthim
1560 1195 1623 1274 ’φησί
1643 1195 1673 1253 τὸ
1696 1200 1783 1274 γῆρας
1796 1198 1835 1254 καί

1116 1279 1156 1334 άεὶ
1170 1277 1304 1355 γίγνεσθαι
1314 1280 1461 1358 νεωτέρους.
1477 1283 1555 1339 Idem
1569 1287 1604 1340 de
1620 1288 1726 1361 Hippia,
1738 1287 1836 1340 Bacchi

1115 1370 1242 1437 nutrice,
1257 1371 1364 1426 Cornrn.
1380 1373 1409 1424 in
1426 1375 1497 1429 Tim.
1513 1371 1539 1427 II
1555 1393 1585 1447 p.
1603 1381 1657 1439 καί,
1675 1376 1709 1443 C,
1725 1393 1758 1446 p.
1782 1394 1832 1447 292

1114 1473 1174 1528 seq.
1192 1456 1240 1513 ed.
1258 1458 1422 1515 Schneider.
1441 1460 1500 1514 haec
1522 1461 1608 1516 habet
1629 1458 1689 1518 :tl
1718 1459 1764 1532 μὲν
1789 1461 1833 1535 γὰρ

1112 1537 1217 1613 Ἵππα,
1234 1547 1278 1600 τοῦ
1294 1543 1389 1612 παντὸς
1404 1535 1468 1602 ούοα
1487 1545 1575 1624 ψυχή,
1592 1545 1637 1605 καί
1653 1546 1724 1604 ούτω
1745 1549 1836 1616 κεκλη-

1117 1627 1182 1703 μένη
1208 1627 1280 1708 παρθι
1304 1632 1341 1708 τῷ
1362 1631 1474 1710 θεολόγῳ
1490 1679 1495 1690 .
1515 1678 1522 1692 .
1539 1678 1545 1690 .
1563 1678 1570 1690 .
1586 1679 1593 1694 .
1612 1680 1618 1691 .
1634 1632 1726 1690 λίκνον
1741 1631 1783 1690 ἐπί
1795 1637 1836 1702 τῆς

1114 1717 1230 1794 κεφαλῆς
1253 1714 1348 1791 θεμένη
1373 1719 1417 1776 καί
1439 1719 1559 1797 δράκοντι
1580 1719 1643 1778 eriri)
1659 1721 1836 1800 περιστέψατα

1114 1802 1144 1859 τὸ
1169 1804 1314 1882 κραδιαῖοι,
1339 1805 1493 1884 ὑποδέχεται
1518 1807 1794 1868 Διόνυσον.--ό
1812 1808 1835 1865 δὲ

1115 1891 1167 1949 ἀπὸ
1189 1897 1234 1949 τοῦ
1259 1900 1342 1970 μηροῦ
1358 1899 1404 1952 τοῦ
1425 1895 1485 1961 Διὸς
1506 1895 1623 1973 πρόεισιν
1639 1898 1674 1963 εἰς
1690 1897 1783 1971 αὐτήν,
1796 1897 1836 1953 καί

1113 1978 1246 2058 προελθὼν
1270 1982 1314 2039 ἐπί
1336 1981 1366 2039 τὸ
1389 1983 1480 2053 νοητὸν
1505 1983 1587 2055 αὐτὴν
1612 1986 1706 2061 ἀνάγει
1727 1985 1771 2042 καί
1794 1987 1835 2053 τήν

1113 2069 1206 2124 ἑαυτοῦ
1227 2067 1325 2143 πηγήν
1350 2067 1481 2146 ἐπείγεται
1507 2069 1560 2150 γάρ
1586 2073 1651 2149 πρὸς
1673 2071 1725 2142 τήν
1755 2069 1833 2141 Ἴδην.

1114 2153 1162 2214 Διὸ
1176 2154 1221 2211 καί
1235 2155 1463 2231 συλλαμβάνεσθαι
1477 2161 1495 2228 ἡ
1507 2157 1592 2217 Ἵππα
1608 2157 1715 2234 λέγεται
1730 2159 1834 2216 τίκτοντι

1114 2245 1152 2319 τῷ
1168 2244 1222 2303 Διί.
1236 2245 1278 2301 Cf.
1291 2247 1321 2298 in
1333 2248 1406 2304 Tim.
1425 2244 1466 2303 III
1482 2267 1512 2321 p.
1532 2266 1589 2302 αοο
1605 2258 1675 2322 etp.
1692 2267 1758 2318 172.
1772 2250 1834 2303 Vide

1115 2334 1199 2386 etiam
1210 2333 1320 2408 Orphei
1331 2335 1476 2406 Hymnum
1486 2333 1597 2393 XLIX.
1607 2335 1691 2392 Adde
1705 2337 1835 2392 Lohechii

1114 2419 1255 2493 Aglaoph.
1273 2423 1331 2494 lp.
1348 2419 1427 2494 581.)

1393 2543 1497 2605 XLIV.

1117 2664 1218 2722 Κύκλου
1233 2664 1256 2721 τ’
1270 2664 1408 2742 άκαμάτου
1422 2663 1578 2746 καλλιρρόου
1591 2667 1737 2742 ὠκεανοῖο,

1114 2749 1141 2817 ὃς
1155 2761 1232 2827 γαῖαν
1247 2752 1331 2831 δίνῃσι
1343 2750 1416 2832 πέριξ
1431 2752 1487 2832 ἔχει
1503 2751 1666 2832 ἀμφιελίξας.

1156 2885 1293 2961 [Ensteth.
1312 2885 1349 2940 ad
1372 2885 1494 2957 Dionys.
1517 2885 1628 2956 Perieg.
1644 2902 1685 2938 νε.
1709 2903 1721 2938 1
1740 2902 1746 2938 :
1764 2877 1832 2939 Καθίι

1114 2971 1159 3029 καί
1174 2970 1287 3050 Ὀρφεύς
1299 2973 1324 3029 έν
1339 2973 1376 3050 τῷ
1390 2970 1451 3047 περί
1465 2969 1525 3036 Διὸς
1536 2969 1582 3027 καί
1597 2969 1686 3048 Ἥρας
1711 2967 1776 3048 φησί
1795 2966 1831 3025 λέ-

1113 3081 1176 3136 γων·
1191 3059 1285 3119 κύκλον
1300 3057 1438 3134 άκαμάτου
1453 3060 1512 3116 κτλ.
1537 3061 1571 3124 ὠς
1589 3062 1635 3114 τοῦ
1652 3059 1771 3114 ὠκεανοῦ
1792 3077 1833 3112 πε·

1115 3146 1275 3225 ριειληφότος
1304 3145 1352 3216 τήν
1373 3150 1431 3222 γῆν.
1456 3149 1547 3203 Aliter
1569 3147 1741 3202 scholiastes
1763 3161 1830 3202 ms.:

1114 3235 1158 3292 καί
1180 3234 1291 3314 Ὀρφεύς
1314 3236 1340 3292 έν
1364 3237 1401 3312 τῷ
1423 3233 1482 3311 περί
1505 3231 1565 3298 Διὸς
1581 3230 1626 3289 καί
1647 3231 1739 3310 Κόρης
1752 3230 1831 3309 φησίν·

1114 3322 1208 3381 κύκλον
1217 3325 1239 3378 τ’
1250 3321 1342 3380 ἀέναον
1356 3319 1511 3401 καλλιρρόου
1521 3319 1655 3392 ὠκεανοῖο,
1665 3322 1744 3396 γαῖαν
1755 3319 1831 3392 δίνησι

1115 3407 1175 3488 περί
1183 3432 1220 3468 νιν
1227 3409 1455 3487 ἔχειάμφιέλισσε.
1466 3411 1584 3466 Secutus
1591 3428 1654 3464 sum
1662 3411 1830 3466 Eustathiun

1115 3499 1217 3553 inserta
1232 3519 1261 3553 τε
1274 3495 1437 3572 particula.)

1278 3667 1295 3693 ,
1397 3615 1485 3678 κον.

1116 3741 1220 3801 Κύκλου
1235 3740 1258 3798 τ’
1274 3731 1309 3798 αῦ
1322 3739 1399 3810 λήξαι
1412 3739 1455 3796 καί
1472 3743 1634 3798 ἀναπνεῦσαι
1649 3736 1799 3805 κακότητος.

1154 3839 1280 3914 (Procius
1300 3840 1330 3892 in
1343 3839 1417 3894 Tim.
1434 3840 1456 3893 V
1476 3854 1544 3909 pag.
1566 3834 1623 3890 330
1635 3837 1661 3888 Α
1673 3845 1702 3889 et
1715 3835 1752 3902 Β,
1769 3849 1828 3904 pag.

1116 3927 1172 3982 802
1194 3925 1241 3982 ed.
1266 3923 1433 3982 Schneider.
1452 3943 1457 3977 :
1474 3920 1531 3979 Μία
1552 3919 1671 3997 σωτηρία
1686 3924 1734 3988 τῆς
1752 3921 1830 3996 ψυχῆς

1115 4011 1181 4082 αῦτη
1196 4007 1269 4088 παρίι
1278 4014 1323 4067 τοῦ
1337 4009 1495 4088 δημιουργοῦ
1507 4007 1672 4086 προτείνεται
1683 4010 1728 4063 τοῦ
1741 4004 1828 4062 κύκλου

1115 4105 1160 4171 τῆς
1169 4096 1293 4178 γενέσεως
1303 4095 1509 4155 άπαλλάττουσα
1520 4092 1621 4164 καὶτῆς
1631 4089 1830 4185 πολλῆςκπλάνης

1114 4188 1158 4245 καί
1173 4190 1218 4256 τῆς
1233 4185 1359 4256 ἀνηνύτου
1373 4187 1452 4256 ζωῆς,
1466 4187 1483 4254 ἡ
1495 4184 1560 4262 πρὸς
1571 4181 1600 4240 τδ
1614 4180 1701 4260 νοερὸν
1716 4182 1779 4245 είδος
1789 4183 1830 4247 τῆς

1115 4277 1199 4352 ψυχῆς
1221 4269 1356 4351 άναδρομή
1379 4270 1424 4329 καὶ
1445 4274 1461 4340 ή
1478 4269 1546 4350 φυγή
1561 4269 1668 4327 πάντων
1683 4272 1734 4326 τῶν
1748 4270 1777 4326 ἐκ
1789 4272 1830 4336 τῆς

568 4517 660 4576 XLII.
1055 4512 1211 4574 madidosque
1220 4514 1245 4562 et
1256 4511 1371 4560 odoratos
1383 4510 1494 4572 capillos,
1504 4522 1583 4573 neque
1593 4508 1654 4558 etbte
1664 4508 1770 4558 moleste

229 4621 323 4670 Primus
351 4621 448 4684 quidem
480 4621 632 4672 terrestribus
658 4620 796 4670 hominibus
816 4620 946 4682 imperabat
965 4622 1009 4669 se·
1055 4597 1727 4664 ⁸¹V¹¹0i⁰flfmoe⁸⁰¹¹00ffl11⁸fl0¹ib¹¹⁵⁰⁸⁸⁶00118120¹⁸11m2
1780 4606 1783 4610 ’

900 4707 1009 4771 ptumus,
1056 4689 1096 4741 εεθ
1108 4689 1171 4738 σίτου
1182 4689 1290 4750 tempore
1300 4687 1389 4737 hebere
1400 4685 1580 4748 pinguissirnarn
1588 4684 1719 4733 carentem.

227 4799 354 4847 eseturno
363 4797 445 4846 eutem
457 4798 528 4846 natus
540 4798 576 4846 eet
587 4810 671 4846 rursus
688 4811 729 4847 rex
741 4809 841 4858 magnus
853 4796 947 4857 Jupiter
963 4794 1010 4844 tate
1109 4864 1111 4868 Ι
1391 4775 1496 4836 XLIV.

902 4881 1008 4944 [sonans.
1055 4881 1193 4943 orbemque
1205 4879 1358 4943 tntrtigabitis
1367 4881 1391 4930 ct
1402 4879 1501 4942 pulchre
1510 4877 1607 4926 fluentis
1615 4875 1712 4934 οεεειιί,
1742 4872 1826 4936 [oritur.

1054 4969 1095 5032 qui
1108 4972 1194 5020 terrem
1205 4969 1337 5018 vorticibus
1350 4967 1473 5028 utrimque
1489 4965 1602 5028 agitatam
1613 4962 1718 5025 undique
1727 4959 1826 5022 comple·

566 4975 668 5036 XLIII.

228 5078 273 5129 sed
286 5082 415 5130 Saturnum
429 5078 513 5128 dirunt
524 5079 570 5128 snb
585 5082 645 5131 Jove
659 5079 771 5130 Saturnio

229 5170 368 5231 perpetuum
381 5172 451 5218 terere
466 5167 545 5218 herbae
556 5167 656 5218 nttorenr
666 5171 765 5216 nectum
778 5177 830 5216 esse

1399 5056 1487 5116 XLV.

1054 5161 1182 5213 Discedere
1191 5175 1273 5214 rursus
1282 5175 1312 5212 ex
1321 5163 1378 5214 orbe
1387 5163 1412 5212 et
1421 5156 1709 5223 reptrneantanttate.
