3708 5916
594 415 634 476 ut
663 396 829 480 κυεκοεε
853 419 1025 484 clausu.
1537 443 1594 497 ιω

17 571 23 602 ι
45 542 117 602 ποίλιν
133 545 177 614 τῆς
193 539 323 610 εὖσεδείας
348 541 524 620 οίποπίτοιμεν
546 544 591 604 καί
616 549 663 620 τῆς
685 547 766 621 οίλλης
810 552 932 631 διαδοχῆς
948 553 1220 634 οῦκῆρτηται,τοῦτο
1231 558 1362 641 ἐλεύθερον
1374 563 1593 634 τῆςᾶπ”ίκείνων
1636 611 1639 616 -

17 637 96 703 assit,
113 632 134 688 ti
148 629 250 709 τύχοιεν
273 631 367 690 luston
387 629 431 690 διὰ
454 632 600 712 μοχθηρίαν
614 635 712 714 τρόπου
727 635 765 714 μὴ
810 640 961 708 δεσποτείας
983 643 1089 723 ιἰρίησιν
1109 646 1124 703 ὁ
1146 645 1242 723 νόμος,
1257 645 1303 706 καί
1325 648 1370 708 τδν
1388 649 1468 718 ὄντως
1491 653 1594 732 πατέρα

17 721 89 804 pigri
101 719 179 785 δνιως
192 717 262 778 καλδι
274 720 500 798 παιδεγωγοῦντες
510 726 598 796 ἡμᾶςς
613 725 644 784 Ei
655 723 702 799 μὲν
714 723 765 804 γδρ
810 730 896 796 ζητεῖν
909 729 1133 808 παρακελεύεται,
1147 733 1267 792 κάκείνου
1279 735 1403 814 ίχεσθαι,
1414 737 1460 796 καί
1471 744 1517 811 τῆς
1529 741 1594 820 πρδς

16 820 60 872 ιῦτο
73 812 173 877 παντως
187 801 219 883 ἦν
233 809 326 883 οίληθίς
340 811 386 870 καί
400 810 490 885 καλόν,
504 812 519 872 δ
533 815 584 881 τοῖς
598 821 700 893 γονεῦσι
713 839 766 875 πα·
811 815 907 872 ἐκεῖνον
922 815 1069 890 ὁμοιώσεως
1082 817 1208 891 πλείστην
1219 821 1368 897 ίπιμίλειαν
1382 827 1521 886 ποιεῖσθαι.
1539 829 1593 888 Καὶ

17 925 104 974 στατο,
118 899 255 981 σύμφωνος
268 903 285 970 ἡ
300 905 354 960 τῶν
368 901 463 978 γονέων
479 901 544 976 τιμὴ
560 907 593 982 τῇ
607 907 658 962 τῶν
672 927 766 986 κριιτ-
809 901 891 970 οῦτως
904 904 1040 984 θμρότερα
1053 906 1178 968 δύνασθαι
1192 909 1389 986 συμῦαίνει,τοί
1400 937 1428 972 τε
1440 920 1496 974 θεῖα
1508 918 1593 995 ιίγαθδ

16 989 64 1046 ίνων
74 988 174 1065 ἐγίνετο.
188 989 223 1046 El
236 986 262 1044 δί
275 985 345 1046 ἔστιν
356 984 403 1070 ὅτε
408 990 460 1046 τῶν
473 989 547 1048 θείων
557 990 645 1063 νόμιον
657 989 766 1062 ἀνήκοός
811 991 934 1051 δύνασθαι
946 1003 1033 1072 τηρεῖν
1048 997 1092 1054 καὶ
1101 997 1135 1056 τίι
1150 997 1309 1075 ἀνθρώπινα.
1325 1000 1381 1060 Καὶ
1390 1001 1448 1061 οὔτε
1457 1005 1493 1062 ’δι’
1508 1005 1593 1077 οἴησιν

15 1101 54 1136 ιτιν
67 1081 83 1148 ἡ
96 1078 147 1134 τῶν
161 1073 256 1151 γονέων
272 1073 435 1156 προαίρεσις,
449 1073 476 1134 τί
489 1077 529 1134 δεῖ
542 1077 625 1135 ποιεῖν
643 1079 679 1144 είς
694 1081 766 1136 ἀντι·
811 1081 903 1159 ἀρετῆς
924 1081 1021 1158 γονέων
1041 1084 1179 1162 θεραπείας
1193 1085 1398 1165 ὀλιγωρήσομεν,
1411 1090 1469 1148 οὔτε
1483 1091 1526 1149 διδ
1545 1090 1593 1162 τὴν

15 1167 74 1240 μίαν
94 1162 256 1240 ἐμπεσόντας
275 1162 409 1235 τοιαύτην,
422 1161 441 1234 ἢ
455 1167 548 1232 τοῦτο,
565 1163 579 1222 δ
594 1163 639 1224 καί
654 1165 698 1222 ἐπί
713 1169 765 1225 τῶν
810 1167 919 1238 ἇνόητον
931 1167 1028 1236 ῦπειξιν
1038 1170 1069 1228 τὸ
1081 1169 1202 1249 μέγιστον
1216 1175 1267 1229 τῶν
1279 1179 1366 1232 κακῶν
1377 1175 1499 1235 εἰσέῦειαν
1513 1179 1594 1236 είσδε-

15 1253 70 1309 λλων
83 1248 247 1320 καθηκόντων
270 1249 300 1307 ix
312 1250 490 1328 περιστάσεως
503 1252 539 1318 είς
553 1252 703 1310 ἐναντίωσιν
723 1254 766 1312 ίλ·
811 1251 914 1328 Εόμεθα.
930 1257 962 1314 El
975 1257 1026 1335 γὰρ
1040 1257 1196 1335 προτείνειεν
1211 1260 1321 1317 θοίνατον
1344 1260 1381 1340 μὴ
1402 1264 1592 1340 πειθομένοιςῆ
1636 1273 1639 1280 ’

14 1339 79 1394 ίντων
93 1334 221 1415 προσήκει
238 1334 393 1414 puleiatum
410 1335 542 1404 Μειζόνων
565 1339 615 1417 γδιρ
628 1337 673 1396 καί
688 1341 766 1397 ἐλατ-
809 1341 906 1420 κλήρου
921 1344 1101 1422 ἀλλοτρίωσιν,
1113 1345 1186 1404 οὐδὲν
1199 1339 1365 1427 ίκροῦεῑσθαι
1387 1349 1427 1408 δεῖ
1441 1355 1491 1418 τοῖς
1509 1353 1593 1412 τοιού.

14 1423 64 1482 ίνων
77 1421 253 1504 προκειμένων
268 1424 357 1481 καλῶν
369 1421 402 1481 τδι
416 1424 521 1498 μείζονα
542 1424 593 1505 πρὸ
614 1427 664 1483 τῶν
685 1428 765 1484 lter·
809 1451 880 1501 τοις,
896 1431 955 1489 ἀλλ’
967 1422 996 1490 τύ
1015 1433 1110 1492 εἰδέναι
1125 1432 1150 1490 τί
1163 1433 1194 1492 τδ
1207 1439 1291 1494 ταῦτα
1311 1435 1476 1512 πεισόμενον,
1493 1439 1538 1498 καί
1553 1441 1593 1500 δτι

14 1513 64 1570 ίνων
78 1511 204 1570 ποιεῖσθαι
219 1511 275 1581 δεῖ,
292 1508 354 1568 ὅταν
367 1509 404 1587 μὴ
417 1511 551 1592 είμρότερα
566 1511 764 1582 ίξῇδιασώζειν.
810 1507 832 1597 ᾧ
856 1517 995 1593 ῖγίννησαν
1021 1522 1157 1580 ἀπειλοῦσι
1182 1521 1269 1602 μόνῳ·
1282 1521 1311 1581 εδ
1328 1521 1356 1581 δέ
1380 1525 1477 1593 ἀπαθές
1494 1528 1593 1587 τούτοιν

13 1589 50 1657 lior
63 1599 136 1657 καλὸν
153 1599 201 1674 μέν
220 1601 259 1676 τῷ
273 1599 322 1678 θεῷ
343 1598 494 1670 πείθεσθαι,
509 1599 588 1658 καλὸν
603 1599 631 1657 dl
653 1599 766 1668 καὶτοῖς
810 1602 941 1686 ἐλεύθερον
963 1607 1090 1686 προσήκει
1112 1610 1199 1688 τηρεῖν
1224 1608 1269 1668 καί
1296 1611 1368 1691 μόνῳ
1396 1616 1446 1672 θεῶ
1468 1615 1591 1683 εὐπειθές.

13 1693 93 1746 ονεῦσι.
111 1688 142 1745 Et
165 1691 227 1762 γοῦν
242 1688 269 1752 ές
283 1683 367 1744 rubris
382 1686 440 1762 οίγοι
462 1692 480 1758 ἡ
495 1686 649 1768 ἀμφοτέρων
663 1686 765 1766 πειθώ,
809 1689 884 1764 Τεμὴ
906 1683 950 1750 oda
966 1693 1092 1770 γονίωνὴ
1112 1693 1209 1768 ὄντως,
1225 1695 1258 1769 ἢν
1279 1697 1383 1756 δίδωσιν
1398 1702 1412 1758 δ
1431 1671 1478 1772 Ιτῆς
1500 1705 1593 1782 (ίρετῆς

13 1796 89 1854 ρμαιον
104 1771 133 1830 διν
148 1771 190 1843 εἴη
205 1771 252 1832 καί
267 1772 373 1852 ἄμαχον
394 1773 425 1832 τὸ
446 1774 587 1850 γινόμενον·
609 1779 632 1834 εἰ
653 1774 680 1833 δέ
702 1775 766 1855 πρὸς
809 1778 918 1854 σκοπός,
935 1779 1001 1853 μήτε
1016 1781 1146 1856 σωμιίτων
1160 1781 1323 1861 φειδομένως
1345 1789 1415 1858 ἡμᾶς
1434 1787 1501 1861 μήτε
1521 1811 1587 1868 χρη·

12 1861 52 1918 tto
64 1861 106 1934 μέν
118 1863 131 1917 δ
145 1861 210 1926 θεῖος
223 1859 317 1938 νόμος,
329 1860 392 1938 πρδς
406 1860 472 1919 ἄλλο
486 1861 512 1918 δί
527 1863 551 1919 ol
564 1867 645 1937 γονεῖς
654 1859 764 1942 φέροιεν,
810 1856 910 1933 μάτων,
923 1857 981 1916 ἀλλ’
996 1859 1101 1926 ἑκόντας
1115 1862 1207 1940 αὐτοῖς
1216 1863 1392 1941 ὑποτετάχθαι
1407 1867 1444 1930 εἰς
1458 1865 1545 1924 πάντα
1558 1867 1592 1925 εδ

12 1948 132 2024 ιοχομὲνης
146 1953 192 2018 τῆς
214 1947 353 2028 αἱρέσεως,
366 1951 419 2016 τοῖς
439 1947 571 2026 ἀμείνοσιν
585 1947 693 2008 ἔπεσθαι
707 1949 762 2025 δεῖ,
808 1949 926 2003 τοιαῦτα.
939 1944 1099 2025 Πρίπειγδρ
1109 1946 1176 2018 μήτε
1186 1947 1234 2020 την
1244 1947 1277 2006 δι’
1287 1949 1442 2030 αὐτουργίας
1453 1953 1592 2031 θεραπείαν

12 2036 50 2114 :pir
66 2041 142 2093 ταῦτα
158 2035 237 2112 μόνον
262 2038 431 2102 ἀπειθοῦντας
456 2044 508 2104 τοῖς
528 2042 648 2115 γονεῦσι,
662 2035 764 2114 aptet
809 2031 853 2090 tal
876 2033 972 2110 γονέων
1003 2041 1203 2114 παραιτεῖσθαι,
1220 2037 1418 2114 ίνευσχημονεῖν
1441 2037 1468 2098 δέ
1491 2042 1592 2116 μᾶλλον

11 2121 173 2189 ιείαίποίτυῖς
187 2121 265 2190 θείοις
278 2122 367 2198 νόμοις
381 2124 411 2182 οὔ
426 2121 567 2183 πείθονται.
582 2125 636 2184 Τὸν
649 2125 699 2203 γδρ
733 2146 764 2181 υ·
810 2119 875 2198 οὔτῇ
882 2161 890 2188 ,
903 2119 957 2198 όσῳ
977 2119 1008 2177 δν
1023 2123 1122 2196 μᾶλλον
1137 2121 1259 2198 ἐπίπονος
1271 2121 1379 2200 γένηται
1391 2125 1436 2183 καί
1450 2127 1592 2206 δουλοπρε-

11 2209 85 2270 ,ίττειν
100 2210 254 2289 βουλόμενον
271 2211 330 2278 τοῦς
349 2214 396 2282 τῆς
410 2213 504 2292 ἂρετῆς
523 2211 633 2278 κανόνας
648 2215 697 2290 οὐχ
710 2145 764 2270 ills
808 2206 876 2278 πήτ,
893 2206 960 2284 μήτε
980 2208 1069 2275 οὐσίας
1092 2209 1282 2287 δαπανωμένης
1303 2211 1442 2292 φειδωλοὺς
1462 2216 1591 2293 γίνεσθαι,

11 2319 23 2354 τε
41 2299 85 2364 τοῖς
98 2298 198 2364 τούτους
218 2297 413 2378 παραῦαίνοοσι
437 2307 596 2380 συμφωνεῖν.
622 2301 668 2365 Ele
682 2295 709 2356 δί
731 2296 764 2358 τί
809 2294 876 2354 ύλλδι
889 2294 974 2354 πάντα
988 2295 1054 2374 πρδς
1065 2295 1114 2369 την
1126 2296 1230 2358 ἐκείνων
1243 2297 1334 2377 χρείαν
1348 2299 1459 2376 ἑτοίμως
1472 2299 1591 2380 περίχε-

10 2385 56 2442 ίλλα
63 2386 143 2445 πάντα
151 2384 242 2463 γονέας
252 2385 398 2462 τιμήσομεν
409 2387 633 2465 ύπερῦαλλόντιος,
644 2385 764 2463 σώματος
809 2387 884 2454 σθαι,
900 2383 1041 2461 γεγηθότες
1062 2383 1108 2442 καί
1127 2385 1269 2461 ἡδομένους
1284 2385 1327 2444 ἐπί
1349 2394 1401 2452 τοῖς
1423 2390 1457 2454 εἰς
1480 2389 1593 2457 ἐκείνους

10 2473 122 2552 ιπηρειίαν
137 2475 180 2532 καί
196 2474 346 2552 χρημάτων
358 2473 486 2552 χορηγίαν
503 2476 589 2540 αὐτοῖς
605 2472 764 2553 παρέχοντες
808 2470 896 2537 πόνοις
909 2494 938 2528 τε
957 2471 1002 2530 καί
1023 2470 1188 2546 ἀναλώμασι.
1205 2470 1242 2530 Τίι
1262 2473 1314 2550 γδιρ
1329 2471 1489 2553 εὖχαρίστως
1507 2478 1591 2532 ταῦτα

10 2561 32 2618 ln
49 2563 152 2634 μάλιστα
165 2561 378 2642 προθυμοτάτην.
395 2562 503 2620 Δίκαιον
517 2562 568 2641 γδρ
581 2567 695 2641 χρῆσθαι
718 2563 764 2619 αθ·
807 2567 889 2618 ποιεῖν
903 2557 949 2618 καί
960 2558 1003 2616 τδν
1017 2561 1064 2628 τῆς
1075 2560 1167 2636 εἰρειῆς
1189 2559 1309 2627 διασώζει
1331 2559 1408 2634 νόμον
1423 2563 1468 2618 καί
1488 2560 1532 2620 τὸν
1546 2565 1593 2629 τῆς

9 2639 85 2714 alceir
96 2649 229 2726 ἐγέννησέν
239 2672 271 2707 τε
281 2647 537 2730 καίίθρεψαν.“οδθ
548 2655 593 2721 τῆς
603 2647 649 2706 ἀπ’
658 2646 763 2708 ἐκείνοιν
807 2647 908 2727 φύσεως
923 2647 1079 2706 ἀποδίδωσιν
1095 2645 1196 2728 ἔρανον.
1211 2645 1326 2718 Τοιαύτη
1340 2645 1388 2723 μέν
1401 2651 1418 2718 ἡ
1432 2651 1484 2705 τῶν
1496 2647 1591 2726 γονέων

9 2854 80 2897 tutem
101 2845 125 2898 in
146 2844 280 2899 omnibus
300 2864 411 2900 morena
433 2863 563 2920 geramus
578 2847 763 2920 parentibus,
808 2857 877 2902 runt
901 2857 986 2919 atque
1009 2845 1150 2902 aluerunt.
1167 2843 1252 2916 Quod
1270 2855 1365 2900 autem
1382 2845 1488 2902 subolis
1504 2863 1538 2901 ex
1557 2844 1593 2901 iis

8 2934 43 3002 qul
56 2950 142 2986 rursus
152 2933 262 3006 pietate
276 2933 391 3006 allisque
401 2932 556 2988 virtutibus
570 2953 629 2988 non
646 2935 764 2990 excida-
810 2945 878 2990 ortae
898 2953 958 2990 non
980 2943 1034 3002 est,
1048 2933 1078 2987 id
1104 2951 1120 2988 ε
1145 2931 1276 2986 dominio
1303 2950 1402 2988 eorum
1422 2933 1523 2990 liberat
1546 2933 1592 2988 lex

8 3035 68 3087 tuus,
82 3019 182 3076 silente
199 3021 240 3074 illi
257 3029 376 3094 propter
388 3038 502 3074 morum
513 3022 698 3094 pravitatem,
711 3039 764 3076 nos
806 3022 945 3094 jubetque
955 3039 1056 3078 rerum
1066 3030 1177 3093 patrem
1194 3037 1320 3092 quaerere
1333 3021 1417 3093 cique
1428 3021 1588 3088 adherere,

8 3103 34 3158 ad
50 3123 94 3172 ea,
115 3125 173 3178 quae
194 3126 261 3164 rere
282 3107 400 3163 honesta
418 3117 496 3178 sunt,
518 3127 578 3162 non
601 3109 764 3166 instituant?
809 3121 894 3183 atque
909 3109 947 3164 ad
957 3108 1017 3180 ejus
1026 3108 1238 3164 similitudinem
1249 3125 1278 3162 se
1286 3125 1371 3180 quarn
1382 3108 1591 3163 accuratissime

8 3193 62 3247 llam
73 3196 92 3247 si
104 3193 130 3247 id
144 3193 259 3270 quidem
273 3195 391 3250 omuino
404 3213 503 3250 verum
516 3205 603 3269 atque
614 3195 763 3250 honestum
809 3215 992 3272 componere.
1012 3200 1106 3270 'Atque
1127 3196 1165 3252 ita
1178 3194 1225 3264 fit,
1240 3206 1271 3250 ut
1292 3205 1411 3267 utraque
1433 3196 1587 3268 possimus,

8 3282 159 3352 rset‚qu0d
172 3281 508 3356 parentibusrideretur,
522 3283 616 3338 honor
630 3283 669 3337 eis
682 3283 765 3338 babi—
809 3295 870 3340 tum
894 3283 991 3339 divina
1012 3283 1107 3356 bona,
1129 3294 1188 3339 tum
1212 3283 1333 3338 humana
1357 3299 1539 3351 conservare,
1563 3292 1594 3337 et

9 3375 43 3420 tus
60 3386 114 3422 cum
129 3368 176 3424 illo
192 3371 381 3439 consentiret,
396 3388 454 3442 quo
475 3372 571 3444 superi
592 3369 764 3426 alliciuntur.
809 3389 901 3444 neque
915 3371 1028 3426 virtutis
1042 3381 1180 3444 praetextu
1195 3370 1405 3424 observantiam
1423 3368 1592 3443 parentibus

10 3453 47 3506 Sin
61 3467 144 3512 autem
158 3458 258 3514 divinis
271 3458 382 3532 legibus
393 3469 533 3533 repugnat
544 3459 698 3531 aliquando
714 3479 765 3533 pa·
809 3456 935 3513 debitam
949 3459 1141 3532 negligamus,
1160 3475 1254 3528 neque
1268 3457 1356 3510 stulto.
1367 3473 1432 3529 erga
1448 3473 1496 3510 eos
1508 3455 1592 3510 obse-

9 3551 99 3596 reulum
112 3544 250 3612 voluntas,
264 3544 337 3616 quid
349 3544 425 3600 aliud
440 3565 492 3600 nos
506 3546 598 3604 iacere
618 3547 764 3624 debemus,
809 3545 877 3616 quio
892 3545 1065 3618 impietatem
1079 3543 1275 3610 admittamus,
1291 3540 1371 3615 q¹¹⁰d
1386 3543 1589 3596 ffitfflflximum

9 3647 80 3698 quum
108 3633 135 3686 iu
167 3632 306 3704 ejusmodi
329 3634 423 3708 legum
448 3652 573 3708 pugnant
598 3637 764 3710 incidimus,
809 3630 960 3688 malorum.
987 3632 1024 3686 Si·
1040 3631 1113 3686 euim
1138 3630 1179 3684 illi
1199 3629 1283 3684 nobis
1307 3648 1366 3684 non
1392 3628 1592 3684 obedientibus

9 3731 77 3786 qiam
87 3719 161 3790 quod
171 3721 199 3773 iu
210 3721 271 3774 aliis
283 3721 369 3774 etiam
382 3717 499 3789 officiis,
511 3721 626 3794 quaudo
639 3741 704 3778 casu
714 3725 766 3780 ali·
809 3731 930 3775 mortem
945 3720 989 3776 rel
1008 3719 1256 3775 exheredationem
1270 3719 1423 3785 minentur,
1441 3717 1511 3771 nihil
1533 3718 1593 3773 istis

11 3819 57 3872 quo
75 3806 140 3859 inter
159 3825 187 3861 se
205 3816 351 3880 pugnant,
368 3805 513 3862 observari
529 3812 662 3883 oportet?
681 3812 766 3866 Bonis
809 3827 862 3861 uos
875 3807 999 3862 territari
1015 3805 1165 3878 debemus,
1175 3805 1225 3859 sed
1240 3806 1295 3859 rite
1308 3802 1507 3874 considerare,
1520 3802 1591 3876 quid

11 3894 70 3946 enim
93 3896 241 3969 majoribus
262 3898 479 3970 minoribusque
502 3899 585 3956 simul
613 3903 767 3976 propositis
810 3896 846 3949 sit
859 3893 939 3967 quod
952 3893 1000 3952 illa
1014 3895 1138 3967 patiebar
1160 3911 1264 3965 eosque
1278 3892 1319 3945 illi
1336 3900 1443 3946 tautum
1466 3891 1592 3945 minitari

11 3979 99 4050 majora
117 3985 271 4040 minoribus
285 3995 351 4040 suut
363 3984 561 4054 anteferenda,
577 4006 665 4060 quum
681 4000 766 4044 utra·
811 3981 891 4055 quod
913 3992 1089 4057 genuerunt,
1115 3979 1145 4036 id
1161 3993 1254 4037 autem
1274 3979 1353 4053 quod
1375 3979 1434 4034 baec
1453 3982 1513 4053 pati
1533 4000 1593 4036 non

12 4082 55 4138 qne
68 4089 222 4129 conservare
238 4093 300 4129 non
314 4091 473 4147 possumus.
489 4073 575 4129 Verbi
588 4077 694 4149 gratia,
712 4077 766 4131 bo·
809 4079 915 4144 potest,
926 4070 1047 4126 liberum
1061 4070 1167 4124 servari
1182 4079 1295 4142 oportet
1307 4071 1426 4140 Deoque
1439 4068 1494 4122 soli
1507 4069 1593 4122 mori·

11 4169 64 4212 utun
75 4169 111 4212 est
124 4161 182 4214 Deo
196 4160 331 4228 obedire;
346 4161 456 4216 bonum
473 4177 541 4217 vero
554 4173 580 4217 et
589 4165 764 4236 parentibus.
810 4178 919 4233 gerum.
935 4161 1022 4214 Verus
1035 4159 1122 4232 igitur
1132 4168 1278 4231 parentum
1294 4157 1387 4211 honor
1401 4157 1424 4210 is
1440 4165 1495 4229 est,
1506 4174 1592 4230 quem

11 4239 34 4292 Si
45 4243 118 4314 igitur
130 4247 226 4302 eodem
240 4248 326 4304 ducat
339 4249 465 4321 utrisque
477 4249 575 4305 debita
590 4249 763 4320 obedientia,
809 4248 945 4320 permittit
958 4248 1069 4300 virnrtis
1080 4265 1199 4321 scopus,
1216 4255 1248 4299 ut
1262 4263 1315 4300 nec
1337 4244 1508 4318 corporibus
1535 4263 1590 4300 no-

12 4325 102 4384 lucmm
112 4351 174 4388 sane
183 4336 331 4408 contigerit
343 4335 523 4408 inopinatum
533 4354 585 4391 nec
601 4347 765 4392 controver-
810 4335 873 4389 stris
887 4353 939 4389 uec
958 4336 1085 4408 pecuniae
1096 4351 1261 4408 parcamus,
1285 4332 1334 4388 scd
1359 4332 1480 4387 libenter
1503 4333 1537 4388 iis
1564 4333 1593 4388 iu

13 4428 71 4482 suun
85 4417 224 4484 sinautem
239 4421 275 4476 ad
290 4420 368 4477 aliud
383 4440 436 4476 uos
455 4421 550 4479 divina
564 4425 625 4494 lex,
641 4424 678 4480 ad
690 4424 767 4480 aliud
811 4419 950 4492 ejusmodi
966 4421 1050 4476 rebus
1066 4421 1198 4476 omnibus
1222 4420 1397 4476 obediamus.
1415 4419 1503 4476 Decet
1518 4420 1592 4474 enim

13 4513 122 4570 parentes
144 4507 268 4578 trabant,
288 4507 376 4564 dubia
396 4510 534 4565 electione
557 4512 625 4580 visa,
649 4512 767 4567 meliora
811 4527 863 4562 nos
885 4527 975 4582 neque
998 4510 1127 4565 manibus
1142 4510 1247 4564 nostris
1265 4507 1398 4562 obeunda
1412 4507 1442 4562 in
1463 4517 1595 4578 parentes

14 4604 54 4642 uos
67 4595 138 4663 sequi
153 4606 282 4668 oportet,
308 4597 338 4652 iu
358 4597 391 4652 iis
411 4598 504 4652 solum
523 4617 582 4652 non
603 4599 768 4654 obedientes
812 4595 905 4652 ollicia
917 4598 1147 4668 detrectare,sed
1159 4598 1207 4652 illa
1220 4616 1255 4668 eo
1267 4597 1355 4670 magis
1365 4593 1462 4650 decori
1476 4590 1593 4660 ducere,

13 4679 168 4750 parentibus,
180 4683 209 4736 iu
220 4685 324 4756 quibus
335 4685 389 4758 ipsi
401 4684 503 4740 (livinis
512 4685 622 4760 legibus
634 4705 692 4742 uon
703 4687 768 4742 obe·
812 4703 871 4758 quo
885 4687 972 4759 magis
984 4686 1101 4740 molesta
1112 4696 1177 4740 sunt
1190 4695 1217 4739 et
1231 4685 1340 4738 servilia
1352 4721 1360 4750 ,
1372 4697 1464 4753 neque
1476 4677 1592 4733 faculta-

15 4758 89 4816 diuut.
115 4767 185 4822 Fieri
198 4769 274 4824 euim
299 4789 357 4824 non
375 4780 530 4844 potest,ut
544 4771 567 4826 is
590 4773 639 4846 qui
659 4773 769 4828 virtutis
813 4781 873 4827 tum
886 4773 990 4828 sumtui
1005 4771 1205 4848 parcere,sed
1224 4771 1321 4826 omnia
1343 4778 1456 4841 promte
1473 4766 1502 4818 in
1524 4763 1593 4818 illo-

15 4851 103 4921 regulas
116 4849 262 4912 observare
275 4857 351 4926 vult,
368 4877 432 4913 cum
449 4858 504 4914 illis
525 4861 698 4931 consentiat,
719 4861 768 4934 qui
812 4877 874 4912 rum
887 4877 968 4913 usum
984 4859 1126 4928 conferre,
1139 4858 1294 4934 gaudentes
1308 4855 1500 4923 laetantesque
1511 4849 1592 4904 labo-

16 4951 52 4988 εει
68 4939 173 4996 violant.
198 4946 231 4998 In
261 4945 367 4999 caeteris
389 4963 457 4998 vero
484 4947 614 5002 omnibus
639 4959 769 5022 parentes
813 4948 892 5002 ribus
911 4967 942 5003 ac
963 4948 1103 5002 sumtibus
1115 4947 1142 5000 iu
1162 4964 1262 5000 eorum
1280 4940 1431 4998 commoda
1448 4939 1592 5011 impensis.

15 5038 107 5078 summo
119 5026 224 5086 bonore
239 5048 453 5104 prosequemur,
469 5036 599 5107 corporis
613 5035 768 5090 ministerio
815 5035 870 5106 Qui
891 5036 964 5090 enim
983 5035 1044 5090 baec
1057 5045 1137 5108 grato
1151 5035 1247 5088 animo
1266 5040 1394 5106 praestat,
1417 5029 1440 5082 is
1466 5036 1525 5079 tum
1538 5028 1594 5080 vir-

16 5119 39 5163 et
49 5111 199 5172 lacultatum
217 5129 311 5173 sumtu
322 5119 356 5173 iis
370 5137 455 5191 quam
473 5123 660 5196 promtissime
676 5123 770 5178 deser·
816 5123 883 5177 tutis
898 5123 986 5198 legem
1010 5122 1155 5192 observat,
1172 5130 1232 5174 tum
1251 5129 1359 5173 naturae
1384 5114 1509 5170 debitam
1527 5129 1595 5186 gra-

16 5197 240 5278 rientes.AEquum
255 5206 331 5260 enim
346 5215 387 5261 εει
397 5223 446 5260 eos
457 5207 511 5263 illis
521 5210 562 5263 uti
577 5227 650 5284 quos
665 5227 770 5282 genue-
817 5209 884 5264 tiam
907 5209 1005 5266 refert.
1033 5206 1201 5280 Hujusmodi
1233 5207 1319 5282 igitur
1348 5215 1390 5260 est
1411 5203 1519 5269 honor,
1544 5201 1595 5274 qui
