3838 5926
485 419 524 480 ΙΝ
551 417 797 480 uurtnoctts
818 417 1031 480 ctnntrtun
1052 419 1276 493 nnttottttts.
1645 428 1679 482 at

78 545 185 626 δένδρα.
205 547 381 626 παραπλησία
404 547 455 626 γὰρ
480 551 533 607 τῶν
557 549 717 626 σπερμάτων
744 555 761 621 ή
786 548 861 627 φύσις
907 570 927 627 p
946 570 996 607 tot
1014 549 1194 626 Schellenb.]
1210 550 1306 624 ὁμοίως
1318 547 1361 607 τὸν
1375 547 1486 627 ΙΆρατον
1505 549 1548 609 ε’πλ
1559 555 1603 608 τοῦ
1617 552 1683 612 Xu-

77 641 131 701 τοῖς
145 637 219 702 ὧοῑς.
239 635 311 707 πλήν
326 637 376 696 ἔδει
387 635 448 714 περί
462 637 567 695 πάντων
581 638 690 714 (intell.
704 641 810 718 φυτῶν)
826 639 861 695 el·
906 637 961 712 ρίου
973 637 1082 716 λέγοντα
1098 639 1106 719 l
1123 638 1272 696 Phaenom.
1289 657 1331 696 vs.
1347 637 1424 715 335)

77 721 351 824 πεῑν,καίμήμο’νον
365 724 550 828 τῶνδέγδρων.
564 724 624 783 Pro
635 724 723 828 έλαίας
734 724 862 798 Scaliger
945 765 1035 824 χαρτὰ
1048 765 1095 840 μὲν
1111 765 1222 846 ,ργωσεν
1254 770 1306 825 τῶν
1319 768 1346 824 δὲ
1360 764 1627 844 mmmmm

76 811 155 866 male
174 824 303 888 conjecit
325 810 425 882 ἐλαίης.
446 811 635 889 (.omparasse
658 811 859 889 Empedoclem
1233 812 1240 839 ’
1632 811 1640 842 ’

76 896 218 954 arborum
246 897 349 956 baccas
373 918 437 956 curn
467 899 555 957 olivis
577 918 614 956 ex
639 899 803 958 Aristotelis
833 909 861 955 et
904 894 952 968 τὴν
967 895 1123 975 χλωρότητα
1134 895 1179 954 καὶ
1191 896 1221 954 τὸ
1234 897 1309 962 ἄνθος
1319 899 1369 954 τῶν
1384 898 1493 973 καρπῶν
1508 895 1586 973 φλόον
1597 919 1679 975 προσ-

76 981 276 1060 Theophrasti
298 985 397 1044 verbis
412 985 599 1062 intelliffl'tur‚
617 986 725 1063 quibus
736 985 860 1063 jungeri·
905 983 1051 1061 αγορεύειν·
1068 974 1132 1040 εἶναι
1145 981 1172 1040 ἀί
1185 982 1230 1040 καλ
1244 988 1295 1042 τῶν
1308 982 1444 1052 Ἑλλήνων
1464 980 1535 1049 τινας
1545 981 1571 1040 ol
1586 984 1679 1064 Φλοίῳ

75 1069 132 1126 dus
143 1069 329 1148 Philoponus
340 1072 371 1129 in
386 1073 549 1131 Aristotelis
559 1074 580 1132 l.
594 1093 620 1136 c.
635 1075 675 1130 ita
685 1085 860 1130 commenta·
904 1071 1024 1150 Διονύσῳ
1037 1070 1153 1132 θύουσιν.
1168 1070 1227 1128 έπεὶ
1241 1071 1327 1128 τοίνυν
1343 1071 1460 1145 μάλιστα
1473 1071 1524 1127 τῶν
1531 1073 1644 1148 Ικαρπῶν
1659 1075 1680 1142 Ιἡ

75 1168 124 1214 tus
140 1177 149 1215 τ
166 1156 240 1233 λέγει
254 1156 282 1216 δί
298 1158 380 1237 μικρά
392 1158 499 1238 δένδρεα
513 1159 558 1218 καλ
573 1159 663 1228 ἐλαίας
675 1160 721 1227 τὰς
737 1157 854 1238 πυρένας,
904 1159 1040 1239 χλωρότης
1061 1161 1107 1218 καὶ
1129 1159 1159 1218 τὸ
1186 1161 1324 1231 τεθηλέναι
1347 1162 1385 1236 τῷ
1412 1157 1489 1236 μήλῳ
1514 1157 1679 1236 παραμένει,

73 1233 114 1298 ὧν
129 1242 159 1300 τὸ
173 1243 350 1322 περικάρπιον
359 1247 489 1322 ἐσθίομεν.
500 1245 557 1303 ἀντὶ
566 1237 611 1303 οὖν
625 1254 670 1306 τοῦ
680 1249 778 1318 εἰπεῖν,
791 1245 860 1306 οὕτω
904 1246 1060 1326 ὑπέρφλοιον
1077 1247 1141 1304 οὔτὸ
1157 1247 1202 1306 τὸν
1224 1246 1363 1328 φιλόσοφον
1388 1251 1606 1324 προσαγορεῦσαι.
1625 1247 1682 1322 Αρ-

73 1328 110 1386 τά
125 1329 237 1410 δένδρεα
253 1333 281 1387 al
294 1333 382 1390 έλαῑαι
393 1335 515 1410 γεννῶσιν
532 1333 637 1410 έλαίας,
650 1325 723 1393 driu
737 1337 770 1415 τῇ
783 1339 818 1414 γῇ
833 1337 860 1392 al
905 1349 986 1412 paret
1013 1355 1051 1402 ert
1070 1335 1116 1393 his
1142 1335 1289 1394 Plutarchi
1305 1333 1403 1392 verbis
1425 1332 1627 1410 Empedoclem
1644 1352 1680 1390 eo

73 1415 187 1494 trophet
209 1420 367 1496 σπαρεῖσαι,
388 1423 493 1499 πρῶτον
517 1419 564 1496 μίν
584 1420 699 1495 γίνονται
723 1421 749 1488 ἐξ
774 1424 859 1480 αὐτῶν
905 1422 1079 1494 loco,uude
1093 1440 1195 1480 versus
1206 1421 1313 1499 petitus
1326 1433 1385 1493 est,
1401 1421 1437 1479 de
1451 1421 1532 1478 varia
1540 1419 1679 1479 arborum
1776 1462 1785 1480 .

71 1503 160 1582 μικρά
175 1505 291 1583 δένδρα,
307 1500 354 1564 εἶθ’
367 1505 448 1572 οὕτως
464 1509 561 1581 έλαῖαι,
576 1498 657 1582 εἶπεν,
672 1507 740 1567 οὕτω
751 1510 774 1567 δ’
783 1510 861 1568 ῶοτο·
904 1509 1083 1584 quarundam
1093 1521 1194 1566 natura
1201 1508 1385 1568 disseruisse.
1398 1505 1465 1579 Σίδη
1474 1506 1585 1584 duplici
1593 1525 1680 1566 sensu

71 1599 127 1652 κεῖ.
145 1591 262 1673 διάγδιρ
278 1584 773 1672 τδείναιτδῶδν,οὖτδὺπηνέμιον,
790 1594 859 1655 ἀλλά
903 1593 1021 1668 dicitur,
1035 1607 1067 1652 ut
1081 1614 1139 1653 non
1161 1595 1247 1652 modo
1258 1601 1363 1670 punica
1377 1597 1467 1650 matus
1481 1597 1517 1651 sit
1530 1593 1680 1670 ipsamque
1805 1666 1817 1674 -

69 1679 102 1737 τὸ
121 1678 149 1746 ίξ
161 1679 378 1758 ὀχείαςγεγονός,
389 1680 499 1762 κύημα,
510 1672 613 1741 elvardi
625 1684 669 1741 καὶ
681 1683 795 1756 έκέστην
807 1688 858 1744 τῶν
903 1680 1036 1739 arborem
1050 1681 1196 1756 designet,
1211 1681 1356 1739 sedetiam
1370 1685 1475 1738 malum
1487 1687 1629 1756 punicum,
1647 1681 1679 1738 id

68 1770 194 1844 πυρινῶν
208 1767 318 1844 κύημα,
335 1772 419 1848 τροπῇ
434 1769 602 1848 χρησάμενος
617 1776 653 1838 ὡς
668 1773 794 1844 ποιητής,
815 1771 858 1830 ιί-
902 1779 945 1824 est
960 1768 1082 1824 fructum
1107 1767 1260 1842 significet.
1277 1765 1370 1842 Vulgo
1385 1766 1432 1846 ρσιί
1445 1767 1490 1824 vel
1507 1765 1564 1846 ῥοιά
1578 1767 1678 1824 eadem
1711 1813 1714 1820 .

67 1875 140 1929 ρηιιε
158 1853 209 1919 τὰς
221 1856 331 1928 ἐλαίας,
347 1855 414 1914 οὖτά
426 1878 496 1935 φημι
511 1857 544 1914 τὰ
558 1857 609 1930 ἤδη
621 1870 795 1939 καρποφορεῖν
810 1862 856 1917 δυ-
902 1865 1041 1930 potestate
1064 1854 1210 1912 dicuntur.
1237 1853 1338 1912 Serius
1363 1868 1457 1912 autem
1484 1866 1677 1914 maturescere

67 1939 179 2015 νάμενα
191 1941 301 2020 δένδρα,
312 1943 414 2020 ὄρνιθας
424 1944 597 2016 ῶοτοκούσας,
612 1945 750 2014 τικτούσας
759 1944 788 2006 δέ
799 1945 858 2024 οὖχλ
902 1949 949 2016 τάς
968 1951 1041 2018 σίδας
1057 1971 1146 2028 quum
1162 1950 1256 2008 allatis
1271 1950 1435 2008 rationibus
1451 1950 1551 2008 doceat
1565 1950 1680 2010 Plutar-

67 2025 132 2095 ὠά,
149 2025 223 2084 ἀλλά
237 2027 338 2094 ἐλαίας.
349 2029 440 2110 δένδρα
454 2029 481 2088 δέ
493 2031 574 2109 μικρά
584 2031 706 2092 ἀκοῶισεν
716 2033 804 2105 αιἰτείς,
818 2033 858 2092 δτι
902 2037 984 2110 chus,
993 2052 1053 2097 tum
1065 2037 1367 2116 optimeEmpedoolei
1377 2036 1512 2096 vocabuli
1523 2037 1677 2118 ὑπέρφλοιον

68 2112 187 2188 δυνάμει
201 2113 297 2194 δένδρα
312 2115 390 2176 εἰσίν.
410 2116 499 2197 ὥσπερ
513 2119 556 2192 δέ,
568 2119 646 2197 φησίν
664 2118 858 2201 [δἈριστοτέ-
903 2125 962 2181 rim
984 2138 1013 2182 et
1028 2127 1174 2183 notionem
1190 2125 1405 2200 interpretatur.
1420 2123 1519 2200 Neque
1530 2124 1607 2182 enim
1628 2143 1678 2183 au·

69 2198 156 2279 ληςή,
174 2199 257 2279 μέρος
271 2201 320 2278 μέν
334 2227 361 2262 τι
374 2208 419 2262 τοῦ
431 2205 484 2262 ὠοῦ
498 2205 597 2283 γίνεται
610 2205 729 2283 νεοττός,
743 2205 858 2286 μέροςδέ
903 2210 1027 2271 diendus
1041 2213 1092 2287 qui
1106 2211 1214 2270 ibidem
1231 2224 1407 2270 memoratur
1427 2210 1578 2289 Lutnprias
1599 2212 1679 2292 ὑπέρ-

68 2289 347 2361 τιιιιιτιιιλιιιῖιιῖιιιιιι
368 2293 404 2357 tlt
418 2291 517 2370 τροφὴν
535 2295 581 2350 τοῦ
600 2292 800 2370 umidam
813 2292 858 2352 ιιιιί
903 2301 1020 2372 φλοιοςε
1039 2298 1127 2379 φλοιός
1141 2313 1237 2356 cortex
1255 2296 1419 2356 ducendum
1442 2316 1505 2356 esse
1527 2299 1675 2374 opinatus.

70 2373 119 2430 ε’πὶ
138 2377 195 2432 τῶν
210 2379 321 2453 καρπῶν
336 2376 414 2457 μέρος
429 2378 477 2455 μέν
491 2401 517 2437 τι
528 2380 627 2457 γίνεται
643 2381 763 2460 βλάστη,
782 2381 857 2460 μέρος
904 2385 979 2461 Ergo
993 2385 1149 2444 Plutarcho
1159 2386 1315 2463 interprete
1327 2384 1401 2442 ntala
1415 2383 1522 2462 punica
1536 2383 1679 2463 έπέρρλοια

69 2458 101 2517 δι’
115 2482 142 2518 ²¹
155 2462 243 2540 τροφὴ
259 2467 306 2534 τῆς
319 2465 453 2541 βλέπος,
466 2457 536 2541 ,ἧιιιι
553 2466 635 2548 τροφὴ
657 2470 801 2545 έπιγίνεται
813 2467 857 2526 καί
902 2471 951 2531 hic
970 2484 1122 2542 vocantur,
1144 2471 1213 2546 quia
1227 2471 1338 2529 diutius
1359 2471 1490 2546 vigorem
1501 2484 1530 2528 et
1544 2471 1677 2531 riritlita·

70 2547 141 2618 άλλη
154 2549 218 2608 καθ’
232 2550 349 2622 έκάστην
362 2554 393 2610 lx
403 2555 451 2623 τῆς
464 2558 526 2629 γῆς,
542 2555 587 2611 καί
602 2554 670 2614 οὕτω
684 2555 753 2614 curt
772 2554 858 2635 βραχέι
903 2570 960 2615 tem
984 2560 1124 2627 retinent,
1149 2556 1298 2614 ueletiam
1321 2556 1391 2633 qula
1415 2567 1529 2634 turgent
1543 2571 1572 2615 et
1593 2578 1679 2616 succo

72 2633 222 2708 αὔξεταιή
247 2639 363 2716 βλάστη.
378 2638 446 2698 ὥστε
463 2641 508 2699 καί
522 2638 566 2698 διά
578 2647 654 2700 τοῦτο
672 2641 730 2718 ήείη
750 2641 857 2717 ἀνήτὸν
903 2643 1068 2716 abundant,
1088 2643 1231 2720 siquidem
1250 2655 1373 2719 utraque
1391 2655 1516 2720 potestas
1532 2643 1562 2701 in
1586 2643 1678 2702 verbo

73 2719 266 2796 Ἐμπεδοκλέα
277 2726 358 2783 εἰπεῖν
371 2724 417 2793 τὰς
427 2727 516 2794 ἐλαίας
526 2728 659 2790 ῶοτοκεῑν.
672 2729 748 2804 Ergo
761 2731 857 2788 Philo·
902 2729 999 2810 φλοίειν
1014 2735 1098 2790 inest.
1114 2731 1257 2789 Caeterum
1278 2749 1341 2808 pro·
1351 2730 1497 2808 ὑπέρρλοια
1517 2749 1583 2790 cum
1605 2730 1679 2790 Kar·

73 2829 155 2885 pono
166 2813 327 2889 interprete
337 2813 457 2874 arbores
466 2815 621 2894 (proceras)
632 2819 759 2895 appellat
767 2818 855 2890 oleas,
902 2817 996 2876 stenio
1018 2821 1101 2876 metri
1117 2836 1202 2876 causa
1218 2819 1303 2894 posui
1317 2814 1460 2896 ὑπέρφλοα.

73 2917 147 2972 quas
163 2919 232 2956 cum
250 2900 352 2959 avibus
369 2903 500 2980 oviparis
513 2904 675 2975 contendit,
690 2925 793 2983 parere
806 2926 856 2964 au·
940 2903 988 2965 Vs.
1010 2906 1078 2963 288.
1104 2895 1170 2969 οἶνος
1192 2903 1276 2981 κτλ]
1297 2902 1470 2962 Plutarchus
1489 2904 1597 2974 Quaest.
1614 2903 1677 2964 Nat.

74 2998 129 3041 tem
147 3005 199 3044 eas
219 3007 275 3064 pro
292 2989 358 3047 oris
380 2989 482 3049 baccas
499 2992 563 3050 sire
583 2994 677 3050 olivas
701 2993 855 3068 significat.
901 3010 1042 3068 pag-912
1059 2993 1128 3067 (rol.
1143 2990 1182 3048 lx
1193 3012 1222 3069 p.
1238 2991 1336 3066 bill:
1355 2995 1369 3061 ή
1384 2989 1411 3048 δέ
1425 2988 1503 3067 πέψις
1512 2987 1595 3048 έοικεν
1610 2981 1677 3049 εἶναι

74 3073 134 3130 Cur
152 3094 226 3132 vero
243 3077 335 3134 oleam
360 3079 486 3154 primum
505 3081 604 3139 tulisse
625 3081 736 3138 fructus
749 3081 857 3140 dixerit
901 3081 995 3157 σῆψις,
1010 3082 1045 3144 ὡς
1068 3077 1250 3154 Ἐμπεδοκλῆς
1273 3079 1402 3154 μαρτυρεῖ
1414 3077 1508 3153 λέγων·
1530 3067 1599 3144 οἶνος
1614 3080 1674 3139 κτλ.

76 3160 280 3237 Eropedocles,
292 3165 411 3223 minime
424 3165 580 3225 obscurum
595 3180 647 3228 est.
663 3168 779 3246 Quippe
793 3170 856 3228 olea
901 3162 979 3222 ldem
1001 3184 1103 3224 versus
1126 3164 1266 3241 repetitur
1284 3162 1391 3220 ibidem
1412 3175 1518 3240 p.'919
1541 3165 1619 3238 (vol.
1636 3163 1675 3222 lX

76 3249 173 3323 prima
194 3253 327 3310 omnium
347 3252 487 3312 arborum
510 3256 580 3313 olim
604 3255 702 3314 habita
716 3270 769 3316 est.
785 3257 851 3317 Vid.
900 3271 929 3326 p.
942 3251 1048 3312 fitted
1064 3250 1159 3312 lleislt.
1172 3251 1191 3328 l.
1204 3249 1487 3327 AristotelesTopic.
1501 3248 1550 3321 lV,
1567 3251 1583 3307 5
1602 3263 1675 3309 extr.

76 3335 193 3396 Colum.
207 3336 244 3409 V,
263 3340 294 3408 8,
317 3361 329 3396 1
347 3351 375 3398 et
392 3342 550 3419 scriptores
564 3342 696 3402 laudatos
716 3362 733 3400 a
748 3343 852 3402 Nicias.
900 3357 930 3415 p.
950 3358 1017 3411 ¹27·
1033 3357 1061 3396 a.
1077 3337 1124 3397 ed.
1142 3336 1263 3394 bekker.
1286 3335 1476 3411 posteriorem
1491 3353 1592 3394 versus
1612 3357 1677 3412 par·

76 3423 111 3479 ad
124 3423 260 3501 Geopon.
273 3423 324 3497 tx,
341 3448 353 3483 1
367 3446 433 3504 pag.
451 3429 517 3486 568.
900 3438 956 3482 tem
970 3427 1003 3483 in
1026 3425 1103 3484 huno
1123 3426 1242 3483 modum
1258 3423 1326 3480 citat
1344 3443 1350 3479 ι
1369 3421 1465 3499 δμοίως
1478 3424 1500 3480 δ’
1514 3423 1568 3479 οὐδ’
1582 3426 1595 3481 ί
1610 3415 1676 3492 οἶνός

116 3509 165 3569 Vs.
184 3513 253 3584 287.
269 3512 372 3571 οὕνεκεν
385 3515 466 3593 κτλ]
483 3515 654 3574 Plutarchus
669 3516 804 3594 Sympos.
818 3515 852 3586 V,
900 3514 970 3571 ἐστιν
994 3512 1063 3592 ὕδωρ
1091 3510 1222 3584 σεσηπάς,
1244 3509 1362 3588 καθάπερ
1395 3509 1578 3584 Ἐμπεδοκλῆς
1610 3534 1675 3589 φησι

75 3595 136 3672 8ρ.
153 3599 225 3670 683,
239 3600 300 3658 rol.
316 3600 383 3658 Vlll
398 3621 427 3679 p.
441 3623 494 3674 72¹
511 3621 556 3679 sq.
570 3602 616 3660 ed.
633 3601 808 3661 neist.:ttt
828 3603 854 3661 τί
899 3599 982 3658 σαπέν
1002 3602 1028 3658 έν
1056 3599 1123 3679 ξύλῳ
1141 3600 1225 3677 ὕδωρ·
1250 3598 1339 3663 ἅπλῶς
1356 3594 1406 3676 γάρ
1426 3598 1474 3656 οὐκ
1496 3594 1567 3655 έστιν
1595 3597 1674 3678 ὕδωρ,

75 3684 121 3751 τήν
145 3686 249 3758 μηλέαν
269 3688 455 3768 ἀγλαόκαρπον
474 3689 610 3761 ὁποιητής
627 3690 732 3767 (Hom.
749 3690 852 3768 Odyss.
899 3687 935 3744 ad
955 3707 1039 3764 quem
1060 3689 1156 3746 locum
1179 3686 1343 3744 Alexander
1357 3684 1593 3762 Aphrodisiensis
1614 3681 1681 3744 ltaeo¹
1768 3757 1775 3768 ι

75 3768 128 3826 lib.
143 3771 210 3848 Vll,
227 3774 300 3846 1153
316 3774 371 3836 lib.
393 3775 445 3848 XI,
461 3777 541 3856 588)
563 3769 650 3848 εἶπεν,
671 3777 853 3854 Ἐμπεδοκλῆς
899 3787 979 3832 notat
992 3795 1057 3853 pag.
1078 3796 1132 3851 ¹79
1148 3797 1154 3832 :
1173 3775 1305 3852 ἀναιροῖτο
1325 3773 1349 3832 δ’
1363 3773 1394 3831 ἀν
1408 3770 1453 3830 καί
1466 3772 1496 3830 τὸ
1508 3772 1557 3830 luth
1571 3771 1674 3849 Ἐμπε·

77 3856 105 3914 δέ
127 3858 273 3938 ὑπέρφλοια
301 3861 335 3920 alt
360 3866 496 3940 μῆλα,
523 3869 569 3921 τοῦ
595 3863 620 3922 δέ
646 3864 853 3940 Ἐμπεδοκλέους
899 3864 1018 3930 δοκλέους
1028 3861 1088 3942 περλ
1100 3870 1144 3922 τοῦ
1153 3862 1221 3922 οἴνου
1231 3861 1383 3941 λεγόμενον,
1395 3858 1435 3918 ὅτι
1446 3849 1512 3924 οἶνός
1522 3860 1577 3916 ἐστι
1590 3859 1673 3917 σαπέν

77 3945 210 4022 εἰρηκότος
223 3973 236 3998 ι
255 3945 358 4008 οὕνεκεν
381 3951 497 4030 did-(oroi
510 3975 538 4009 τε
558 3952 628 4010 σίδαι
645 3951 690 4010 καί
709 3949 852 4032 ὑπέρφλοια
900 3952 925 4008 έν
936 3949 1004 4030 ξύλῳ
1015 3949 1098 4027 ύδοιρ·
1109 3951 1138 4008 οὗ
1148 3949 1199 4028 γάρ
1211 3951 1282 4008 έστιν
1299 3952 1313 4007 ὁ
1328 3939 1394 4012 σίνος
1405 3947 1484 4024 ὕδωρ,
1493 3948 1518 4004 έν
1532 3935 1599 4024 ᾧὼς
1606 3947 1674 4022 γένει

77 4032 148 4102 Pil-⁸
161 4057 175 4084 ι
188 4033 219 4090 τὸ
236 4033 284 4109 μέν
297 4039 350 4095 τῶν
368 4040 448 4096 σιδῶν
470 4038 584 4097 ἐπίθετον
599 4048 665 4099 νοεῖν
684 4039 799 4118 έφαμεν,
813 4038 852 4096 ὅτι
897 4035 986 4108 έθηκεν
1001 4036 1198 4102 altisiodero<
1213 4035 1358 4101 ἀποδιδούς.
1371 4034 1435 4092 Non
1450 4047 1526 4092 recte
1544 4032 1674 4108 Scaliger

74 4121 117 4173 *⁰⁸3
129 4120 295 4201 φθινοπώρου
308 4124 431 4202 λήγοντος
450 4125 501 4197 ήδη
513 4126 558 4184 καὶ
570 4129 621 4184 τῶν
635 4127 777 4198 καυμάτων
794 4150 852 4202 μα-
895 4143 951 4200 pro
965 4114 1029 4188 οἶνος
1044 4123 1121 4201 apud
1132 4123 1228 4200 Steph.
1244 4124 1326 4181 Poes.
1341 4121 1413 4200 phil.
1430 4141 1461 4198 p.
1475 4121 1531 4177 216
1547 4109 1598 4176 οἷον
1616 4120 1672 4196 legi

75 4208 252 4283 μαινομένων,
262 4213 416 4272 ἐκπέττουσι
426 4213 469 4273 τὸν
480 4215 591 4294 καρπόν.
603 4217 697 4285 ἀσθενῆ
705 4214 756 4294 γὰρ
766 4217 851 4274 αὐτῶν
896 4211 1002 4270 voluit.
1015 4211 1162 4270 Plutarchi
1171 4211 1285 4269 codices
1296 4210 1385 4285 vulgo
1394 4207 1501 4266 habent
1509 4206 1561 4266 άπὸ
1572 4208 1672 4286 φλοιοῦ,

74 4293 118 4364 *δι
131 4297 265 4374 ὓγρότητα
275 4301 320 4359 καί
330 4303 459 4381 γλίσχραν
470 4295 549 4362 οὖσαν
559 4305 606 4362 οὐκ
618 4307 648 4384 ἐᾷ
657 4303 747 4362 λαὸεἵν
760 4302 851 4362 σύστα·
896 4300 975 4376 quod
983 4299 1150 4358 Karstenius
1161 4301 1340 4378 ἰπάποφλοῖον
1352 4295 1554 4355 convertithoc
1564 4313 1650 4352 sensu
1662 4317 1669 4351 :

74 4401 112 4438 δέν
125 4384 228 4455 mlo:
237 4431 245 4465 ‚
255 4387 286 4446 ἂν
297 4389 336 4464 μή
351 4390 526 4465 μεταύοίλλειν
537 4393 551 4449 d
562 4389 614 4468 ἀήρ
626 4390 670 4450 έπί
680 4390 710 4450 τὸ
721 4390 852 4470 ψύχρέτε-
900 4414 912 4438 ι
926 4389 1029 4445 vinum
1045 4400 1089 4445 est
1101 4400 1261 4444 exoestuarrs
1276 4386 1381 4443 humor
1395 4387 1425 4440 in
1440 4383 1509 4440 vitis
1524 4382 1603 4456 ligno
1616 4401 1670 4458 ptt·

76 4491 115 4545 P*
130 4471 259 4550 ιῖρχηται.
275 4476 371 4534 διὸκαὶ
386 4478 464 4552 μόνον
477 4477 552 4537 τοῦτο’
566 4500 630 4556 φησι
643 4477 810 4557 Θεόφραστος
821 4477 851 4535 τδ
895 4474 1041 4533 trelactus.
1059 4499 1071 4525 ν
1087 4473 1202 4532 llectius
1216 4472 1386 4530 bleziriacus
1400 4468 1451 4526 ὑπὸ
1465 4468 1546 4548 φλοιῷ
1555 4470 1605 4522 sub
1615 4488 1671 4524 cor·

75 4555 175 4634 δένδρον
190 4562 219 4618 ἐν
233 4566 266 4641 τῇ
282 4572 344 4642 σκιᾷ
363 4565 465 4642 βελτιον
481 4563 615 4624 ἐκπέττειν
627 4565 677 4624 τδν
690 4564 792 4646 καρπὸν
805 4565 851 4623 καί
895 4560 1005 4619 εἰσαεὶ)
1028 4559 1200 4638 Empedocle
1223 4572 1369 4616 exaratum
1392 4574 1455 4614 esse
1470 4552 1604 4630 conjecit.
1633 4554 1671 4612 At

74 4642 176 4721 τάχιον·
202 4646 237 4704 τδ
257 4647 286 4706 tt
312 4652 386 4725 μῆλα
410 4652 469 4710 καθ’
482 4652 574 4724 ήντινα
599 4652 712 4711 διάνοιαν
735 4656 748 4711 ί
773 4651 851 4730 σοφὸς
894 4649 949 4706 hoc
961 4649 1055 4725 ipsum
1069 4647 1129 4723 jam
1143 4645 1289 4722 Xylander
1304 4656 1353 4702 aut
1364 4645 1395 4700 in
1410 4640 1587 4700 membranis
1602 4641 1672 4698 scri·

73 4731 257 4809 προσειρήκοι,
273 4737 409 4818 διαπορεῖν
413 4779 480 4801 ......
496 4740 611 4805 είπίντος
627 4731 671 4797 οὖν
686 4741 752 4816 ἐμοῦ
766 4744 850 4796 ταῦτα
894 4748 974 4812 ptum
990 4735 1136 4811 repperit,
1157 4744 1207 4791 aut
1224 4743 1340 4809 apoeta
1357 4729 1483 4807 positum
1503 4745 1565 4786 esse
1577 4729 1671 4805 suspi-

73 4821 255 4894 γραμματυιοί
276 4846 347 4890 τινες
368 4825 483 4904 έφασαν,
506 4827 649 4906 ὑπέρφλοια
672 4825 795 4904 λελέχθαι
817 4824 851 4882 cd
895 4835 974 4879 catus
987 4834 1040 4880 est.
1058 4820 1188 4897 Utroque
1201 4819 1277 4877 enim
1302 4817 1368 4874 loco
1383 4835 1497 4875 versum
1520 4815 1562 4872 sic
1575 4815 1671 4890 expri-

74 4907 145 4977 pila
158 4907 202 4966 διὰ
216 4909 265 4982 τήν
280 4911 384 4989 ἀκμήν·
398 4913 429 4973 τὸ
440 4913 490 4993 γὰρ
501 4914 567 4992 ἀγαν
582 4914 706 4990 ἀκμάζειν
719 4913 764 4971 καλ
775 4919 849 4984 retr·
895 4909 948 4967 mit
964 4929 971 4964 ι
991 4935 1003 4960 ιι
1030 4907 1063 4965 ln
1080 4909 1161 4984 ligno
1175 4906 1335 4984 putrefacta
1348 4922 1421 4981 aqua
1443 4903 1475 4960 fit
1488 4900 1543 4960 sub
1562 4900 1669 4957 cortice

73 4991 144 5051 λίναι
165 4995 264 5075 φλοίειν
289 4997 342 5056 ὑπὸ
367 5002 421 5058 τῶν
443 5003 559 5072 ποιητῶν
587 5001 722 5078 λέγεσθαι,
742 5001 786 5059 καλ
804 5000 848 5058 τὸν
894 4995 1006 5055 vinum.
1032 4995 1154 5070 tQuum
1171 5006 1265 5053 autem
1281 4991 1430 5051 concoctio
1449 4986 1616 5065 Empedocli
1630 4999 1671 5044 ta·

74 5073 226 5162 Ἀντίμαχον
237 5084 307 5145 οὕτω
318 5109 377 5154 πως
399 5088 588 5166 φλοίουσαν
610 5087 747 5168 ὀπώραις
774 5090 849 5168 είρη-
893 5080 945 5140 bes
958 5081 1102 5152 rideatur,
1122 5094 1155 5141 ut
1171 5100 1187 5138 e
1201 5079 1348 5138 Plutarchi
1366 5075 1463 5135 verbis
1475 5085 1566 5153 patet,
1587 5091 1670 5150 aque

74 5165 142 5226 κέναι
164 5172 286 5243 τὴντῶν
317 5175 461 5252 Καδμείων
483 5174 559 5234 πόλιν
579 5176 660 5256 (rid.
684 5177 847 5237 Antirnach,
894 5170 970 5228 vivae
986 5170 1317 5248 mustum,'putrelactae
1330 5167 1431 5224 vinum
1451 5175 1533 5221 retus
1555 5179 1673 5238 compa·
