3708 5916
274 461 332 513 ιιι
713 443 714 446 ‘
796 399 1337 508 ureaoerrs'couueurxrrus

270 577 437 660 ραυλοτέραις
458 578 509 636 τῦν
531 579 663 656 ἐνεργειῶν
686 576 714 635 cl
738 575 840 657 χείρους
865 579 917 638 σῦν
944 579 1041 657 ἡδονῶν
1088 575 1219 655 μάρτητον
1241 575 1304 652 ἡμῖν
1329 573 1531 652 εἰσηγουμένου,
1554 577 1586 634 ἐκ
1604 573 1635 634 δέ
1659 577 1708 645 τῆς
1727 599 1790 654 προτ

270 667 388 737 ἕπονται,
416 673 473 731 ταῖς
504 663 531 722 δέ
559 664 689 742 ἀμείνοσιν
720 664 810 735 ἡδοναὶ
834 664 1042 746 συνεισέρχονται
1088 668 1134 722 τοῦ
1163 663 1301 739 μανθάνειν
1322 663 1352 721 ού
1370 663 1473 738 πάντα,
1499 662 1556 722 ἀλλ’
1579 661 1636 720 ὅσα
1662 663 1723 740 δεῑ,
1747 665 1801 743 πρὸς

271 750 500 812 σπουδαῖαι·ώοτε
508 751 544 828 μή
558 751 628 831 μόνεμ
636 755 674 830 τῷ
684 754 757 832 καλῷ
768 751 946 831 τιερεεῐναετδν
958 774 1043 810 σπου-
1088 749 1195 828 ἀρίστας
1205 748 1309 828 πράξεις
1319 753 1387 823 ἡμᾶς
1397 749 1577 826 ἐπανάγοντος.
1625 751 1671 810 Oi
1684 750 1810 830 γάρέντῷ

270 841 342 898 δαῖον
357 845 402 900 τοῦ
416 840 530 920 ραύλου,
545 837 613 898 ἀλλά
627 839 672 898 καί
686 840 751 918 αὐτῇ
766 844 799 918 τῇ
813 841 892 918 ἡδονῇ
904 847 993 915 νικᾶν,
1008 839 1041 896 δι’
1089 835 1247 914 ἁμαρτάνειν
1264 835 1319 894 ἐστί
1334 835 1363 894 τδ
1377 841 1535 916 κατορθοῦν,
1553 835 1618 894 ἀλλ’
1635 840 1664 894 ἐν
1681 839 1719 916 τῷ
1734 835 1764 894 τό
1781 840 1803 896 δι’

270 928 303 1000 ήν
317 928 398 1004 μόνην
413 927 483 985 δοκεῖ
503 928 538 993 εές
551 925 645 986 κακίαν
658 929 673 984 ό
687 929 781 1005 φαῦλος
794 927 947 1004 ὑπάγεσθαι.
990 924 1042 984 Καὶ
1089 923 1195 982 εῑδέναι·
1210 921 1254 980 καί
1274 919 1304 980 εδ
1319 921 1365 998 μέν
1380 927 1397 994 ἡ
1420 921 1545 1000 κάθαρσις
1554 925 1606 992 τῆς
1630 920 1758 995 οἰήσεως,
1772 923 1822 982 till

271 1014 322 1094 γάρ
336 1015 419 1094 θσιρή
437 1014 547 1079 διάθεσις
562 1017 608 1083 τῆς
629 1013 767 1078 διαθέσεως
783 1013 908 1090 ἀμείνων,
928 1011 1043 1092 τοσσύτερ
1088 1015 1134 1080 τῆς
1151 1008 1346 1084 ἐπιστήμης
1362 1007 1493 1086 παρουσία
1508 1007 1665 1085 ἐργάζεται.
1681 1007 1730 1066 Ἐν
1744 1009 1808 1087 δέη]

271 1103 316 1161 καὶ
341 1101 458 1172 ήὴδονή
473 1104 518 1171 τ’ής
541 1102 634 1170 ἡδονῆς
657 1099 824 1178 αἱρετωτέρα.
867 1099 944 1159 Ἐπεί
964 1090 1043 1158 oded
1089 1095 1323 1176 ἁμαρτάνειν,κα“ι
1337 1097 1414 1174 ἐντῷ
1431 1099 1590 1172 κατορθοῦν,
1607 1093 1810 1174 δρατέσυμύήσε

271 1189 330 1246 κατ’
344 1187 437 1268 ἀρετήν
450 1187 537 1266 βίος,
551 1191 598 1258 τῆς
614 1185 681 1252 θείας
694 1186 840 1264 ὁμοιώσεως
858 1189 1042 1266 ἀντεχόμενος,
1090 1208 1144 1245 σοι·
1166 1181 1394 1261 τερπνότατον
1418 1181 1489 1260 βίον
1511 1173 1573 1241 dtr
1598 1181 1740 1248 διάξεις.
1775 1185 1811 1248 Τίς

271 1278 310 1354 τῷ
328 1274 383 1332 όντι
397 1275 462 1340 θεῖός
487 1275 572 1344 ἐστιν,
596 1277 611 1332 ὁ
633 1273 660 1331 δέ
685 1275 711 1330 ἐν
732 1272 831 1352 κακίορ,
855 1271 980 1351 θηριώδης
1000 1271 1044 1331 καί
1089 1263 1176 1341 οῦτοι,
1191 1273 1213 1328 tl
1226 1268 1263 1346 μὴ
1280 1269 1355 1345 μόνος
1371 1272 1384 1326 ό
1400 1269 1452 1333 ἀπὸ
1465 1274 1510 1340 τῆς
1525 1268 1665 1349 ἀρεεῆςτδ
1680 1270 1729 1340 ἡδὺ
1741 1293 1809 1346 ιεεκτιἸ

273 1361 359 1426 ἄθεος·
373 1362 449 1430 δῆλον
461 1363 496 1426 ὡς
511 1364 527 1431 ἡ
543 1359 590 1434 μέν
608 1363 652 1417 τοῦ
666 1359 804 1418 σπουδαίου
824 1359 903 1430 ἡδονή
915 1359 962 1430 τήν
975 1357 1044 1416 θείαν
1090 1382 1144 1431 νος,
1155 1350 1177 1439 ᾧ
1188 1358 1397 1438 συνδεδράμηκεν
1413 1357 1469 1434 ἀμα
1483 1358 1513 1417 τὸ
1523 1359 1645 1437 ἀγαθάν,
1660 1357 1707 1416 καλ
1718 1361 1746 1416 τὸ
1757 1361 1808 1429 ἡδύς

273 1447 429 1528 εύρροσύνηι
447 1450 566 1523 μιμεῖται
581 1449 618 1525 νῷ
639 1445 684 1503 καί
707 1449 757 1524 θεῷ
782 1445 959 1523 συνεπομένη,
977 1450 994 1516 ἡ
1017 1441 1044 1502 δέ
1090 1437 1134 1506 ode
1148 1451 1276 1520 ποθοῦμεν
1289 1445 1320 1504 τδ
1332 1444 1429 1517 καλόν,
1444 1451 1574 1522 ποθοῦμεν
1586 1444 1616 1503 δέ
1633 1445 1720 1505 καὶτὸ
1733 1447 1786 1516 ἡδύ·

273 1541 318 1592 τοῦ
339 1532 438 1613 ραύλου
460 1533 538 1605 ἡδονή
558 1531 686 1608 λεγομένη
701 1531 832 1611 (δεδόσθω
845 1532 895 1612 γάρ
918 1531 1001 1590 κοινὸν
1016 1537 1045 1588 τ“ο
1090 1532 1196 1591 ελθύντα
1210 1531 1235 1590 τί
1251 1532 1282 1589 ἀν
1297 1531 1355 1603 elna
1370 1539 1461 1604 τοῦτο,
1474 1530 1491 1590 ό
1503 1554 1583 1611 ιρησιν
1592 1576 1601 1605 ,
1618 1535 1635 1588 δ
1651 1531 1721 1610 βίος
1733 1555 1814 1608 τερτν

273 1620 449 1700 όνομα)πρδς
471 1619 519 1692 τὴν
542 1618 656 1696 θηριώδη
678 1620 723 1678 καί
742 1620 891 1695 ἐμπληκτον
912 1623 1045 1696 ὁμοιοῦται
1090 1643 1203 1685 τατος.
1245 1619 1276 1679 Ὁ
1291 1619 1341 1698 γάρ
1355 1619 1385 1678 τὸ
1399 1619 1448 1690 ἡδύ
1464 1619 1591 1696 μετάτοῦ
1613 1623 1724 1697 αἰσχροῦ
1734 1619 1816 1693 ἑλόμεν

269 1709 383 1780 κίνησιν.
425 1706 533 1768 Ἦδοναί
552 1707 603 1785 γάρ
625 1705 670 1764 καί
683 1708 763 1764 λῦπαι
785 1709 949 1782 μεθιστᾶσιν·
973 1695 1009 1762 dx
1030 1707 1044 1762 ό
1092 1708 1114 1764 εί
1131 1707 1175 1764 καὶ
1190 1705 1253 1782 πρὸς
1272 1707 1357 1781 ὀλίγον
1373 1707 1520 1778 δελεασθεέη
1532 1709 1573 1785 τῷ
1587 1705 1694 1777 ἥδοντο,
1707 1707 1746 1764 διὰ
1758 1710 1804 1779 γοῦν

273 1796 320 1872 μίν
338 1789 489 1874 ἀρυόμενος,
504 1793 561 1852 ὅθεν
573 1817 611 1862 ,τε
627 1795 681 1868 δεῖ,
695 1794 739 1853 καί
754 1791 849 1864 θπύτε,
871 1793 915 1850 καί
928 1791 1040 1861 δπύσον,
1092 1792 1199 1871 αἰσχρὸν
1213 1795 1248 1858 εἷς
1261 1793 1436 1868 μεταμέλειαν
1452 1792 1583 1851 ἐπώδυνον
1599 1792 1718 1872 ἔρχεται.
1754 1790 1809 1850 ‘Odi

273 1886 432 1959 εὐδαιμονεῖ·
448 1885 461 1940 θ
477 1881 505 1940 δέ
524 1880 557 1939 τά
570 1880 653 1960 μίτρα
673 1879 770 1940 τούτων
786 1878 929 1958 ἀγνοήσας,
946 1879 1042 1943 ἀθλιος.
1092 1877 1171 1936 καλδν
1186 1877 1252 1954 μετά
1275 1879 1354 1936 πόνου
1375 1879 1562 1958 προτιμήσας,
1588 1877 1641 1936 κάν
1665 1877 1796 1953 παραυτίκα

274 1968 366 2034 Olus<
378 1960 422 2028 ούν
435 1972 449 2027 ό
463 1967 510 2043 μέν
522 1965 628 2038 οἰήσεως
638 1965 788 2046 καθαρεύων
802 1965 854 2046 βίος
867 1963 1044 2044 ἀναμάρτητὰ
1093 1965 1166 2036 ἀήθει
1189 1962 1349 2044 βαρύνηται,
1365 1963 1422 2022 ἀλλ’
1446 1969 1464 2034 ή
1479 1969 1523 2022 τοῦ
1544 1967 1631 2022 καλοῦ
1647 1962 1752 2030 σύζευξις
1764 1965 1822 2019 ἐτελι

272 2057 328 2114 ἐστι
343 2055 434 2132 μόνος·
449 2059 462 2114 ό
476 2053 503 2112 δέ
517 2053 562 2114 καί
576 2053 721 2130 ἐπιστήμης
731 2053 892 2132 πληρωθείς,
906 2055 1045 2136 κατωρθώ·
1093 2050 1181 2132 ρρύνει
1194 2051 1237 2109 τὀν
1252 2053 1346 2123 πόνον,
1363 2051 1408 2109 καί
1428 2051 1499 2118 τέλος
1519 2050 1587 2130 πρὸς
1604 2054 1637 2129 τῇ
1659 2053 1733 2129 ἀρετῇ
1745 2052 1782 2106 καὶ
1793 2053 1816 2117 ᾐί

274 2141 348 2218 μένος
368 2140 981 2216 καέτέλειος·ύδάύτδςῆθιοτύςτεάμα
1000 2136 1045 2196 καί
1093 2142 1138 2208 νὴν
1160 2137 1446 2217 κεθαρδινκαρποῦταε.
1489 2139 1521 2196 El
1545 2137 1596 2210 pix
1620 2136 1671 2216 γάρ
1690 2137 1807 2214 πράττοιτύ

274 2229 387 2305 ἀριστος.
430 2224 1046 2304 Οὐκοῦνδμένμὴῖσμενούδέποτεπρά·
1095 2224 1151 2302 μεθ’
1172 2226 1266 2294 ἡδονῆς
1289 2225 1444 2302 αἰσχρόν,η
1472 2221 1617 2298 μόνήδονή
1643 2226 1762 2300 παρῆλθε,
1781 2223 1801 2278 τὸ

274 2316 388 2391 ξομεν·
404 2314 618 2391 ἀδόέσμεν,όεε
633 2317 680 2375 δεῖ.
721 2313 754 2375 Ἦ
772 2313 818 2390 μέν
832 2313 882 2391 γάρ
896 2313 987 2390 ἄγνοια
998 2311 1057 2382 τήν·
1095 2311 1201 2392 αἰσχρὸν
1216 2309 1303 2386 μένει·
1320 2314 1343 2368 εέ
1358 2311 1384 2370 δέ
1399 2309 1538 2386 πράττοιτύ
1556 2333 1585 2368 τι
1600 2309 1669 2386 μετὰ
1683 2309 1753 2367 πόνου
1763 2309 1818 2364 καλόν

275 2403 369 2461 κακίαν
383 2406 540 2480 εἰσηγεῖται,
554 2406 571 2472 ἡ
595 2401 621 2461 δέ
635 2407 727 2478 γνῶσις
744 2402 791 2472 τὴν
809 2399 941 2476 εὐκαιρίαν
964 2403 1046 2468 ζητεῖ.
1094 2405 1108 2460 ὁ
1123 2402 1170 2477 μὲν
1183 2400 1259 2464 πόνος
1272 2399 1402 2478 παρῆλθε,
1413 2397 1443 2455 τὸ
1458 2395 1485 2454 δέ
1497 2394 1579 2454 καλδν
1595 2395 1678 2471 μένει,
1718 2385 1822 2460 ’elliu

277 2490 367 2548 ΙΙολλόι
384 2489 434 2565 γάρ
458 2488 519 2546 ὄντα
537 2489 664 2547 σπουδαῖα
683 2493 715 2566 τῇ
737 2489 871 2561 μεταθέσει
889 2493 933 2544 τοῦ
955 2489 1046 2563 καιροῦ
1094 2489 1240 2566 πηράτατον
1251 2484 1353 2563 ἀνάγκη
1368 2475 1485 2541 εἶναιτύν
1499 2481 1626 2542 κάκιστον
1637 2483 1719 2560 βίον·
1730 2479 1820 2555 τερτν’

274 2575 372 2650 γίνεται
385 2577 482 2653 ιραῦλα.
524 2575 572 2634 Ἔν
586 2573 655 2641 τάξει
666 2564 709 2632 ούν
722 2573 872 2648 ἀκούσωμεν
886 2578 930 2630 τοῦ
946 2594 1046 2650 παραγ·
1095 2595 1194 2631 τατον
1216 2571 1260 2642 δι’,
1279 2571 1323 2628 τὸν
1346 2569 1460 2648 ἀριστον.
1503 2567 1557 2628 Καὶ
1572 2573 1659 2627 ταῦτα
1674 2566 1718 2642 μέν
1735 2565 1783 2643 περὶ
1792 2563 1819 2620 σε’

275 2661 420 2739 γέλματος,
438 2664 467 2719 ἐκ
483 2661 529 2736 μὲν
550 2666 596 2732 τῆς
612 2664 710 2741 ἐποχῆς
728 2665 779 2720 τῶν
794 2660 911 2740 πράξεων
933 2660 963 2719 τδ
978 2663 1047 2717 ἀνα·
1095 2683 1157 2718 των.
1200 2656 1316 2716 ’θζπείδέ
1336 2657 1410 2727 καλή
1430 2661 1476 2714 τοῦ
1490 2653 1615 2730 σώματος
1629 2649 1816 2728 παιδαγωγίατ“

985 2781 1022 2793 μ’

276 2861 368 2906 ratum
383 2860 437 2918 est,
452 2860 485 2905 ut
499 2850 590 2905 omnis
602 2850 731 2923 voluptas
747 2848 863 2920 alicujus
883 2849 1001 2906 actionis
1014 2851 1049 2904 sit
1093 2848 1168 2902 bona
1182 2857 1260 2916 sunt,
1274 2846 1448 2921 temporibus
1462 2847 1660 2902 mutatisnrela
1671 2845 1744 2900 liunt.
1755 2842 1804 2897 Ordi

276 2937 428 3012 appendix.
445 2937 509 2996 Non
534 2937 608 2991 enim
627 2937 675 2991 illa
693 2955 745 3011 per
764 2953 793 2990 se
813 2945 914 3005 exstat,
929 2936 978 2991 sed
998 2953 1050 2990 nos
1095 2937 1181 3009 igitur
1203 2934 1269 2989 huic
1284 2945 1424 3010 praecepto
1447 2935 1653 3000 auscultemus,
1669 2934 1760 3004 quippe
1775 2947 1824 3002 ηυυ,

276 3024 335 3079 haec
348 3024 392 3078 vel
406 3023 451 3077 illa
467 3033 578 3095 agentes
592 3023 750 3079 comitatur.
764 3023 847 3078 Unde
861 3021 892 3076 fit
911 3034 943 3076 ut
961 3023 1048 3077 actio·
1095 3021 1221 3076 inhibitis
1231 3022 1391 3090 ¹actionibus
1405 3040 1456 3076 nos
1474 3039 1491 3076 a
1512 3033 1634 3094 peceato
1655 3029 1749 3084 arceat,
1761 3016 1824 3080 addite

277 3128 326 3164 nes
339 3107 447 3183 pejores
461 3109 665 3182 subsequantur
679 3110 836 3182 voluptates
849 3108 976 3178 viliores,
991 3126 1049 3162 me·
1094 3124 1162 3162 vero
1185 3107 1359 3176 hortatione,
1381 3118 1414 3163 ut
1435 3107 1589 3176 discamus,
1611 3126 1670 3160 non
1688 3105 1778 3166 omnia,
1794 3099 1824 3158 sol

277 3197 379 3250 liorrrm
395 3207 486 3250 autern
501 3197 616 3250 comites
631 3196 685 3250 sint
698 3196 856 3270 voluptates
869 3194 966 3265 bonae,
979 3194 1049 3249 adeo
1096 3211 1270 3266 quaecunque
1285 3204 1412 3268 oportet,
1425 3194 1461 3250 sd
1475 3195 1585 3268 optima
1596 3190 1699 3267 agenda
1710 3209 1753 3244 nos
1767 3187 1824 3250 redu-r

278 3293 310 3337 ut
322 3283 366 3336 vir
377 3283 470 3337 bonus
481 3301 539 3336 non
553 3282 643 3336 solum
654 3282 798 3336 honestate
809 3281 914 3335 malurn
928 3279 1049 3354 superet,
1097 3289 1150 3336 cat.
1165 3281 1230 3335 Nou
1242 3281 1316 3335 enim
1328 3282 1358 3336 in
1369 3300 1427 3336 non
1444 3279 1590 3354 peccando
1605 3279 1719 3352 positum
1731 3283 1824 3330 estreru

278 3369 327 3425 sed
340 3370 401 3443 ipsa
415 3369 657 3442 etiam'voluptate
671 3369 780 3436 vincat,
797 3367 834 3422 ob
858 3385 942 3441 quern
963 3369 1051 3423 solam
1097 3367 1217 3435 sactum,
1232 3367 1281 3424 sed
1296 3369 1324 3423 in
1340 3386 1439 3423 eorum
1453 3367 1618 3442 cognitione
1638 3382 1695 3438 que
1713 3363 1821 3417 decent:

278 3457 366 3512 malus
381 3455 417 3510 ad
431 3458 530 3510 vitium
544 3457 638 3530 pellici
650 3455 772 3512 videtur.
786 3457 898 3526 Quanto
913 3455 987 3510 enim
1010 3454 1052 3508 af·
1096 3471 1159 3508 nam
1179 3453 1215 3508 ad
1230 3453 1300 3508 illud
1315 3454 1428 3526 quidem
1444 3455 1612 3526 arro'gantiae
1626 3451 1724 3506 amotio
1739 3443 1824 3512 sufficit,

279 3543 362 3597 sectio
378 3543 525 3598 allectione
538 3545 719 3598 excellentior
732 3551 877 3612 est,tanto
888 3551 915 3596 et
924 3541 1053 3614 voluptas
1096 3538 1152 3594 hoc
1178 3551 1272 3594 autem
1295 3540 1420 3596 adhibita
1442 3542 1558 3596 scientia
1576 3531 1676 3596 'efficit
1696 3539 1724 3590 ln
1744 3529 1824 3588 vitando

280 3631 417 3702 voluptati
440 3629 623 3703 praeferendo.
640 3628 876 3701 Quandoquidem
897 3629 1053 3702 igiturvita
1097 3637 1190 3681 autern
1215 3639 1332 3702 peccato
1355 3638 1383 3683 et
1406 3638 1483 3682 recte
1506 3627 1618 3700 agendo
1642 3623 1701 3678 vide
1720 3617 1774 3692 quid
1789 3615 1821 3666 tili

281 3737 345 3772 curn
360 3719 462 3772 virtute
476 3728 553 3784 acta,
569 3715 605 3771 nd
620 3717 743 3771 divinam
756 3715 964 3770 similitudinem
979 3717 1053 3789 aspi·
1097 3723 1261 3768 eventurum
1271 3715 1321 3770 sit:
1336 3715 1372 3768 itu
1383 3720 1472 3769 vitam
1484 3710 1819 3786 transigesjucundissimon.

172 3811 176 3817 '
281 3820 359 3877 rans,
376 3818 475 3858 revera
493 3815 533 3859 est
548 3803 745 3875 divina,vitiis
766 3813 860 3857 autern
882 3801 977 3857 dedita
994 3801 1053 3857 bel·
1097 3801 1164 3870 Quae
1184 3819 1252 3855 vero
1268 3811 1307 3854 est
1321 3800 1396 3868 haee,
1411 3803 1463 3855 nisi
1483 3819 1516 3856 ea
1536 3802 1610 3868 sola,
1629 3817 1686 3872 quae
1705 3813 1734 3849 ex
1750 3792 1818 3842 titltlt

176 3942 181 3951 ,
282 3889 358 3946 luina
372 3900 455 3962 etque
467 3907 483 3943 a
493 3891 554 3944 Deo
566 3889 656 3944 aliene
672 3908 678 3942 :
693 3890 868 3944 manifestum
881 3900 921 3944 est
935 3889 1054 3944 hominis
1097 3888 1271 3960 voluptatem
1285 3887 1386 3962 adepta
1400 3900 1456 3961 est,
1470 3889 1517 3943 cui
1530 3890 1612 3943 simul
1624 3887 1725 3942 bonitas
1736 3891 1758 3932 et
1768 3877 1818 3927 rolu-

281 3979 384 4031 virtute
393 3976 504 4049 praediti
512 3977 694 4049 voluptatem,
706 3995 767 4049 quae
778 3986 897 4030 mentem
908 3977 1055 4049 Deumque
1098 3983 1158 4045 pias
1173 3970 1289 4029 comites
1303 3971 1401 4028 additae
1419 3984 1501 4029 sunt?
1516 3977 1543 4030 Si
1557 3977 1641 4048 igitur
1653 3973 1775 4025 lroneslssffl
1786 3979 1824 4044 ὅθ’Ἰ

280 4071 423 4136 sequatur,
439 4061 559 4117 divinam
581 4063 702 4117 laetitiam
718 4063 834 4132 imitari,
848 4063 939 4116 vitiosi
962 4073 1052 4118 autent
1096 4061 1233 4132 petimus,
1248 4071 1276 4115 et
1289 4061 1445 4133 appetimus
1459 4061 1540 4114 simul
1555 4057 1720 4132 jucundum,
1731 4069 1757 4106 ex
1772 4065 1815 4101 0⁰11·

283 4167 345 4221 quae
365 4146 470 4202 dicitur
491 4149 665 4221 voluptatem
693 4147 785 4224 (detur
810 4149 883 4204 enim
907 4167 1055 4204 commune
1096 4145 1200 4218 junctis
1225 4146 1294 4218 quid
1314 4147 1529 4220 orietu1·?ll·oe,
1553 4144 1631 4218 quod
1651 4133 1813 4196 cannenrliciu

283 4233 397 4306 nomen)
413 4233 449 4287 ad
464 4235 661 4289 commotionis
675 4235 804 4290 belluinae
826 4246 854 4289 et
877 4236 1005 4291 vecordis
1018 4237 1055 4290 si·
1098 4237 1158 4286 vita
1173 4231 1429 4306 jucundissima.1s
1453 4235 1526 4287 enim
1552 4234 1601 4304 qui
1623 4225 1758 4300 jucundum
1776 4233 1813 4270 tlt*

283 4320 468 4384 militudinem
482 4320 624 4377 accedere.
639 4322 800 4394 Voluptates
812 4321 886 4375 enirn
899 4332 983 4395 atque
1001 4321 1053 4376 do·
1098 4321 1174 4393 turpi
1186 4321 1280 4393 eligit,
1296 4321 1421 4392 quamvis
1434 4321 1574 4394 paulisper
1581 4313 1701 4390 jucundo
1712 4308 1824 4365 alliciatur,

284 4409 357 4461 lones
368 4407 517 4460 mutationi
527 4407 870 4480 obnoxiasunt3equibus
882 4410 961 4481 isqui
973 4411 1056 4464 srunit
1098 4407 1136 4461 ob
1158 4407 1361 4480 turpitudinem
1386 4418 1460 4462 certe
1486 4407 1522 4462 ad
1544 4424 1655 4482 gravem
1674 4393 1812 4482 penitentiae

284 4493 359 4549 unde
373 4504 402 4548 et
413 4492 527 4565 quando
542 4503 568 4547 et
582 4503 717 4565 quantum
731 4512 783 4566 par
796 4503 851 4564 est,
867 4495 932 4548 felix
944 4507 997 4561 εον,
1009 4497 1055 4550 ille
1099 4496 1282 4550 convertitur.
1298 4494 1353 4565 Qui
1364 4513 1433 4548 vero
1446 4493 1594 4548 honestum
1605 4507 1665 4547 cum
1675 4486 1752 4540 labore
1758 4477 1812 4550 plus

284 4591 394 4648 autern,
413 4581 462 4654 qui
481 4580 584 4634 horum
607 4580 724 4634 modurn
744 4583 870 4654 ignorat,
884 4581 990 4637 infelix.
1012 4585 1055 4638 Sic
1099 4582 1231 4654 aestirnat,
1244 4582 1293 4634 etsi
1308 4583 1430 4654 primurn
1445 4583 1486 4635 rei
1499 4581 1639 4635 insolentia
1654 4580 1768 4648 gravatur,
1780 4562 1809 4612 ¹⁰·

285 4669 370 4742 igitur
383 4685 400 4723 a
413 4667 535 4741 peccatis
546 4667 591 4720 illa
606 4676 714 4721 tantum
725 4669 781 4721 vita
795 4668 924 4722 immunis
934 4679 983 4738 est,
995 4689 1056 4742 quae
1099 4673 1170 4726 nesti
1194 4681 1286 4727 tamen
1309 4671 1472 4742 conjunctio
1496 4673 1620 4726 laborem
1641 4668 1664 4721 ci
1684 4663 1763 4717 allevat
1778 4667 1808 4744 pt·
1823 4665 1824 4746 ,

285 4755 450 4829 arrogantiae
464 4771 563 4826 expers
577 4755 629 4820 sit,
645 4771 676 4809 ea
690 4764 782 4808 autem
799 4765 874 4810 recta
893 4766 920 4809 et
938 4755 1056 4828 perlecta
1100 4771 1367 4832 ramquepostreuro
1377 4777 1440 4814 cum
1451 4741 1806 4830 virturerolupuumpeuiuf·
1823 4753 1824 4796 l

286 4861 347 4915 qnae
363 4842 507 4897 scientiam
526 4860 639 4914 quoque
653 4841 754 4915 adepta
776 4843 824 4909 sit,
840 4841 993 4915 eademque
1012 4841 1056 4913 ju·
1101 4843 1211 4900 Etenim
1221 4845 1243 4899 si
1256 4864 1321 4900 curn
1340 4846 1484 4918 voluptate
1505 4855 1584 4917 turpe
1598 4839 1661 4914 quid
1673 4835 1730 4904 fiat,
1748 4827 1824 4880 ΒΜΓ

286 4929 453 4984 candissimo
470 4931 549 4983 simul
565 4940 592 4984 et
612 4931 717 5004 optima
731 4939 780 4985 est.
798 4930 896 5001 ltaque
914 4947 1057 5001 nunqnam
1100 4932 1348 5004 voluptss‚uranet
1360 4951 1427 4987 vero
1440 4930 1734 5004 turpitudo;sinautenr
1743 4922 1805 4980 magu
1823 4917 1824 5012 γ

286 5015 418 5071 faciemus
433 5035 493 5089 quae
508 5018 678 5090 ignoramus,
689 5035 750 5089 quae
765 5034 835 5071 vero
846 5017 958 5085 scimus,
971 5035 1057 5089 quum
1101 5019 1197 5074 labore
1206 5019 1315 5092 aliquid
1325 5019 1435 5073 honesti
1444 5016 1504 5090 fiat,
1517 5018 1611 5074 transit
1621 5013 1701 5082 labor,
1709 5005 1804 5058 honesturn
1823 5015 1824 5080 γ

188 5129 192 5136 ·
289 5103 1058 5178 oportet.Inscitiaenimvitiumsuadet,scientiavero
1101 5123 1170 5161 vero
1185 5116 1340 5180 permanet.
1365 5106 1448 5161 Unde
1468 5103 1675 5161 molestissimam
1691 5085 1804 5146 ntem*

289 5199 398 5264 ternpus
414 5193 511 5262 quaerit
534 5203 736 5267 opportunum.
753 5192 864 5268 Quippe
878 5193 982 5266 multa,
998 5211 1058 5266 quae
1103 5211 1160 5249 esse
1183 5193 1385 5250 vitiosissimam
1408 5193 1510 5264 vitam,
1532 5185 1734 5272 jucundissimam
1748 5175 1803 5226 θέω
