3708 5916
242 374 307 428 414
912 358 963 420 ult
984 358 1188 420 ntnnoctn

242 521 290 568 της
300 519 352 557 των
366 493 426 574 πιρλ
437 494 480 553 τὸν
492 493 547 574 βιον
560 490 728 573 θρίσσηςχρί
724 513 796 561 ,σεως
809 489 900 591 npbtt
887 489 934 563 τὴν
952 489 1022 550 θιίαν
1068 488 1835 564 racina.1573.Cnmpnnngiouegn»Cam

242 583 368 661 ὁμοίωσιν
382 581 490 644 ἀνιέναι.
506 580 550 640 En
563 581 609 640 his
625 580 749 656 aliisque
762 579 936 656 scriptorum
952 577 1025 636 locis
1070 577 1102 636 in
1119 575 1294 651 corrigendo
1308 589 1336 634 et
1347 575 1487 634 vertendo
1502 575 1633 634 Hierocle
1654 577 1791 634 minime
1804 571 1844 638 leil

244 671 327 730 facile
342 670 501 745 colligitur,
519 680 631 726 veteres
652 663 878 767 παραγγέλματα,
898 662 1023 744 παραινέ-
1072 685 1133 723 cem
1148 666 1237 722 luisse
1250 663 1372 740 ejusque
1386 664 1654 741 interpretationem
1668 684 1761 722 omns
1753 663 1844 728 'fidel

243 784 313 836 σιις,
336 759 468 830 ὑποθήκας
492 776 568 834 sepe
586 755 752 832 promiscue
774 771 925 827 usurpasse
948 751 1025 830 (οι),
1070 752 1212 828 elegantia
1233 769 1347 822 carere,
1368 771 1433 809 cum
1449 750 1532 809 alii
1520 771 1581 828 Jam
1599 751 1792 822 docuerunt,
1807 749 1844 812 ni

244 868 418 926 quamquam
432 845 556 922 'liquido
571 855 682 902 constat
701 841 803 907 che*
768 865 819 900 των
842 839 1026 917 Πυθαγορείων
1070 837 1363 899 NeedlmmiusPraes.
1378 857 1444 940 pag.
1460 841 1561 915 δαίμ.
1577 839 1667 898 Paulo
1680 840 1844 906 meliusren

244 935 377 1006 ὑποθήκας
389 935 507 992 dillerre
522 931 558 989 ab
571 949 673 990 corum
689 928 831 1006 symbolis
846 925 1025 1004 (copiolas),
1071 941 1130 1004 egit
1136 925 1202 987 Fed
1210 925 1350 984 Mosellus
1357 945 1408 1002 qut
1399 926 1532 1004 'reliqua
1544 926 1691 985 Hieroclis
1703 926 1844 1002 fragment

244 1024 390 1080 sententiis
414 1019 552 1097 (γνώμαις)
579 1031 607 1076 et
629 1015 874 1076 similitudinibus
896 1015 1025 1093 (ὁμοίοις).
1071 1033 1165 1094 prope
1178 1033 1319 1073 omnraa
1337 1014 1411 1090 1593
1425 1014 1539 1072 edidit
1530 1027 1571 1072 sta
1585 1014 1759 1092 inscripta
1779 1021 1844 1076 «Hit

245 1112 319 1167 Ante
343 1122 476 1185 quartum
500 1119 595 1166 autem
620 1127 637 1164 a
658 1105 774 1164 Christo
797 1091 864 1163 nalo
890 1105 1025 1163 saeculum
1071 1105 1159 1160 meles
1172 1105 1208 1158 cle
1226 1104 1404 1158 Prouidentia
1418 1105 1533 1158 etFato
1546 1105 1635 1177 deque
1652 1105 1739 1159 liber-i
1757 1108 1844 1162 mbiai

245 1213 330 1252 nemo
345 1193 378 1251 σθ
396 1202 482 1272 χρυσᾶ
494 1191 545 1262 ἔπη
564 1193 619 1250 hoc
636 1194 702 1270 ipso
716 1193 834 1249 nomine
848 1192 1025 1269 appellavit,
1071 1209 1133 1246 curn
1151 1192 1246 1246 divina
1263 1191 1464 1262 gubernatione
1481 1197 1675 1248 convenientia
1688 1207 1844 1248 commenta

245 1280 388 1357 siquidem
402 1281 455 1338 hac
469 1281 662 1358 appellatione
674 1281 788 1358 primus
805 1299 875 1338 usus
888 1291 931 1338 est
944 1279 1027 1337 lam·
1071 1283 1128 1333 rius
1138 1283 1167 1332 in
1180 1279 1373 1350 compendium
1386 1280 1515 1334 redactus
1527 1291 1557 1333 et
1568 1297 1643 1333 nunc
1662 1286 1791 1353 primum
1805 1285 1844 1338 lna

245 1367 361 1426 blicltus
385 1369 415 1425 in
436 1369 627 1446 Protreptico.
644 1367 738 1443 llujus
758 1368 921 1444 exernplum
938 1369 1028 1426 secuti
1072 1378 1100 1422 el
1111 1369 1254 1420 latinitate
1264 1367 1394 1432 donatus,
1410 1385 1449 1422 ea·
1455 1367 1520 1442 Jide
1531 1372 1622 1440 preci
1639 1369 1754 1422 codicis
1772 1369 1844 1422 decu

246 1455 430 1531 chalcidius,
456 1456 592 1527 Proclus,
626 1455 791 1526 Hierocles,
823 1455 875 1513 alii
908 1456 1026 1514 eandem
1072 1459 1141 1522 tati,
1155 1453 1359 1508 ebibliotlrecoe
1368 1454 1511 1508 Mediocre
1517 1473 1593 1528 penu
1607 1461 1688 1520 eruti,
1710 1457 1802 1519 latine,
1817 1461 1844 1508 in

246 1561 383 1600 versuum
399 1542 654 1618 Pythagoricorum
673 1543 894 1620 inscriptionem
905 1561 967 1600 esse
978 1563 1027 1600 νο·
1074 1552 1192 1614 terprete
1207 1542 1276 1594 Fecl.
1292 1542 1422 1595 Morello.
1438 1542 1558 1596 Parisiis
1570 1543 1651 1615 apud
1662 1543 1787 1596 eundem
1801 1544 1844 1595 Hs

246 1630 372 1690 luerunt.
389 1629 452 1688 lam
469 1650 557 1707 quum
574 1649 659 1706 nemo
680 1629 808 1703 dubitet,
827 1633 899 1706 quin
918 1644 1028 1690 umeros
1074 1626 1312 1703 rcllum1593.8.
1329 1652 1342 1678 ν
1355 1625 1517 1704 Utrumque
1528 1629 1667 1685 volumen
1680 1627 1844 1688 additisalb'l

247 1720 279 1777 in
302 1719 462 1779 excitandis
484 1719 624 1778 librorum
651 1720 742 1778 titulis
763 1720 918 1778 admodum
939 1707 1030 1795 negli·
1075 1711 1184 1771 libellis
1194 1713 1334 1772 Pearsoni
1344 1733 1414 1772 cura
1424 1717 1576 1792 repetitum
1586 1729 1631 1772 est
1644 1715 1778 1773 Londini
1791 1719 1844 1788 ιθθ(

247 1820 346 1882 gentes
358 1808 472 1879 luerint,
481 1807 653 1882 intelligitur
665 1826 751 1884 qutun
762 1807 883 1865 difficile
894 1807 932 1864 sit
942 1806 1030 1866 hodie
1075 1815 1104 1859 et
1121 1801 1195 1859 1655
1210 1801 1266 1859 boc
1284 1801 1381 1859 indice
1397 1824 1404 1858 ι
1423 1827 1436 1853 ι
1453 1800 1613 1880 Ἱεροκλέους
1634 1805 1782 1882 φιλοσόφου
1800 1805 1844 1862 iri

248 1895 284 1953 de
307 1908 423 1954 auctore
437 1894 517 1952 aurei
539 1894 679 1952 carminis
699 1911 848 1970 quaerere,
864 1893 941 1969 quod
965 1905 1031 1952 ante
1074 1913 1167 1965 μνημα
1185 1893 1221 1957 είς
1233 1890 1266 1948 τὰ
1278 1893 1329 1948 τῶν
1347 1891 1530 1968 Πυθαγορείων
1542 1889 1594 1961 ἔπη
1609 1890 1644 1948 cb
1655 1901 1759 1968 χρυσᾶ.
1775 1896 1844 1947 Hiera

248 1997 383 2060 quartum
399 1982 535 2040 saeculum
553 1980 590 2038 ab
605 1983 671 2040 aliis
686 1981 744 2038 alio
758 1981 877 2039 nomine
892 1981 1028 2040 afficitur.
1075 1982 1124 2034 clis
1133 1980 1299 2055 philosophi
1317 1986 1531 2034 commentarius
1551 1986 1581 2034 in
1599 1999 1691 2036 aurea
1717 1982 1844 2054 Pythago

248 2069 319 2127 Nam
345 2069 438 2126 media
458 2081 538 2126 aetate
558 2067 589 2126 hi
614 2067 860 2144 Pythagoreorum
876 2087 977 2126 versus
992 2070 1032 2126 ita
1074 2087 1180 2124 reorum
1194 2074 1332 2124 carmina.
1352 2069 1398 2124 Ia.
1415 2069 1543 2124 Curlerio
1562 2073 1729 2142 interprete.
1745 2073 1844 2124 londin

249 2156 399 2214 hominum
423 2156 519 2214 studia
541 2168 712 2225 tenuerunt,
729 2167 760 2212 ut
785 2173 862 2232 saepe
884 2154 1030 2214 describe·
1079 2155 1166 2225 1654,
1185 2177 1231 2213 ια.
1249 2183 1312 2208 ι-
1323 2181 1336 2208 α
1350 2159 1487 2212 Hieroclis
1505 2163 1725 2211 commentarius
1743 2158 1778 2210 de
1792 2177 1844 2228 pro«

250 2258 361 2316 rentur,
381 2243 543 2302 minoribus
563 2242 693 2320 cujusvis
716 2242 830 2319 generis
854 2243 1032 2302 carminibus
1076 2245 1197 2300 videntia
1218 2242 1320 2315 etfato
1338 2263 1396 2298 una
1419 2263 1481 2298 cum
1496 2241 1676 2317 fragmentis
1695 2247 1812 2317 ejusden
1827 2253 1844 2296 n

249 2333 457 2408 adjicerentur,
472 2351 489 2388 a
502 2329 634 2388 Cedreno
649 2330 736 2388 etiam
759 2350 778 2407 p
805 2330 859 2388 156
876 2343 1033 2389 tractarcn-
1076 2335 1144 2387 Lilii
1165 2334 1283 2404 Gyraldi
1303 2337 1531 2406 interpretatione
1545 2333 1740 2403 syrnbolorum
1761 2332 1844 2400 rynel

250 2433 307 2490 tur,
321 2419 447 2494 denique
461 2436 561 2474 eorum
577 2437 681 2475 nomen
697 2415 759 2494 (ἔπη
778 2415 875 2496 χρυσᾶ)
897 2420 1032 2476 transier-
1077 2419 1207 2492 thagora
1221 2425 1347 2492 notisque
1360 2421 1462 2474 Merici
1477 2420 1641 2474 Carnaboni
1656 2420 1702 2472 ael
1722 2419 1842 2472 Commen-

250 2519 330 2564 retur
353 2504 389 2562 ad
417 2504 609 2580 Clmysomalli
643 2503 792 2581 cujusdam
828 2524 930 2563 versus
956 2507 1033 2582 apud
1077 2513 1178 2562 larium
1191 2507 1328 2564 Hieroclis·
1344 2511 1374 2561 in
1388 2525 1475 2562 aurea
1490 2512 1630 2562 carmina.
1648 2507 1774 2560 Londini
1789 2501 1844 2558 itit

250 2593 448 2651 balsamonem
464 2591 493 2647 in
509 2611 572 2650 can.
591 2589 639 2648 LX
654 2591 823 2669 Apostolor.
838 2592 910 2650 Vide
923 2592 1033 2651 Cotele·
1078 2606 1108 2649 et
1121 2596 1189 2653 ibid.
1208 2596 1288 2669 apud
1297 2595 1445 2650 Williams
1458 2593 1545 2662 1673,
1561 2594 1590 2650 8.
1603 2617 1616 2643 ι
1627 2591 1844 2666 Pearsonusipsn

251 2682 327 2740 rium
343 2679 383 2736 lll
397 2683 573 2738 Monumeut.
585 2680 687 2739 eccles.
702 2699 746 2753 gr.
758 2700 789 2757 p.
801 2680 855 2752 571
869 2691 898 2737 et
909 2685 1032 2738 Leonem
1080 2677 1154 2736 nihil
1178 2691 1283 2756 praeter
1301 2678 1513 2752 Prolegomena
1534 2677 1648 2754 adjecit
1662 2677 1762 2746 Quum
1778 2678 1844 2752 igitur

251 2768 389 2828 Allatium
400 2765 574 2823 deecclesia.
588 2765 776 2823 occidentalis
788 2778 874 2842 atque
886 2766 1035 2824 orientalis
1082 2765 1231 2825 Hierocles
1255 2767 1341 2824 etiam
1371 2779 1432 2823 tum
1461 2765 1558 2824 multis
1583 2765 1702 2824 mendis
1729 2778 1844 2864 scateret,j

251 2868 391 2934 perpetua
406 2853 596 2910 consensione
610 2852 662 2910 lib.
680 2851 722 2909 lll
743 2873 773 2930 p.
785 2854 853 2912 653.
868 2853 952 2922 Quod
965 2875 1034 2912 vero
1081 2859 1181 2913 Petrus
1193 2854 1386 2914 Needbamrus
1395 2874 1487 2912 varus
1496 2853 1636 2912 subsidua
1647 2854 1685 2912 ad
1697 2853 1844 2930 corrrgtn

252 2944 313 3000 dixi
328 2961 387 3000 non
408 2960 495 2999 unam
518 2940 606 2998 luisse
630 2941 700 2998 olim
720 2940 808 3018 hujus
831 2942 968 3000 carminis
989 2943 1035 3000 in·
1080 2958 1107 3002 et
1121 2944 1345 3044 explananda'
1318 2963 1382 3020 ejus
1403 2943 1513 3018 ingenii
1537 2955 1730 2999 monumenta
1755 2942 1844 3002 collatis

252 3030 458 3129 scriptionem,
471 3028 502 3086 id
514 3028 562 3086 ¹uel
578 3027 687 3086 hodie'
680 3029 817 3106 inspectis
839 3027 925 3086 libris
947 3049 1035 3088 manu
1080 3033 1246 3110 superiores
1257 3031 1382 3088 editores
1395 3030 1529 3088 doctrina
1542 3043 1571 3087 et
1584 3029 1742 3103 diligentia
1752 3019 1844 3126 supersi

251 3117 377 3174 exaratis
390 3115 576 3193 perspicitur
595 3115 728 3174 litenim'
720 3135 752 3172 ιιι
766 3115 866 3173 codice
877 3115 1035 3174 Parrstensr
1080 3123 1131 3181 vit
1150 3119 1247 3188 Quare
1259 3117 1401 3176 benevole
1413 3117 1483 3175 olim
1498 3129 1618 3195 excepta
1628 3130 1672 3174 est
1685 3137 1752 3194 ejus
1765 3107 1844 3186 edim

252 3203 358 3279 legitur
369 3201 522 3279 Πυθαγορου
535 3200 647 3278 *epten
657 3202 708 3272 ἔπη
720 3200 786 3260 nit
798 3199 882 3260 ἔνεστι
893 3200 1034 3282 adspectu,
1081 3209 1130 3266 cui
1166 3207 1244 3264 bunc
1279 3207 1394 3263 titulum
1423 3203 1576 3263 addidit«
1605 3208 1744 3261 Hieroclis
1770 3173 1844 3262 Plrilol

252 3291 285 3350 itt
304 3289 442 3348 Vaticano
472 3302 566 3348 aulem
593 3289 748 3369 Πυθαγόρου
777 3287 943 3370 repatriasse
965 3304 1037 3350 teste
1079 3297 1161 3370 snpln'
1189 3297 1380 3350 Alexandrini
1403 3296 1626 3351 Commentarius
1646 3301 1676 3348 in
1695 3313 1779 3348 aurea
1792 3263 1844 3364 (lu-l

245 3377 477 3436 ·hlontelalconiu
500 3374 574 3434 Bibl.
598 3374 674 3436 bibl.
692 3389 761 3436 tom.
777 3313 834 3454 lpp.
852 3376 869 3433 5
895 3376 927 3437 F..
943 3378 1037 3436 Hodie
1081 3389 1171 3452 mina,
1199 3385 1235 3439 de
1253 3384 1433 3440 Providentia
1451 3395 1481 3438 et
1503 3385 1577 3438 Fato
1597 3402 1663 3456 qnoe
1682 3369 1844 3456 supersmmtl

252 3467 304 3524 vix
323 3466 407 3524 aliter
418 3483 505 3541 quam
522 3481 641 3521 aureum
656 3483 773 3522 carmen
794 3465 840 3523 vel
860 3484 948 3524 aurea
960 3466 1038 3524 dicta
1080 3475 1188 3545 reliqna
1195 3469 1377 3545 fragmenta
1402 3472 1499 3525 Groece
1517 3483 1547 3524 et
1561 3472 1671 3528 Latine.
1689 3473 1787 3525 Groeea
1798 3469 1844 3521 arn

254 3555 352 3635 (χρα
301 3562 352 3612 usn
367 3553 427 3629 ἔπη)
444 3552 497 3610 hos
513 3569 614 3609 versus
629 3571 798 3654 nuncupare
811 3552 887 3610 licet.
1083 3561 1158 3615 MSS
1169 3560 1444 3642 collatacnstigarit,
1468 3560 1629 3613 Versionem
1644 3563 1785 3620 recensuit
1800 3557 1838 3610 ‚l‘o

294 3641 439 3701 Hieroclis
462 3639 657 3697 Commentar
650 3660 710 3698 rum
734 3642 765 3697 in
788 3659 906 3698 aureum
922 3660 1037 3700 carmen
1082 3659 1126 3700 tas
1146 3659 1175 3702 et
1191 3630 1319 3702 Indidem
1338 3647 1444 3717 ncls'ecit
1460 3647 1537 3704 Patr.
1553 3645 1715 3703 Needbam
1727 3645 1757 3701 S
1777 3643 1838 3696 nt.

254 3729 367 3808 primus
380 3747 397 3786 e
410 3727 518 3785 Codice
542 3725 671 3784 Veneriis
694 3739 770 3785 emto
792 3727 880 3785 latine
901 3727 988 3786 vertit
1010 3743 1039 3787 et
1084 3734 1156 3794 Coll.
1182 3736 1218 3792 D.
1242 3736 1362 3790 loannis
1392 3733 1512 3788 Cantab.
1535 3733 1643 3788 Socius.
1675 3731 1822 3802 Cantabri
1805 3746 1840 3780 ne

254 3814 405 3873 Nicolaol'
416 3813 553 3871 Pontifici
563 3809 690 3872 Maximo
700 3813 900 3874 dedicavttlo.
912 3815 1040 3894 Aurispa
1085 3823 1172 3895 Typis
1186 3823 1372 3878 Academicis.
1391 3823 1531 3894 Impensis
1549 3821 1588 3877 A.
1608 3831 1639 3874 et
1651 3821 1683 3877 J.
1705 3816 1827 3876 Cltun
1795 3837 1810 3868 ιι
1831 3855 1836 3876 ,

253 3902 378 3962 Siculus.
393 3901 506 3960 Patavii
524 3909 608 3974 ¹l7!t‚
622 3911 649 3971 l.
665 3901 757 3978 Cujus
771 3903 972 3980 interpretatio
987 3923 1039 3960 ενι·
1083 3909 1303 3982 bibliopolarum
1329 3909 1555 3964 Londinensr'um.
1584 3924 1671 3979 ¹7⁰9·
1687 3931 1702 3956 ι
1722 3903 1762 3962 ‚hd
1778 3899 1839 3958 casti·

256 3989 323 4066 pius
346 3990 423 4066 typis
444 3989 589 4065 descripta
612 4001 663 4046 est
686 3989 787 4048 Graece
810 3988 923 4066 primus
948 3990 1040 4049 edidit
1083 3992 1176 4067 ganda
1190 3992 1342 4070 scriptoris
1362 3991 1453 4050 verba
1474 3990 1596 4048 multum
1619 3989 1744 4067 profecit
1760 3985 1844 4064 partin}

255 4081 360 4134 Joann.
375 4075 526 4134 Curterius
540 4095 556 4134 e
570 4075 670 4136 codice
683 4076 805 4136 Abbatis
823 4077 1038 4155 liupilucaldii‚
1084 4081 1209 4157 perlecta
1225 4081 1283 4138 lida
1296 4080 1345 4136 illa
1360 4079 1493 4157 Aurispae
1504 4077 1693 4136 translatione
1705 4075 1795 4152 scripti
1806 4069 1844 4128 co?

255 4163 308 4240 qui
325 4163 448 4220 multum
462 4163 608 4241 discrepat
629 4163 667 4222 ab
684 4183 733 4237 eo,
748 4185 807 4242 quo
832 4168 957 4242 Aurispa
979 4178 1041 4224 erat
1084 4168 1159 4226 (licis
1171 4167 1263 4226 instar
1274 4166 1418 4238 habenda,
1432 4187 1496 4243 quae
1508 4166 1609 4241 ignota
1621 4161 1844 4226 lueratCurtcn'm

257 4269 337 4309 usus.
359 4250 407 4308 Sic
428 4262 521 4308 autem
536 4251 706 4310 inscribitur
723 4253 915 4330 ejuseditio.
932 4253 1040 4333 «Ἱερο
1084 4268 1189 4332 partim
1202 4267 1338 4330 congesta
1352 4255 1481 4333 plurium
1495 4252 1581 4312 codd.
1599 4252 1750 4330 scripturae
1766 4249 1844 4306 disu-¹

257 4335 349 4402 κλέους
368 4334 506 4414 φιλοσόφου
528 4336 672 4416 ὑπόμνημα
691 4341 726 4404 εἰς
743 4340 824 4398 ab*
789 4362 841 4398 των
855 4341 1039 4420 Πυθαγορείων
1085 4344 1179 4402 silete.
1843 4381 1844 4384 ¹

257 4422 308 4496 barn
325 4422 360 4481 τθι
379 4431 477 4502 χρυσᾶ.
493 4428 631 4482 Hieroclis
649 4429 811 4504 philosophi
829 4439 1041 4486 commentarius
1124 4430 1260 4506 Triginta
1283 4428 1378 4488 tribus
1400 4429 1485 4487 annis
1506 4441 1572 4506 post
1586 4448 1650 4502 quas
1665 4399 1844 4485 aNeedhaninl

258 4521 288 4570 in
299 4533 387 4570 aurea
399 4513 639 4589 Pythagoreorum
653 4522 780 4573 carmina
800 4519 901 4573 loann.
915 4519 1040 4575 Currerr‘o
1085 4518 1182 4576 minus
1203 4529 1280 4576 reete
1292 4515 1448 4573 constituta
1468 4529 1565 4574 essent
1585 4527 1738 4572 retractare
1757 4523 1781 4567 et
1794 4507 1844 4563 lle

258 4607 417 4677 interprete.
431 4601 476 4656 Ea·
491 4601 656 4656 bibliotheca
669 4604 704 4660 D.
721 4606 863 4658 Francrscr
872 4602 1041 4677 liuprfircal
1085 4604 1161 4663 dicei
1176 4603 1294 4662 Codicis
1306 4622 1362 4681 ope
1373 4603 1525 4680 scriptoris
1538 4601 1631 4662 verba
1644 4599 1844 4668 emendarem

257 4691 312 4758 clii,
332 4690 480 4756 liandani,
502 4690 664 4761 l'renorcln'i
677 4692 806 4748 Abbatis.
819 4693 935 4746 Parisiis
940 4695 1043 4767 apud
1085 4692 1159 4760 tavit
1171 4691 1293 4750 Carolus
1305 4691 1467 4760 Ashtonus
1485 4691 1536 4765 qui
1552 4709 1583 4748 se
1597 4689 1766 4748 bichardum
1777 4643 1844 4740 wls

258 4780 405 4836 Nicolaum
424 4779 574 4834 illinellium
596 4781 646 4834 sub
667 4784 748 4852 signo
769 4779 967 4835 Columnarum
989 4787 1040 4836 via
1086 4797 1188 4837 renum
1202 4797 1265 4836 esse
1279 4776 1396 4836 volebat
1411 4779 1481 4856 (aa).
1498 4777 1571 4837 Nam
1586 4796 1677 4854 quum
1690 4751 1844 4834 casunesttbl

1610 4873 1826 4896 du*

290 4940 339 5001 (tt)
356 4940 439 4990 Latine
450 4939 534 4990 eodem
547 4941 682 4990 modorum
691 4940 799 4991 Hierocle
808 4940 886 4990 dicas·
895 4943 1009 5004 quocirca
1019 4945 1043 4993 ct
1087 4943 1238 4992 mandamus.
1252 4941 1322 5002 Quod
1335 4942 1375 4991 liic
1384 4943 1408 4991 lv
1419 4945 1466 4998 σοῖς
1478 4941 1557 4990 ἔπεσιν
1567 4943 1580 4989 b
1592 4941 1659 5002 λόγος
1669 4943 1705 4990 est
1712 4937 1784 5000 ,paulo
1795 4935 1844 4984 ante

258 5009 283 5058 ln
287 5007 457 5089 Pythagoricis
469 5009 565 5058 monitis
578 5009 695 5058 virtutum
709 5013 825 5072 praerepta
836 5011 913 5072 primo
924 5011 976 5060 loco
988 5024 1040 5060 car·
1087 5013 1228 5074 simpliciter
1239 5013 1329 5073 θλόγσς
1340 5013 1447 5062 ιοσοίιιν.
1843 5001 1844 5076 l

261 5091 331 5126 minis
339 5079 412 5128 rerba
420 5079 532 5140 tradunt
540 5079 573 5128 sta
581 5093 624 5128 nos
633 5079 765 5129 erudientis
773 5080 985 5143 ‚ulahoplimorr
982 5095 1042 5130 rum
1118 5083 1166 5145 (ιι)
1183 5083 1244 5132 Vide
1262 5083 1360 5132 loannis
1372 5079 1486 5133 tticholsii
1509 5083 1631 5143 Πίον-σιμ
1643 5079 1793 5130 incedunt
1802 5059 1844 5118 Π

261 5149 445 5210 quimadritam
459 5115 577 5212 pertuleri
598 5151 1040 5202 usuaddirlntunsimilitudinema·
1087 5160 1173 5215 punt.
1181 5151 1492 5204 inscribiturlraecediliom
1503 5150 1616 5201 Hieroclis
1626 5144 1829 5211 Philosopliillutt
