3840 5924
487 415 525 474 ΙΝ
547 408 793 474 ntrrsnoctls
815 405 1027 472 scrutantr
1047 408 1264 484 arctoum.
1645 423 1678 480 tt

79 557 127 600 ror
154 535 235 598 idem
262 537 300 596 de
321 536 460 610 Melisso,
487 534 665 614 Xenophane
689 545 719 593 et
744 531 858 608 (ἔοι-ςίο
901 529 937 602 V,
953 532 988 589 ιθ
1006 551 1038 610 p.
1056 539 1114 606 67⁰
1131 532 1154 590 B
1171 550 1179 592 :
1198 531 1242 592 ἐπί
1256 528 1304 608 μέν
1319 521 1363 592 ι’ύν
1387 533 1480 614 τῇτοδ
1493 533 1589 595 οἰκείου
1601 533 1683 620 ίχθρφ

74 647 140 706 pag.
154 627 215 703 975
235 627 259 684 B
273 627 359 702 (pag.
378 645 414 702 ¹9
425 643 486 702 seq.
501 623 548 682 ed.
570 637 659 682 nostr.
670 621 689 702 l.
703 623 797 680 Porro
813 639 856 680 rs.
903 617 995 686 στόσις
1017 619 1156 692 κέκληται,
1177 620 1220 679 ίπλ
1237 619 1264 678 δέ
1285 621 1318 699 τῇ
1338 623 1383 679 τού
1408 619 1545 702 έλλοτρίου
1558 621 1681 699 πόλεμος.

74 716 112 790 98
124 713 214 774 babet
232 713 419 790 Philoponus
433 712 470 770 de
489 710 594 771 Gener.
610 723 640 770 et
656 709 744 768 luter.
758 708 782 770 l.
798 707 818 768 l.
838 716 855 778 4
902 706 1033 766 Eundem
1049 727 1132 766 usum
1147 708 1221 768 illud
1244 706 1289 767 ίπί
1302 731 1354 766 τινι
1372 708 1420 768 vel
1445 707 1489 768 ίπί
1510 731 1580 778 τινος
1598 709 1683 790 λέγειν

76 805 98 860 Α
107 825 117 874 ;
133 802 212 861 idern
228 799 354 878 bletapb.
378 801 399 861 ί.
425 801 459 860 18
475 799 506 858 B.
521 798 570 859 Vs.
585 819 641 858 τοο
653 810 775 874 tangunt
787 798 858 856 dri-
902 795 979 873 apud
993 795 1186 876 philosophos
1200 809 1229 854 et
1241 797 1446 872 grammaticos
1459 797 1561 876 habet,
1577 818 1637 878 quo
1651 801 1684 860 lit

74 891 193 948 stoteles
207 888 245 948 de
258 888 331 947 Gen.
343 900 456 948 eteorr.
468 886 509 958 ll,
521 890 539 946 6
552 908 580 965 p.
595 895 651 954 4ο4
662 883 688 942 G
699 907 707 957 ;
719 883 856 962 Philopo-
902 883 1066 955 interdurn,
1084 896 1118 943 ut
1130 881 1174 945 έπλ
1194 885 1299 944 rocula
1320 884 1358 943 ad
1380 884 1441 964 περὶ
1466 887 1683 965 praepositionis

73 997 128 1036 nus
145 978 182 1036 dc
196 975 378 1036 Genetlnt
397 977 418 1037 Ι.
433 996 457 1034 ο.
467 974 639 1054 Simplicius
648 973 736 1050 Phys.
748 972 855 1042 Ι,ί.34
901 971 1125 1030 similitudinem
1152 971 1288 1031 accedere
1310 972 1454 1032 videatur.
1476 971 1525 1030 Sic
1548 972 1609 1048 jam
1635 973 1683 1034 AE·

72 1067 105 1135 B,
121 1067 209 1144 39Α,
224 1065 259 1122 5ι
277 1064 388 1136 B3alii.
399 1062 597 1123 Verbahtece
610 1061 708 1140 primo
718 1059 857 1120 carminis
901 1060 993 1137 schyl.
1015 1060 1095 1138 Sept.
1118 1060 1190 1138 905,
1205 1059 1316 1140 πόριοτι
1331 1063 1354 1120 δ’
1375 1061 1457 1120 elatis
1478 1062 1520 1120 έπ’
1547 1061 1682 1124 ἀθλίοισιν.

72 1153 262 1232 Empedoclei
281 1151 318 1211 de
339 1169 437 1210 rerum
462 1163 567 1210 natura
589 1148 668 1207 libro
688 1147 779 1226 petita
793 1164 857 1204 esse
901 1149 991 1258 Sppb.
999 1150 1067 1211 (Ed.
1078 1149 1141 1212 Col.
1154 1151 1224 1224 415,
1237 1149 1358 1208 καλταῦτ
1360 1148 1415 1230 ”ίφ
1429 1151 1683 1230 ἡμῖιΦοῑὸοςιίρη-

72 1241 185 1300 diserte
209 1251 330 1299 testatur
349 1238 526 1298 Plutarchus
541 1238 578 1297 de
594 1237 671 1316 plac.
692 1234 766 1313 pbil.
785 1235 806 1295 1.
828 1253 854 1292 c.
901 1233 1045 1317 κὼςκυριῑ.
1054 1236 1127 1296 Vide
1136 1257 1202 1315 quae
1211 1238 1309 1298 notavi
1321 1239 1358 1296 ad
1371 1241 1489 1300 Aristot.
1503 1238 1539 1297 de
1550 1239 1679 1311 lllelrsso

71 1327 303 1406 Εμποδοοιλης
270 1349 348 1408 φυσιν
363 1325 444 1404 μηδέν
457 1327 533 1404 (leg.
548 1315 715 1404 μηδινδςλιῖ
714 1347 757 1382 ναι
765 1321 857 1400 ,ipio
901 1322 1034 1403 Xenoph.
1058 1336 1087 1382 et
1106 1324 1196 1400 Gorg.
1213 1344 1278 1404 pag.
1296 1325 1332 1398 57
1352 1337 1382 1382 et
1395 1345 1458 1402 quae
1479 1325 1576 1386 Herm
1593 1325 1684 1386 rriu-

71 1417 316 1496 δὲτῶνιιτοιχιίων
332 1416 379 1476 καί
394 1417 549 1476 διάστασιν·
559 1413 808 1495 γριίφιιγδιρούτιυς
829 1414 856 1471 έν
901 1413 1046 1472 schrusad
1059 1411 1277 1476 adiutricum.
1291 1411 1511 1491 lib.Vlll,.ap
1527 1413 1683 1475 130bser-

72 1511 109 1586 τῷ
134 1505 237 1588 πρώτῳ
257 1510 369 1588 φυσικῷ.
398 1505 520 1564 &nsum
553 1505 665 1563 indicat
686 1503 857 1581 Simplicius
901 1504 991 1562 vavit.

69 1569 161 1670 Pbys.
178 1592 230 1650 lf.
245 1595 294 1663 34.
309 1589 446 1663 Β.’τ’λν
414 1613 515 1669 γενισιν
529 1591 575 1650 καὶ
584 1590 683 1670 φθορὰν
694 1588 776 1666 μηδέν
791 1587 857 1647 ἄλλο
939 1589 987 1650 Vs.
997 1592 1046 1666 98.
1063 1587 1139 1669 φύσις
1152 1588 1225 1646 οὖδιν
1226 1585 1348 1670 ςέστιυ]
1359 1588 1501 1658 Quamvis
1512 1590 1682 1652 Aristoteles

68 1672 92 1739 ιι
91 1703 135 1738 ναι
146 1725 156 1758 ,
167 1680 241 1740 ἀλλὰ
262 1679 342 1756 μόνον
359 1679 429 1754 μῖξίν
446 1700 474 1738 τι
489 1679 536 1738 καὶ
554 1677 689 1746 διάλλαξιν
709 1676 856 1755 μιγέντων,
901 1675 1025 1756 lletaph.
1036 1677 1090 1736 lib
1106 1676 1152 1748 lv,
1172 1677 1331 1746 tnativam
1347 1677 1430 1737 vocis
1445 1677 1523 1757 φύσις
1536 1679 1684 1754 signilica·

68 1793 114 1828 νιαι
103 1770 241 1828 σύνοδον
254 1767 389 1836 διόπτυξίν
403 1791 432 1826 τι
442 1766 558 1845 γίνεσθαι
570 1768 597 1825 έν
612 1767 688 1846 μέρει
698 1766 784 1838 αίοης.
800 1767 857 1825 Ex·
901 1764 1028 1837 tionem,
1049 1765 1085 1824 de
1105 1785 1164 1842 qua
1186 1785 1275 1842 supra
1293 1765 1407 1841 egimus
1420 1778 1570 1840 agnoscat,
1591 1765 1681 1846 φύσις,

69 1856 194 1934 ponitur
208 1855 287 1914 eninr
302 1854 348 1914 bis
363 1853 500 1914 versibus
512 1853 613 1913 nobile
626 1855 700 1914 illud
714 1853 856 1932 Empedo-
901 1852 1056 1931 inquiens,
1078 1851 1184 1930 λέγιται
1204 1849 1250 1909 ένα
1265 1850 1312 1926 μέν
1331 1849 1429 1931 τρόπον
1444 1855 1462 1924 ἡ
1477 1856 1529 1912 τῶν
1545 1853 1682 1933 φωμένων

68 1944 124 2001 clis
143 1943 313 2017 decretum,
330 1962 389 2019 quo
401 1941 515 2002 sublata
525 1943 712 2018 generatione
725 1955 754 2001 et
764 1955 856 2001 morte
900 1939 1000 2016 γένεσις
1014 1959 1187 2019 :perperam
1199 1953 1294 1998 tamen
1307 1939 1363 1998 hoc
1377 1939 1561 2019 Empedoclis
1572 1941 1681 2002 dictum

70 2031 148 2089 nibil
167 2031 229 2090 nisi
245 2030 346 2110 ligura·
365 2031 510 2103 mutatio,
526 2031 625 2090 mistio
650 2049 684 2090 ac
702 2030 856 2090 dissolutio
900 2028 1023 2107 accipit,
1040 2027 1116 2107 φύσιν
1136 2028 1274 2087 hocloco
1295 2026 1486 2088 substantiam
1506 2048 1682 2108 rerumque

69 2121 100 2178 in
122 2137 225 2178 rernm
240 2132 353 2177 naturae
367 2137 492 2198 corpore
509 2119 617 2178 dicitur
636 2120 773 2182 inveniri.
792 2119 856 2179 Non
901 2127 1004 2174 natura
1014 2128 1081 2174 saint
1092 2133 1155 2174 esse
1169 2115 1356 2176 contendens.
1367 2116 1416 2174 Sic
1427 2117 1505 2175 enirn
1518 2119 1584 2179 ait:
1603 2115 1682 2180 ίτιδ

68 2225 175 2282 magna
195 2207 349 2284 scripturae
363 2206 559 2286 discrepantia
573 2208 651 2285 apud
668 2207 854 2267 Plutarchum
900 2201 979 2262 ἄλλον
994 2202 1090 2283 τρόπον
1109 2203 1245 2280 λέγεταιὴ
1260 2203 1335 2284 φύσις
1348 2208 1366 2276 ἡ
1387 2204 1528 2278 τῶνφύσιι
1540 2205 1620 2264 όντων
1637 2209 1681 2266 οὔ·

69 2309 131 2368 ast,
145 2295 200 2373 qni
216 2295 291 2355 duos
306 2297 422 2374 priores
437 2315 537 2355 versus
554 2297 586 2354 in
597 2295 677 2356 libro
690 2296 726 2355 de
739 2296 857 2374 placitis
900 2289 960 2363 σία,
970 2280 1023 2348 οἷον
1038 2292 1062 2348 τί
1075 2289 1194 2366 λέγοντες
1205 2289 1254 2361 τὴν
1266 2289 1342 2371 φύσιν
1357 2281 1483 2365 εἶναιτὴν
1497 2293 1605 2373 πρώτην
1618 2295 1682 2355 σύν·
1719 2365 1727 2376 Ι

69 2384 113 2441 sic
127 2381 272 2441 exhibet:
901 2382 985 2449 θισιν,
999 2376 1089 2458 ὥσπερ
1102 2378 1289 2454 Ἐμπεδοκλῆς
1308 2377 1380 2456 λέγει
1398 2379 1437 2438 ὅτι
1459 2405 1474 2436 α
1488 2379 1564 2460 φύσις
1579 2382 1682 2452 οὐθενός
1752 2382 1757 2391 ’

901 2468 970 2524 ἐστιν
981 2464 1160 2540 ἐόντων,ιἰλλόι
1172 2465 1250 2542 μόνον
1258 2492 1271 2517 ν
1279 2467 1337 2526 κτλ.
1352 2465 1486 2528 Errorern
1494 2468 1682 2529 confutarunt

900 2573 965 2612 curn
983 2553 1052 2626 alii,
1069 2567 1130 2612 turn
1151 2554 1302 2613 Bonitzius
1316 2553 1479 2613 Commeat.
1500 2557 1532 2614 in
1553 2556 1680 2636 llletapb.

900 2661 929 2720 p.
954 2643 1021 2701 230.
1042 2643 1086 2700 lle
1108 2642 1232 2720 proprio
1252 2655 1347 2704 autern
1368 2643 1496 2702 nominis
1516 2645 1680 2719 significatu

70 2737 99 2792 in
118 2753 156 2793 eo
176 2753 266 2812 quem
282 2732 421 2793 adversus
443 2733 564 2793 Coloten
586 2735 724 2813 scripsit,
738 2736 780 2794 ita
799 2756 856 2795 υι-
900 2730 1063 2790 Alexander
1073 2731 1314 2809 Aphrodisiensis
1322 2751 1389 2810 pag.
1402 2731 1515 2790 315ed.
1523 2732 1596 2792 Bon.
1609 2753 1617 2790 a
1630 2732 1681 2806 τὴν

71 2823 126 2880 rint
141 2842 150 2879 ε
900 2819 976 2899 φύσιν
989 2823 1127 2899 πενταχῶς
1147 2819 1316 2880 ἀποδίδοσθαι
1339 2819 1420 2896 λέγιι.
1443 2822 1492 2891 τῆς
1510 2819 1561 2900 γδρ
1579 2822 1681 2901 φύσεως

258 2901 261 2906 ’
899 2907 947 2978 vlle
959 2907 1007 2985 μὲν
1017 2910 1052 2974 ὡς
1048 2908 1142 3014 φύσιγ
1156 2930 1184 2966 τι
1199 2907 1245 2966 καί
1258 2905 1400 2986 βλάστησιν
1410 2905 1495 3018 λέγει·
1505 2910 1615 2988 λέγομεν
1627 2909 1680 3020 γδιρ

900 2997 1011 3076 φύεσθαι
1029 3019 1060 3054 το
1081 2993 1234 3072 γινόμενον,
1254 2993 1397 3062 miroalt
1422 2995 1524 3074 γένεσιν
1547 2998 1635 3066 εἰς’
1603 3021 1680 3079 φυσιν

900 3083 1064 3162 όγισθαι.
1035 3107 1084 3155 την
1099 3080 1225 3154 τοιαύτην
1245 3083 1321 3194 φύσιν
1342 3081 1456 3160 ὡρίσατο
1476 3084 1502 3141 ίν
1488 3107 1557 3164 ντη
1540 3089 1680 3166 Φυσικῇ

70 3171 261 3230 Γειετιιιιι’
226 3192 303 3249 φυοις
312 3168 517 3235 οθδινόςῑιιθυιιι
528 3171 615 3228 etiam
630 3171 795 3232 Aristotelis
809 3193 854 3232 re·
899 3172 1050 3252 Ἆιροοίσιι.
1073 3169 1192 3242 συνήθως
1205 3159 1301 3246 μέν
1271 3193 1300 3228 ου
1286 3193 1315 3226 υν
1333 3171 1426 3229 έπί”
1390 3194 1441 3228 των
1465 3195 1552 3252 φυτων
1567 3197 1614 3252 pus
1593 3173 1680 3234 ἐσθαι

73 3259 286 3335 liquorumque
306 3257 493 3329 auctoritate,
517 3277 613 3335 neque
637 3258 758 3318 dubium
780 3265 854 3338 quin
900 3283 1099 3341 κατηγοριιται,
1113 3258 1160 3318 καί
1181 3259 1281 3316 lul
1246 3281 1297 3316 των
1284 3255 1386 3338 νζώων
1404 3259 1432 3317 δέ
1449 3259 1568 3338 λέγεται·
1581 3260 1680 3338 γένεσις

71 3341 194 3403 θονατοιο
207 3341 317 3414 τιλουτιί
335 3355 414 3420 recte
427 3362 457 3402 se
470 3300 583 3402 liabent.
599 3345 782 3404 Aristotelem
796 3367 855 3406 non
900 3347 952 3427 γδρ
967 3355 1042 3406 πᾶσα
1056 3349 1073 3418 ἡ
1088 3344 1161 3412 τίς
1137 3367 1167 3404 το
1178 3334 1325 3403 τελειονέέ
1310 3361 1352 3411 οος
1363 3343 1481 3423 πρόοδος.

70 3451 221 3490 moramur
235 3433 269 3490 in
286 3430 492 3508 Metaphysrcrs
503 3451 559 3510 pro
569 3431 692 3491 δταντων
703 3437 853 3493 memoria
939 3437 986 3494 Vs.
1008 3456 1074 3496 ror.
1089 3432 1165 3513 φύσις
1189 3433 1212 3491 δ’
1227 3430 1270 3491 ἐπὶ
1293 3440 1346 3500 τοῖς
1360 3434 1418 3492 κτλ.
1429 3431 1679 3516 ]Empedocleum

70 3519 155 3596 lapsu
182 3521 328 3594 legentem
349 3519 458 3589 ἐόντων,
490 3539 580 3596 quum
605 3521 740 3598 proxima
763 3522 855 3582 rerba
899 3524 1007 3600 dogma
1021 3521 1388 3602 reprehendrtdrrstoteles
1398 3521 1434 3579 de
1444 3521 1549 3581 Gener.
1565 3535 1593 3580 et
1602 3543 1678 3582 corr.

69 3612 170 3678 θνητῶν
186 3610 247 3669 κτλ.
266 3627 326 3665 non
336 3607 473 3685 adjiciat,
484 3608 593 3685 quibus
606 3610 748 3686 appositis
761 3609 854 3670 δόντων
901 3611 938 3683 ll,
954 3615 973 3670 6
987 3609 1040 3669 ubi
1053 3627 1186 3686 quaerens
1198 3607 1271 3685 quid
1285 3625 1379 3666 causae
1393 3626 1456 3666 esse
1470 3607 1625 3668 dicendum
1641 3611 1680 3671 sit

71 3693 146 3752 lcrri
161 3713 223 3752 non
235 3713 323 3771 posse
335 3694 368 3753 in
383 3707 498 3772 promtu
509 3707 562 3755 est.
579 3695 692 3754 Deinde
705 3696 778 3754 illud
792 3697 854 3756 έκυί-
900 3720 953 3759 cur
963 3717 1045 3758 suam
1057 3713 1179 3772 quaeque
1191 3711 1238 3753 res
1250 3706 1278 3752 ct
1293 3694 1353 3751 vim
1365 3707 1394 3752 et
1404 3695 1526 3770 figuram
1536 3694 1677 3770 obtineat,

67 3803 131 3838 στου
143 3780 226 3858 qnod
238 3781 331 3838 altero
342 3781 407 3839 loco
423 3780 573 3840 Plutarchi
587 3781 764 3840 membranae
779 3801 852 3860 prae-
898 3791 976 3845 τοῦτο
988 3785 1010 3844 δ’
1027 3785 1112 3852 ἐστίν,
1129 3781 1242 3859 inquit,
1262 3784 1279 3852 ἡ
1298 3779 1373 3838 οὐσία
1387 3784 1404 3852 ἡ
1420 3780 1548 3853 έκοίστου,
1572 3783 1633 3840 ἀλλ’
1648 3785 1678 3842 ού
1696 3803 1698 3808 ·

67 3867 152 3940 beat,
169 3869 338 3927 necessario
355 3887 392 3926 ex
412 3867 537 3926 δπιίντων
555 3869 744 3928 librariorum
756 3871 853 3948 culpa,
899 3873 1000 3951 μόνον·
1014 3870 1082 3950 μῖξίς
1095 3893 1124 3929 τε
1140 3867 1274 3937 διάλλαξίς
1287 3891 1316 3927 τι
1330 3868 1491 3948 μιγίντιον,ι
1505 3867 1596 3951 ὥσπερ
1610 3871 1680 3930 lati·

66 3959 117 4033 qui
132 3958 244 4034 sapius
258 3955 319 4014 bare
333 3955 476 4014 vocabula
490 3957 698 4032 confuderunt,
710 3957 853 4034 originem
898 3961 940 4030 νός
951 3983 1037 4038 φησιν.
1046 3958 1116 4038 τύχη
1125 3958 1149 4016 δ’
1157 3957 1202 4016 tet
1213 3956 1311 4016 τούτων
1323 3957 1376 4033 (al.
1388 3956 1502 4035 τούτοις)
1513 3958 1679 4033 ὀνομάζεται,

67 4047 168 4106 traxit.
182 4044 231 4104 Vs
247 4065 312 4102 ror.
326 4043 385 4102 Pro
397 4045 474 4125 φύσις
484 4045 508 4103 δ’
518 4045 561 4103 tat
571 4052 625 4112 τοίς
639 4045 855 4106 Plutarchusde
899 4049 960 4112 ἀλλ’
968 4050 997 4108 ού
1004 4046 1090 4126 λόγος.
1101 4045 1158 4105 ίοτι
1167 4043 1219 4124 γδρ
1231 4047 1358 4123 μιχθῆναι
1366 4047 1402 4112 ὡς
1411 4042 1512 4125 ἔτυχεν.
1526 4044 1680 4106 Contraria

62 4133 140 4210 plac.
156 4131 408 4213 φύσιςδέβροτοῖς,
421 4131 472 4191 sed
493 4131 584 4190 altero
598 4133 663 4192 loeo
677 4132 721 4192 ίπὶ
738 4142 855 4211 τυῑς,υι
898 4155 969 4196 vero
981 4133 1179 4213 Empedoclea
1189 4131 1295 4189 rationi
1311 4131 1478 4210 ponit,pro
1487 4129 1562 4212 φύσις
1577 4133 1608 4190 in
1621 4151 1680 4210 qua

64 4220 248 4278 Aristoteles
270 4219 347 4298 apud
368 4239 453 4296 quem
479 4231 593 4293 tritten,
619 4221 744 4298 Metapb.
766 4221 814 4300 lv,
834 4232 850 4292 4
900 4222 1043 4300 λόγοςεει,
1057 4221 1144 4300 τύχην
1160 4217 1357 4294 substituens,
1371 4218 1403 4276 in
1417 4238 1475 4296 qua
1490 4218 1601 4277 nullum
1615 4237 1680 4278 esse

64 4308 216 4367 nonnulla
231 4308 411 4384 exemplaria
425 4307 582 4386 praeferunt
593 4308 683 4369 τοῖσδ’.
699 4307 793 4368 Verba
806 4310 854 4390 φύ-
898 4311 975 4389 λόγον
990 4323 1093 4390 sponte
1108 4320 1194 4387 patet.
1214 4305 1290 4364 Male
1310 4308 1465 4385 Asclepius
1475 4307 1574 4369 Schol.
1588 4306 1678 4367 Arist.

61 4419 103 4462 εις
120 4397 206 4455 θ’ἐπλ
221 4403 277 4462 τοῖς
301 4397 458 4471 ὀνομύζιτιιι
477 4397 652 4476 ἀνθρώποισιν
670 4397 855 4458 idernralent
898 4417 928 4477 p.
943 4400 1011 4476 695.
1027 4419 1052 4457 a
1078 4397 1121 4456 ίπλ
1134 4403 1187 4462 τοῖς
1206 4393 1397 4454 adelementa
1410 4396 1518 4454 relert:
1534 4393 1622 4472 έλιγεν
1638 4393 1679 4454 ότι

62 4485 145 4561 quod
163 4483 271 4562 γένεσις
294 4483 317 4541 δ’
327 4483 371 4542 ἐπὶ
390 4480 491 4550 τούτοις
510 4486 667 4563 θνομύζιτσι
678 4485 729 4544 tal
741 4490 794 4545 τιῗνν
810 4488 855 4545 ἐν·
899 4487 1006 4567 φύσιςδ*
1019 4486 1062 4547 ίττί
1074 4484 1172 4552 τούτοις
1187 4483 1241 4552 τοῖς
1252 4482 1389 4563 στοιχείοις
1401 4485 1620 4563 θνομόζιταιτοῖς
1636 4486 1680 4542 όν·

62 4573 193 4650 θρόνοισιν.
208 4571 283 4630 Nam
308 4569 383 4651 φύσις
397 4591 454 4650 pro
470 4574 570 4652 γένεσις
584 4574 635 4634 alii
658 4574 745 4633 etiam
766 4575 855 4636 dixe·
899 4575 1021 4655 θρώποις.

63 4674 153 4730 runt,
172 4660 259 4718 velut
279 4659 397 4718 Ocellus
410 4679 474 4738 cap.
500 4659 528 4720 11
551 4659 574 4743 §
596 4663 612 4719 3
640 4680 707 4740 pag.
734 4665 787 4721 161
807 4663 853 4724 ed.
938 4661 986 4721 Vs.
1007 4657 1630 4741 ιοο·ιο4.ίκτοθγδρ-έριίδῃ]ΑιὶειοιοΙοσ
1643 4661 1681 4721 de
1724 4673 1729 4680 “

65 4761 157 4807 nostr.
168 4749 308 4806 AElianus
316 4767 380 4808 var.
391 4746 458 4808 bist
470 4748 522 4810 lib.
536 4749 580 4806 ΙΙΙ
591 4769 655 4828 cap.
673 4770 684 4806 ι
699 4770 784 4828 quem
797 4751 856 4811 lau·
899 4749 1016 4808 Melissa
1026 4792 1035 4822 ,
1044 4747 1224 4826 Xenophane
1233 4761 1262 4806 et
1274 4746 1385 4824 Gorgia
1394 4769 1461 4826 pag.
1473 4750 1531 4826 975
1543 4749 1576 4810 B.
1587 4753 1629 4828 (p.
1645 4751 1680 4808 ιθ

64 4835 130 4894 dari
155 4835 192 4894 ad
213 4835 349 4894 Ocellum
373 4855 487 4912 p..·rro.
505 4835 579 4894 Cum
596 4835 789 4914 Empedocleo
811 4838 854 4896 di·
899 4857 960 4914 seq.
976 4837 1021 4895 ed.
1034 4834 1149 4914 nostr.)
1171 4835 1244 4894 έτιιί
1265 4835 1310 4895 καί
1325 4833 1365 4894 ότι
1381 4835 1499 4912 μάλιστα
1518 4835 1628 4911 μήτιτδ
1640 4835 1678 4914 μὴ

66 4922 151 4982 cendi
166 4941 277 5000 genere
294 4924 338 4981 tet
358 4930 412 4988 τοῖς
425 4923 446 4982 i.
468 4941 492 4982 e.
518 4925 562 4983 ίπλ
581 4923 681 4990 τούτοις
700 4926 855 5000 ὀνομάζεται
899 4924 927 4983 ὃν
939 4923 1073 5003 ἐνδέχεται
1083 4923 1224 5002 γενέσθαι,
1239 4923 1309 4997 μήτε
1321 4923 1465 4984 ἀπολέσθαι
1478 4923 1507 4982 τὸ
1517 4923 1561 4998 όν,
1573 4921 1646 5000 ὅμως
1653 4925 1679 4981 τί

67 5029 228 5090 componas
248 5012 347 5070 locum
374 5011 506 5070 Platonis
525 5011 699 5090 Alciblp.
728 5014 783 5070 108
806 5013 851 5068 A:
899 5010 1055 5084 κωλύει,τδ
1066 5010 1114 5088 μέν
1131 5010 1258 5090 γινόμενα
1271 5011 1357 5069 αὐτῶν
1371 5003 1529 5083 εἶναι,τίιδ’
1542 5009 1678 5088 οίίδιοι,ό)ς

68 5100 153 5169 ἐπειδὴ
168 5097 273 5178 βέλτιον
285 5098 335 5176 μέν
346 5098 481 5174 ὠνόμαζες
491 5101 532 5158 ἐπ’
545 5098 709 5182 ἀμφοτέροις,
723 5107 854 5176 quoniam
901 5099 945 5157 καί
957 5099 1142 5175 Ἐμπεδοκλῆς
1157 5099 1241 5176 λέγει,
1262 5097 1367 5157 ἅπαντα
1381 5097 1433 5176 γδρ
1454 5099 1574 5161 κάκεῖνος
1592 5101 1677 5155 ταῦτα

70 5192 138 5245 und
148 5194 250 5248 inclita
257 5195 288 5246 in
298 5203 418 5263 atroque
429 5195 586 5248 nominasti.
602 5189 683 5248 Adde
696 5189 733 5248 de
743 5187 854 5268 llepub.
900 5187 1081 5268 ὁμολογήσας,
1092 5186 1132 5248 ὅτι
1143 5189 1172 5247 έκ
1182 5191 1228 5246 τοῦ
1247 5186 1285 5266 μὴ
1303 5185 1375 5253 ὄντος
1392 5183 1530 5265 ἀμήχανόν
1543 5185 1599 5244 έστι
1609 5182 1681 5264 γενέ·

111 2515 178 2574 οἲλλο
193 2513 222 2575 δι’
237 2539 277 2574 τοι
291 2513 372 2593 έρίω·
383 2511 459 2595 φύσις
469 2511 542 2572 οὐδέν
554 2513 624 2573 ίστιν
637 2513 776 2587 ἁπάντων,

109 2607 233 2682 θνητῶν,
250 2601 310 2662 οιίδέ
323 2627 361 2669 τις
375 2603 514 2679 οὐλομένου
524 2600 646 2662 θανότοιο
658 2604 776 2676 τελευτή,

107 2949 216 3012 ἄλλοδέ
229 2972 271 3009 σοι
282 2949 360 3031 έρίω·
370 2949 445 3028 φύσις
456 2932 558 3018 οὐδενός
572 2952 641 3010 ἔστιν
661 2951 774 3012 έκιίστου

106 3043 228 3113 θνητῶν,
236 3039 296 3098 ούδί
309 3063 347 3107 τις
357 3037 485 3115 οὐλομένη
497 3037 618 3098 θανάτοιο
630 3039 749 3118 γενέθλη.
