3838 5926
280 457 317 508 rs
867 425 869 428 ⁵
922 432 1231 496 COMMENTARIUS

280 583 362 641 testis
376 577 507 638 AElianus
521 576 557 635 ll.
574 577 609 636 Α.
623 573 678 633 illl
690 616 698 646 ,
711 595 739 648 7,
757 572 841 651 cujus
864 572 953 630 verba
966 571 1002 629 ad
1017 590 1061 630 vs.
1107 568 1322 628 Alexandrinus
1338 567 1482 644 Protrept.
1494 585 1523 643 p.
1536 587 1570 637 17
1584 565 1608 622 Α
1628 563 1668 644 (p.
1686 563 1747 644 αδ).
1758 564 1897 642 Alloqui-

283 672 418 742 4qssqp9
433 664 526 724 apuli.
1109 669 1157 714 tur
1178 655 1365 734 Empedocles
1380 652 1530 732 improbos
1545 653 1590 711 rel
1613 651 1745 728 ἀμυήτους
1758 653 1815 730 qui
1831 653 1896 730 jura

321 756 369 813 Vs.
387 756 454 824 451.
470 749 548 810 δειλοί
560 751 632 828 κτλ.]
647 749 760 807 Gellius
773 747 855 808 Noct.
871 748 929 807 Att.
945 743 993 823 tv,
1015 765 1062 816 τις
1108 743 1209 801 divina
1222 739 1389 800 ethumana
1402 752 1590 800 contemnunt
1612 739 1657 796 vel
1673 739 1840 814 negligunt.
1856 741 1896 798 Cl.

282 843 426 920 Didymus
437 840 570 918 Geopon.
582 838 621 907 ll,
637 838 687 911 35,
702 841 727 894 θ,
741 835 853 894 Gellius
864 833 970 914 ἔχεσθαι
985 833 1063 910 quod
1110 831 1205 890 Carm.
1221 849 1283 888 aur.
1297 848 1336 888 vs.
1351 829 1386 897 54
1405 847 1486 904 seqq.
1498 825 1586 906 γνώσῃ
1598 826 1620 886 δ’
1633 825 1789 905 ἀνθρώπους
1802 826 1896 884 αὐθαί-

280 930 409 990 servavit
419 929 505 986 etiam
519 926 660 983 Martinus
673 923 807 982 llertaius
820 942 849 999 p.
867 922 940 992 ¹503
956 922 989 979 in
1003 919 1065 977 hlo-
1112 939 1173 995 ριτα
1185 915 1287 994 πήματ’
1301 915 1408 994 ἔχοντας
1417 917 1476 976 κτλ.

283 1018 385 1076 sellani
405 1017 533 1074 editione
551 1014 655 1087 legitur
669 1010 782 1070 ἑλέσθαι.
801 1009 858 1067 Sed
879 1009 911 1066 in
931 1008 1063 1086 Geopon.
1149 1003 1212 1062 Vss·
1228 1003 1359 1074 457·l61
1377 999 1900 1078 0005110χὶ·ί58·457·ί59ὅθῐθθθῐῑ

283 1119 327 1164 est
339 1103 440 1184 ἔγεσθε.
457 1105 497 1160 lle
516 1121 547 1158 re
568 1103 631 1179 ipsa
654 1100 723 1158 vide
743 1099 868 1155 Gellium
889 1097 909 1153 l.
934 1117 958 1156 c.
1110 1090 1243 1148 Clemens
1267 1089 1479 1148 Alexandrinus
1497 1088 1602 1145 Strom.
1621 1088 1657 1145 tv
1681 1109 1710 1166 p.
1732 1090 1791 1156 534
1815 1089 1840 1146 C
1861 1094 1898 1169 (p.

322 1173 385 1252 γςξ,
405 1191 547 1261 452.453‚
563 1189 665 1245 Theon
678 1187 844 1263 Smyrnaeus
859 1183 981 1242 Arithm.
1002 1182 1067 1239 Pla·
1112 1176 1179 1256 632)
1197 1177 1280 1256 tpqoi
1292 1177 1319 1235 δὲ
1334 1177 1379 1235 καί
1393 1177 1575 1253 Ἐμπεδοκλῆς
1584 1178 1635 1233 τῶν
1647 1179 1733 1254 σορῶν
1747 1175 1799 1241 τδις
1814 1179 1900 1256 ψυχάς

284 1295 346 1343 ton.
360 1301 384 1338 c.
397 1283 410 1336 l
424 1300 453 1356 p.
475 1298 509 1334 αι
533 1275 578 1334 ed.
593 1274 708 1334 Gelder.
729 1287 915 1353 posteaquam
934 1271 1068 1348 exposuit
1111 1265 1181 1332 θεοὺς
1193 1265 1321 1344 γίνεσθαι,
1336 1256 1386 1324 ὧδέ
1400 1288 1456 1331 πυνς
1470 1265 1577 1344 γράρων
1596 1268 1655 1324 κτλ.
1672 1265 1739 1322 item
1759 1264 1899 1323 'l'heodo-

284 1369 415 1446 quinque
443 1363 617 1423 initiationis
642 1381 704 1419 esse
734 1355 829 1438 partes
857 1361 918 1416 sive
945 1357 1065 1432 gradus,
1112 1351 1612 1432 retusTherapeut.Serm.lllllp.
1631 1351 1743 1429 5991).
1764 1351 1899 1410 Rectese

285 1455 374 1531 hujus
394 1454 436 1511 rei
452 1449 673 1510 similitudinem
687 1447 723 1506 ad
737 1446 922 1525 disciplinam
943 1459 971 1502 et
984 1445 1067 1502 insti·
1111 1439 1198 1497 habet
1213 1438 1421 1512 ἀναὸλαστοῦσι,
1436 1441 1519 1516 cujus
1534 1438 1597 1495 loco
1613 1437 1639 1494 T
1641 1438 1820 1496 heodoretus
1838 1441 1899 1495 ἀντ·

286 1543 425 1599 tutionem
441 1537 576 1597 transfert
592 1536 639 1594 his
660 1535 756 1593 verbis
773 1554 779 1590 τ
802 1529 881 1594 Κατὰ
900 1535 982 1589 ταῦτα
1000 1532 1066 1607 (leg.
1112 1525 1415 1606 Gloatdxouctpraebet·
1426 1527 1489 1586 Vss·
1504 1525 1634 1595 460·ίῧῐ
1647 1524 1901 1590 ἀθανάτοις-ἀτει-

284 1625 367 1684 catat
392 1643 457 1682 cum
481 1618 585 1696 Karst.)
610 1619 640 1690 δὴ
665 1619 710 1677 καί
725 1623 741 1690 ἡ
757 1621 808 1676 τῶν
824 1619 964 1676 πολιτικῶν
984 1615 1067 1692 λόγων
1113 1611 1173 1695 pair]
1190 1613 1276 1672 habet
1289 1615 1420 1673 Clemens
1434 1613 1507 1673 ibid.
1522 1611 1620 1691 Vpag.
1634 1615 1691 1684 607
1705 1613 1728 1669 Β
1742 1614 1782 1689 (p.
1804 1613 1873 1693 7an
1891 1635 1896 1669 :

284 1713 429 1791 παράδοσις
442 1706 472 1766 τὸ
487 1706 534 1784 μὲν
549 1710 651 1786 πρῶτον
667 1704 722 1784 ἔχει
743 1703 876 1783 καθαρμόν
896 1725 968 1776 τινα,
984 1693 1035 1761 οἶον
1051 1707 1068 1774 ἡ
1111 1695 1164 1759 Ἦν
1179 1700 1205 1761 δὲ
1223 1700 1298 1768 ὁσίως
1311 1703 1356 1760 καὶ
1369 1699 1474 1766 δικαίως
1491 1698 1685 1776 διαῶιώσωμεν,
1707 1699 1840 1777 μακάριοι
1854 1700 1899 1773 μὲν

224 1789 230 1824 ²
286 1803 312 1858 ἐν
323 1799 376 1864 τοῖς
387 1795 550 1876 προσήκουσι
562 1793 716 1870 μαθήμασιν
727 1797 756 1851 ἐκ
767 1792 866 1850 παίδων
877 1788 1067 1868 σνγγυμνασία·
1112 1789 1241 1868 ἐνταῦθα,
1261 1788 1455 1869 μακαριώτεροι
1469 1787 1497 1847 dl
1519 1787 1587 1864 μετά
1600 1785 1646 1857 τὴν
1662 1787 1761 1846 ἐνθένδε
1778 1788 1902 1844 ἀπαλλα·

284 1885 415 1966 δμὲνγίιρ
426 1884 632 1959 Ἐμπεδοκλῆςι
644 1879 763 1960 κρηνάων
775 1879 827 1939 ἀπὸ
838 1879 910 1938 πέντ’
923 1881 1066 1954 άνιμῶντα,
1111 1875 1170 1952 γήν,
1185 1879 1214 1935 οὐ
1228 1875 1314 1956 χρόνῳ
1325 1875 1375 1934 τινί
1394 1875 1442 1944 τὴν
1463 1871 1630 1949 εὐδαιμονίαν
1649 1871 1769 1951 ἔχοντες,
1786 1873 1858 1930 ἀλλά
1875 1877 1899 1931 ἐν

287 1972 374 2054 φησίν,
387 1972 485 2050 ἀτειρὲῑ
497 1973 590 2050 χαλκῷ
605 1970 656 2027 δεῖν
669 1965 977 2048 ἀπορράπτεσθαι,οθδί
993 1965 1067 2025 Πλά·
1113 1965 1186 2021 αἰῶνι
1210 1965 1391 2022 ἀναπαύεσθαι
1420 1961 1557 2038 δυνάμενοι
1580 1987 1592 2011 ι
1618 1961 1754 2026 ἀθανάτοις
1780 1961 1898 2019 ἄλλοισιν

285 2085 337 2120 των
364 2059 417 2118 ἀπὸ
442 2057 520 2118 πίντε
541 2056 705 2134 μαθημάτων
727 2057 779 2113 δεῖν
792 2079 856 2136 φησι
876 2060 1007 2114 ποιεῖσθαι
1021 2053 1068 2124 τὴν
1112 2051 1371 2132 κτλ.νήριλόσορος
1383 2049 1589 2126 Ἐμπεδοκλέους
1602 2048 1673 2127 λέγει
1685 2048 1824 2119 ποιητική.
1843 2051 1898 2109 Ea-

287 2147 423 2227 κάθοιρσιν·
453 2151 536 2204 ταῦτα
560 2143 587 2201 δέ
608 2146 677 2203 loru
704 2141 880 2223 ἀριθμητική,
905 2140 1068 2220 γεωμετρία,
1112 2138 1176 2196 dem
1193 2151 1260 2196 sunt
1273 2139 1350 2217 apud
1362 2137 1519 2198 Eusebium
1532 2138 1624 2214 Praep.
1635 2156 1736 2213 evang.
1756 2137 1846 2212 lilii,
1866 2145 1898 2198 13

285 2229 624 2312 στερεομετρία,μονσική,
639 2229 814 2308 ἀστρονομία,
829 2231 848 2286 i.
861 2249 888 2289 e.
903 2229 965 2307 alut
976 2229 1066 2308 sacra)
1112 2245 1176 2304 pag.
1196 2229 1251 2294 684
1269 2246 1314 2304 sq.
1329 2225 1459 2286 Tandem
1475 2225 1590 2304 expleto
1610 2226 1807 2284 mutationum
1832 2227 1900 2286 orbe

286 2321 329 2378 sic
340 2321 437 2378 civilis
452 2337 569 2396 quoque
592 2317 737 2375 institutio
757 2317 882 2394 primum
902 2317 984 2394 quasi
1000 2335 1068 2394 pur·
1112 2315 1143 2370 in
1167 2314 1381 2392 prestantiores
1405 2326 1536 2386 naturas,
1553 2327 1647 2384 rates,
1662 2326 1782 2390 poetas,
1811 2317 1900 2374 medi-

286 2407 431 2480 gationem
446 2405 598 2482 quamdam
611 2403 714 2474 habet,
731 2423 795 2480 quae
806 2404 860 2461 sita
870 2417 912 2461 est
926 2399 956 2460 i'n
970 2423 1068 2461 earum
1113 2421 1175 2473 cos,
1199 2421 1280 2478 reges
1308 2414 1474 2473 transeunt;
1498 2401 1568 2458 hinc
1595 2400 1631 2458 ad
1657 2400 1727 2458 deos
1764 2403 1900 2462 evehun-

286 2492 394 2569 quibus
409 2495 492 2570 pueri
508 2492 699 2550 communiter
716 2492 1006 2554 exercenturartium
1025 2491 1070 2547 di·
1113 2501 1170 2548 tur.
1182 2489 1239 2548 Pro
1251 2488 1278 2548 ἔν
1290 2513 1318 2547 τι
1330 2487 1471 2567 τραπέζαις
1481 2489 1556 2566 apud
1569 2486 1723 2546 Eusebium
1737 2503 1836 2548 exstat
1850 2493 1901 2550 αιέ-

287 2580 422 2657 sciplina.
441 2577 691 2647 Quemadmodum
707 2581 782 2635 enim
804 2575 993 2654 Empedocles
1010 2579 1067 2652 ait,
1113 2577 1278 2656 τοτράπεζοι.
1289 2575 1706 2650 UltimusrersusaScaligero
1714 2577 1750 2634 ad
1759 2578 1901 2656 Stephani

286 2667 444 2744 equinque
454 2665 582 2723 sontibus
594 2663 775 2724 haurientem
785 2683 860 2740 puro
876 2681 932 2720 aere
944 2664 1067 2741 purgari
1113 2663 1198 2724 l’oes.
1216 2665 1289 2742 phil.
1306 2685 1370 2744 pag.
1389 2667 1446 2724 216
1459 2665 1501 2723 sic
1511 2664 1678 2723 emendatus
1690 2678 1733 2723 est
1743 2678 1777 2721 ut
1787 2685 1806 2724 a
1816 2667 1900 2726 nobis

286 2767 445 2831 oportere:
468 2754 510 2811 sic
529 2753 612 2810 Plato
632 2753 763 2829 quinque
780 2751 945 2829 disciplinis
968 2751 1069 2809 adole·
1113 2765 1156 2810 est
1180 2753 1286 2824 editus,
1311 2773 1401 2830 quum
1428 2753 1518 2827 vulgo
1550 2751 1687 2809 mendose
1719 2752 1898 2826 legeretur:

288 2842 427 2899 scentiam
437 2842 549 2898 animos
558 2841 642 2916 quasi
653 2839 818 2916 purgandos
830 2859 892 2897 esse
903 2839 995 2910 docet,
1006 2859 1070 2916 quae
1115 2836 1197 2904 ἐόντες
1214 2837 1339 2917 ἀνδρείων
1359 2837 1472 2918 Ἀχαιῶν
1487 2838 1593 2917 (steph.
1608 2837 1695 2917 ἀχέων
1706 2857 1736 2916 p.
1758 2841 1814 2916 28)
1835 2839 1901 2898 ἀπό-

286 2941 356 2985 sunt
370 2927 550 2984 arithmetice
576 2939 629 2983 etc.
644 2953 656 2977 ν
675 2927 717 2984 De
740 2925 874 2984 uersibus
890 2946 983 3004 pauca
1007 2945 1069 2983 mo·
1114 2929 1207 3004 κληροι
1219 2927 1339 3008 ἀπηρεῒς.

288 3014 392 3072 nenda.
418 3013 490 3071 Nam
513 3010 611 3090 ἀτειρέϊ
630 3015 723 3090 χαλκῷ
739 3033 791 3090 pro
808 3015 898 3090 ἀτηρεῑ
914 3014 960 3070 vel
978 3013 1071 3092 άκηριῑ
1153 3015 1214 3073 Vss.
1232 3017 1371 3088 46α-4γο.
1385 3012 1660 3093 φάρμακα-ἀνδρός]
1675 3013 1819 3072 exhibent
1836 3016 1902 3074 Dio·

284 3099 345 3177 jam
359 3121 375 3159 e
386 3099 522 3158 Bnllialdi
534 3100 734 3157 emendatione
748 3113 920 3178 receperunt
939 3099 1070 3158 Sturzius
1115 3120 1201 3175 genes
1209 3101 1425 3172 LaertiusVllL
1436 3103 1484 3179 593
1492 3101 1619 3160 Eudocia
1630 3123 1659 3181 p.
1676 3123 1742 3175 170;
1754 3101 1864 3162 Suidas
1873 3126 1900 3164 ν.

285 3201 317 3244 et
330 3187 516 3259 Karstenius,
532 3206 655 3262 quorum
679 3187 727 3244 ille
746 3188 863 3264 scripsit
885 3185 1003 3265 κρηνάων
1019 3185 1071 3244 ἀπο
1115 3177 1224 3260 ἀπνσυς,
1242 3188 1358 3247 Taetzes
1372 3187 1449 3249 Chil.
1469 3188 1507 3259 ll,
1522 3191 1580 3263 906
1595 3208 1658 3265 sqq.
1673 3187 1735 3249 Vss.
1756 3191 1901 3258 464-466

288 3273 360 3334 πάντΙ
382 3277 516 3350 ἀνιμῶντα
538 3273 635 3352 ἀιειρέϊ
657 3276 766 3353 χαλκῷ,
783 3275 954 3333 Kar-stemus
974 3273 1026 3334 άπο
1041 3279 1071 3333 in
1114 3271 1339 3341 παύσεις·ίπάξεις
1354 3274 1487 3332 Clemens
1503 3275 1586 3334 Alex.
1609 3278 1713 3334 Strom.
1731 3275 1768 3333 vl
1791 3297 1821 3354 p.
1845 3281 1901 3334 630

288 3361 341 3420 ἀπὸ
355 3363 486 3434 mutavit,
496 3361 596 3419 addito
605 3361 790 3419 hemistichio
801 3362 854 3440 χρὴ
865 3362 1070 3440 ἀπορύπτεσθαι.
1116 3357 1141 3414 l)
1156 3359 1202 3436 (p.
1219 3359 1274 3432 754
1295 3359 1340 3418 ed.
1363 3361 1460 3436 Pota).
1486 3360 1589 3420 Versus
1603 3361 1658 3420 hos
1672 3381 1746 3439 quos
1765 3366 1901 3424 Sturzius

285 3449 395 3509 Contra
409 3450 537 3508 Steinius
556 3451 654 3528 posuit
670 3449 865 3530 ἀπορρύττεσθε
882 3449 1003 3528 κρηνάων
1019 3449 1071 3509 ἄπα
1115 3457 1143 3502 et
1167 3446 1305 3521 llerghius
1326 3448 1402 3506 inter
1423 3448 1554 3506 lustralia
1574 3451 1705 3506 carmina
1728 3449 1828 3508 locum
1853 3451 1901 3510 ha·

288 3537 360 3596 πέντ’
379 3541 520 3614 ἀνιμῶντες
534 3537 633 3616 ἀτειρέῑ
647 3539 750 3617 χαλκῷ.
769 3537 822 3594 llic
844 3537 935 3613 igitur
955 3538 1072 3598 sustulit
1115 3531 1214 3592 buisse
1224 3535 1436 3609 existimarunt,
1444 3535 1653 3614 potiuselibro
1661 3536 1697 3595 de
1707 3551 1768 3596 arte
1779 3540 1902 3598 salutari

287 3624 414 3695 hiatum,
438 3645 522 3702 quem
547 3626 578 3683 in
603 3625 737 3701 ἀνιμῶντα
764 3643 781 3682 a
803 3624 917 3683 Sturzio
939 3624 1071 3684 relictum
1116 3622 1279 3700 composito
1299 3637 1409 3682 sumtos
1429 3641 1491 3681 esse
1506 3643 1571 3680 cum
1591 3622 1744 3682 Karstenio
1756 3625 1899 3687 arbitror.

288 3711 458 3770 Karstenius
481 3714 565 3771 etiam
589 3711 653 3769 tolli
677 3730 762 3789 posse
787 3711 982 3770 arbitrabatur
1001 3715 1072 3772 scri·
1116 3709 1187 3768 Vide
1202 3711 1524 3787 supradisputationem
1539 3711 1576 3768 de
1589 3710 1776 3788 Empedocle.

288 3797 667 3876 beudodvtpffixs’lvdrupll.
681 3798 1072 3876 lllihiprobabiliusridetur
1154 3797 1203 3858 Vs.
1231 3800 1298 3867 462.
1324 3798 1441 3857 Tzetzes
1461 3799 1486 3856 δ’
1505 3799 1622 3857 omittit.
1645 3799 1717 3868 Quae
1738 3818 1903 3877 sequuntur

289 3895 404 3960 poetam
419 3887 461 3943 sic
481 3886 678 3945 conformasse
691 3889 880 3961 sententiam,
897 3901 929 3945 ut
942 3902 1073 3966 exararet
1117 3885 1268 3960 magnilica
1281 3887 1425 3963 promissa
1444 3905 1590 3961 magorum
1608 3885 1735 3944 indolem
1755 3888 1901 3950 referunt.

291 3970 411 4048 κρηνάων
427 3970 479 4028 ἀπὸ
491 3971 561 4030 πέντ’
575 3975 721 4049 ἀνιμῶντας
739 3975 836 4053 ἀτειρίῑ
849 3976 942 4055 χαλκῷ
956 3975 1009 4054 χρὴ
1025 3974 1072 4051 μὲν
1118 3971 1153 4029 1·Ιί
1166 3973 1242 4029 enim
1257 3971 1500 4031 incantationibus
1513 3973 1574 4031 suis
1586 3972 1660 4031 nihil
1681 3994 1740 4032 non
1759 3979 1902 4054 consequi

291 4056 516 4137 ἀπορρύπτεσθαι.
534 4057 590 4117 Sed
601 4060 672 4136 quid
686 4061 856 4139 posterioris
873 4079 974 4120 versus
988 4063 1073 4139 prin·
1116 4071 1144 4115 et
1161 4061 1298 4135 perficere
1317 4080 1347 4118 se
1364 4079 1450 4138 posse
1470 4059 1681 4134 gloriabantur.
1698 4061 1747 4122 Vs.
1767 4066 1829 4132 464
1851 4087 1904 4143 pro

290 4141 370 4219 cipio
386 4142 587 4220 subjunxerit,
602 4165 659 4204 non
673 4146 775 4224 liquet,
1117 4147 1220 4222 ἀνίμων
1235 4147 1311 4224 μένος
1325 4149 1429 4207 Suitlas
1442 4150 1546 4206 vitiose
1558 4148 1661 4224 ἀνίμων
1674 4149 1733 4228 βίας
1743 4151 1773 4208 in
1787 4171 1845 4210 suo
1858 4175 1905 4212 co·

329 4228 376 4286 Vs.
389 4229 455 4299 454.
468 4235 608 4300 νηστεῦσαι
621 4231 697 4314 xcx]
710 4233 883 4293 Plutarchus
896 4235 932 4293 de
947 4233 994 4293 lra
1006 4236 1071 4297 coh.
1117 4235 1181 4292 dice
1192 4237 1271 4312 legit.
1286 4236 1345 4312 Pro
1361 4237 1472 4315 ἄρουραν
1487 4236 1593 4295 Laertii
1606 4238 1681 4296 liber
1692 4237 1904 4299 vindobonen-

289 4327 364 4375 extr.
379 4334 445 4392 pag.
463 4319 529 4387 464,
540 4318 597 4375 rol.
609 4318 658 4377 Vll
674 4340 701 4399 p.
720 4323 778 4380 θιθ
792 4322 838 4381 ed.
858 4319 952 4380 Reisk.
966 4343 972 4378 :
986 4321 1073 4381 τὸτοῦ
1117 4325 1156 4380 sis
1174 4325 1283 4402 ἀρούρας
1297 4324 1421 4402 praebet,
1435 4327 1632 4403 superscripto
1644 4339 1738 4385 tamen
1751 4351 1778 4398 ν,
1793 4343 1828 4386 ut
1848 4349 1907 4408 ap-

291 4401 500 4479 Ἐμπεδοκλέους
509 4404 554 4462 καὶ
562 4406 627 4464 θεῖον
637 4407 755 4484 ἡγούμην
763 4407 1073 4485 mxtejuniumvutgo
1117 4422 1216 4486 μονεντε
1236 4410 1388 4470 librarium
1411 4410 1522 4492 ἄρουραν
1541 4431 1660 4471 exarare
1682 4415 1826 4477 voluisse.
1849 4417 1906 4477 Sed

291 4492 322 4548 in
338 4496 483 4570 καθαρμοῖς
497 4495 726 4553 commendatum
748 4510 878 4555 nontam
894 4497 1073 4575 adcorporis
1118 4494 1229 4575 ἀρούρας
1258 4513 1416 4573 agnoscunt
1447 4500 1536 4556 'etiam
1560 4495 1678 4559 'l'zetaes
1698 4514 1726 4558 et
1753 4502 1903 4565 Clemens.

291 4597 378 4655 quam
400 4578 434 4635 ad
451 4580 541 4639 animi
556 4582 714 4640 castitatem
737 4583 918 4642 referendum
934 4603 996 4642 esse
1013 4585 1072 4644 haec
1118 4581 1279 4661 Utrumque
1300 4598 1375 4644 recte
1396 4584 1446 4644 hic
1467 4587 1584 4648 dicitur.
1597 4587 1646 4649 Vs.
1669 4591 1725 4656 466
1742 4591 1847 4649 ’νει-θνα
1861 4591 1905 4652 καί

291 4664 460 4742 philosophi
482 4670 624 4726 sententia
646 4669 782 4731 declarat.
806 4671 947 4730 Similiter
971 4671 1071 4751 liurip.
1116 4671 1195 4730 πάλιν
1216 4693 1233 4731 a
1257 4694 1358 4732 versus
1379 4676 1571 4734 continuitate
1595 4677 1751 4753 sejungunt
1775 4677 1904 4752 Suidas‚

292 4752 394 4810 llacch.
408 4755 443 4826 73
456 4754 567 4812 felicem
579 4758 717 4835 praedicat
726 4779 792 4818 eum
805 4760 857 4838 qui
871 4758 1052 4827 calamatatis
1117 4761 1250 4820 Clemens
1262 4775 1289 4819 et
1304 4761 1448 4834 Eudocia,
1462 4783 1527 4821 cum
1547 4765 1661 4841 reliqua
1678 4783 1783 4822 versus
1803 4781 1903 4844 parte,

1117 4849 1359 4926 quemadmodum
1380 4851 1443 4908 lieri
1464 4864 1593 4929 oportet,
1611 4849 1740 4928 jungunt
1758 4852 1906 4928 Diogenes

372 4925 445 4991 εἰδὼς
460 4925 549 5004 βιοτάν
565 4927 693 5004 ἁγιστεύει
1116 4950 1144 4994 et
1165 4936 1294 4996 Τααιαεε.
1311 4938 1424 4996 Deinde
1444 4929 1496 4996 τάπ’
1518 4941 1595 5018 apud
1614 4959 1705 4998 unum
1724 4938 1903 5000 Clementem

371 5013 416 5070 καὶ
429 5012 578 5073 θιασεύεται
589 5016 685 5096 ψυχάν.
1116 5037 1208 5082 exstat
1220 5024 1298 5101 quod
1317 5026 1418 5102 utique
1432 5027 1651 5104 praeoptandum
1671 5040 1716 5086 est
1735 5040 1902 5086 ceterorum

1116 5111 1234 5171 lectioni
1247 5111 1278 5184 ἤν
1290 5111 1324 5174 κ’.
1334 5112 1529 5190 subjungitur
1542 5114 1681 5172 παλίντιτα
1694 5116 1726 5173 iu
1744 5114 1857 5174 Laertii
1877 5129 1905 5172 et

331 5191 392 5251 Vss.
410 5217 412 5224 ⁴
433 5193 583 5262 455-456.
625 5195 894 5278 τοιγάρτοι-θυμόν]
939 5199 1072 5258 Clemens
1116 5199 1228 5259 'l'aetzae
1246 5200 1347 5272 libris,
1364 5221 1538 5279 quamquam
1561 5203 1701 5260 nonnulla
1723 5205 1904 5283 exemplaria
