3708 5916
262 445 320 496 tto
804 429 1009 492 fltuttoctls
1029 429 1337 492 COMMENTARIUS

261 564 350 624 ίαυτον
364 565 398 629 είς
411 561 457 634 τνῆ
445 567 517 622 ντοῦ
531 561 699 645 φονέοιςίναρ
686 562 865 641 ρμάσῃτάξιν.
908 563 1042 641 Καλγίνε·
1086 562 1130 622 τίιν
1147 551 1335 643 ἀγαθθιμδνεῖ
1310 560 1476 623 εναιπάντα
1498 559 1697 638 κατάθύναμιν,
1719 567 1793 645 φασιν,

261 650 499 730 ταιπροηγουμένη
516 650 673 728 μίνὴκατθ
687 655 732 710 τοῦ
747 649 929 732 φονέωςαύτιρ
909 655 1038 762 “ψῆφος
1090 673 1126 727 μη
1129 642 1256 722 δίνεῖναι,
1271 647 1483 758 διατεταγμένον.
1494 640 1580 714 oleo<
1597 647 1644 726 γάρ
1631 655 1813 730 ρπροὶιφεττίς

261 738 330 797 κατά
346 737 514 815 συμύεθηκθς
539 739 584 816 δέ,
608 742 625 808 ἡ
648 737 717 797 κατά
733 741 807 799 τονδε
827 745 873 798 τοῦ
895 744 941 800 ἀνθ
928 741 1041 820 θρώπου,
1087 740 1120 815 τῇ
1135 759 1179 794 του
1163 741 1251 795 ’θεοῦ
1276 734 1420 814 ἀγοθάτητι
1439 737 1486 796 οὐκ
1510 737 1541 810 ld
1556 735 1700 803 ἀνευθύνως
1714 731 1800 798 slvere

262 825 305 884 θ’τι
319 826 385 883 ίκὼν
399 826 516 884 ὑπέδυ
493 849 523 884 το
534 831 579 886 τοῦ
594 825 690 906 φονέως
704 826 852 902 πρόσωπον.
880 829 936 888 Καί
949 829 1040 900 παλιν,
1088 825 1200 898 κακούς,
1225 824 1325 901 ἵναμὴ
1347 825 1459 901 ἐμμένοι
1481 823 1513 882 τὸ
1533 825 1612 884 κακὸν
1631 828 1665 891 εἷς
1693 829 1804 900 ἄμεινον’

264 912 385 984 θπονη
364 935 404 990 ρος
418 912 464 970 ἀνθ
451 917 681 994 θρωποςφονεῧσαι
696 912 898 988 μίνῆὸούλιτο,
911 915 997 974 δοῦναι
1016 915 1043 972 δέ
1088 913 1204 981 παντελῆ
1228 915 1280 969 τῶν
1296 913 1399 988 ἀγαθῶν
1422 901 1556 990 ἱλάσῃ,
1537 935 1573 968 ων
1587 911 1633 983 τὴν
1646 887 1818 1000 ἀναγκαίανίιῆ

266 999 310 1056 tet
324 1001 408 1074 τούτῳ
420 999 532 1066 δίκας’
507 1023 553 1060 ουκ
573 999 675 1072 ἤθελεν.
717 999 804 1060 'llere
822 1000 866 1058 καί
888 1002 931 1060 trt
952 999 1043 1060 τούτου
1089 1020 1184 1076 μνησιν
1198 1003 1214 1070 ἡ
1228 997 1351 1077 rupit*
1315 1021 1367 1056 των
1377 997 1564 1108 νομοφυλάκων
1580 998 1635 1070 δίκη
1643 1009 1754 1104 χορηγεῖ.
1768 1001 1819 1072 End

261 1087 394 1168 γιγνεσθαι
407 1110 607 1166 προηγουμενην
619 1087 666 1162 μὲν
681 1087 730 1159 τῆν
746 1087 852 1168 φονικὴν
839 1089 1023 1148 νδιάθισιν“
991 1113 1044 1164 ,ως
1088 1109 1129 1163 γει
1143 1077 1187 1143 ουν
1202 1085 1353 1159 θνάμος,“
1340 1109 1374 1151 ως
1388 1083 1413 1142 tl
1413 1105 1505 1162 ρηται,
1519 1083 1579 1150 τοὺς
1595 1108 1734 1163 reputo-ar
1744 1112 1820 1200 νριιιιιγ

263 1199 317 1233 arro
329 1197 375 1232 τον
359 1173 601 1242 αυτεῑουσιου
568 1199 613 1244 της
626 1178 713 1255 ψυχης
725 1176 884 1252 ῆρτημεντν
877 1176 963 1235 κατὰ
975 1199 1043 1251 σου
1089 1196 1134 1230 και
1145 1170 1203 1237 τους
1214 1171 1362 1250 πεφυκότας
1375 1169 1552 1248 κακννῑσθαῑ
1566 1172 1627 1229 δι”
1614 1195 1699 1284 νμφρτ
1700 1173 1820 1250 ε’ριοντοά·

263 1259 374 1332 nemu
389 1259 416 1317 θί
427 1261 608 1320 ἐπακολουθεῖν
625 1262 671 1328 τάς
681 1261 780 1320 lrrl'
734 1287 815 1339 rrurA
831 1263 1002 1342 οτρεύλιύσεις
1017 1287 1045 1322 τε
1090 1268 1160 1318 κεἰον
1183 1259 1392 1338 ἀπεργαζόμενος
1414 1261 1522 1338 ἀγαθάν.
1593 1261 1675 1319 El
1646 1285 1697 1340 γαρ
1722 1287 1746 1321 το
1736 1265 1799 1321 ἀνῶ

263 1347 308 1404 καί
321 1345 416 1413 αἷκίας.
430 1346 537 1406 Τούτων
551 1347 579 1405 δέ
588 1347 693 1406 πάντων
706 1347 785 1414 αἴτιος
799 1351 812 1406 θ
824 1347 911 1424 νόμος,
925 1349 994 1407 θκαλ
1008 1353 1045 1428 τῷ
1091 1347 1167 1417 δίκην
1188 1352 1234 1406 τοῦ
1254 1346 1292 1424 μὴ
1307 1347 1406 1406 διδόναι
1428 1350 1482 1405 ἐστὶ
1500 1349 1717 1427 λυσιτελέστερον,
1736 1353 1772 1407 καί
1786 1346 1822 1429 πρά

264 1437 374 1513 δικαστῇ
383 1433 429 1504 τὴν
440 1435 590 1514 προαίρεσιν
601 1441 646 1494 τοῦ
657 1435 773 1503 κολάζειν
788 1435 847 1503 τούς
856 1437 967 1516 φαύλους
980 1440 1045 1496 ἕντι·
1091 1436 1271 1513 σωφρονισμὸν
1284 1439 1330 1506 τῆς
1350 1434 1476 1514 ἀμετρίας
1490 1439 1542 1493 τῶν
1557 1439 1641 1493 κακῶν
1657 1438 1741 1508 ἡδίονι,
1752 1441 1823 1514 ,illem

265 1521 332 1592 θείς,
344 1519 389 1578 καλ
398 1525 435 1599 τῷ
452 1524 524 1600 φονεῖ
538 1521 585 1591 τὴν
598 1522 710 1600 τιμωρὸν
725 1525 810 1602 ψῆφον
826 1523 944 1599 ἐπάγων.
956 1523 1046 1581 Ταύτθ
1090 1522 1168 1592 δῆλον
1180 1521 1292 1600 ἀνιαρὸς
1305 1521 1335 1579 τὸ
1347 1522 1455 1600 ὠφελεῖν
1473 1521 1516 1580 καλ
1535 1523 1689 1600 ὠφελεῖσθαι
1707 1525 1824 1602 euripum

266 1607 298 1676 δά,
322 1631 366 1682 μοι
387 1611 463 1665 τοῦτο
481 1609 526 1667 καί
547 1608 591 1668 ἀπλ
612 1613 658 1677 τῆς
676 1608 747 1675 θείας
763 1609 917 1673 ἐπιστασίας
934 1609 1045 1686 λογίζου·
1090 1608 1194 1685 θνόμος
1206 1606 1239 1666 τά
1253 1607 1298 1666 δύο
1314 1613 1400 1666 ταῦτα
1413 1607 1485 1686 γένη·
1499 1609 1529 1667 τὸ
1544 1615 1591 1686 μὲν
1607 1611 1727 1690 κριτικόν,
1739 1617 1767 1677 ὡς
1778 1637 1824 1686 »ro

265 1693 441 1772 προαιρέσεως
464 1693 628 1775 ἀνθρωπίνης
652 1699 747 1775 δρᾶσαι
770 1697 840 1754 κακά
862 1697 1046 1774 βουληθείσης,
1091 1697 1253 1776 φυλακικύν,
1275 1703 1320 1755 τοῦ
1336 1697 1424 1776 ἑτέρου
1449 1696 1587 1777 προτάξας·
1611 1697 1639 1756 rb
1660 1699 1688 1757 δὲ
1710 1699 1825 1774 {pucriles

266 1782 311 1846 καί
329 1804 350 1838 π
352 1781 505 1861 ροοιιρίσεοις
525 1783 712 1862 νομοφυλάκων
734 1783 864 1840 δικαστῶν
892 1783 1046 1861 ἀπανορθοῦ·
1092 1785 1137 1842 καλ
1153 1785 1283 1862 κρίνεσθαι
1296 1785 1426 1862 πεφυκός,
1446 1790 1481 1850 ὡς
1495 1785 1757 1865 παρανομττνκάν
1734 1790 1763 1842 τῶ
1776 1789 1826 1843 iusi·

266 1873 326 1930 σθαι
341 1869 373 1924 τδι
386 1867 505 1927 κακά’
468 1891 541 1946 πασῃ
554 1875 660 1948 μηχανῇ
676 1893 792 1948 πειρονμε
787 1870 857 1943 ’νης,
874 1869 923 1940 τῆν
941 1872 1048 1948 συνδρο·
1091 1896 1145 1930 νονι
1159 1871 1290 1950 παραδούς
1300 1871 1386 1947 γενει,
1402 1871 1511 1930 κατά
1485 1896 1531 1942 την
1547 1873 1659 1941 άξίαν’
1631 1898 1695 1932 ουτο
1717 1899 1758 1950 μετ
1751 1877 1825 1951 .τγυ·ἷ·

268 1953 356 2032 μὴν
341 1954 477 2029 δαιμονίαν
493 1955 740 2034 τύχηνάποτιλεῖν,
761 1959 818 2015 καθ’
834 1957 866 2028 ῆν
882 1955 943 2014 tel
961 1957 1048 2014 τοιάδε
1091 1962 1195 2028 ζεσθτιι,
1208 1957 1277 2024 dum<
1292 1958 1322 2017 ἀν
1338 1961 1374 2027 ελς
1394 1960 1542 2068 ἀγάμνησιν
1562 1983 1606 2018 και
1596 1959 1717 2018 ἔννοιαν
1731 1961 1825 2030 ἔλθητιτὶ

268 2043 434 2122 εἰργασμένος
449 2048 499 2102 τῶν
515 2049 606 2104 τοιοννδ
608 2070 620 2104 ε
635 2049 736 2124 γίνεται
758 2045 1047 2122 ἀξιοςτιμοιρημάτοιν·
1092 2069 1138 2104 του
1162 2047 1257 2122 νόμον,
1282 2049 1316 2106 δι’
1329 2039 1361 2104 ού
1388 2048 1487 2153 πάσγει
1510 2049 1608 2110 κακῶς,
1648 2045 1783 2122 Ὃνγίιρ
1775 2051 1828 2102 ori

267 2155 313 2190 του
338 2131 385 2208 μίν
400 2137 565 2211 προῃρῆσθαι
580 2133 711 2214 τδφαυλα
731 2133 808 2202 είςτο
825 2132 988 2200 αὐτεξούσιον
1003 2137 1047 2192 τοῦ
1092 2155 1217 2212 πράττειν
1231 2156 1320 2200 κακῶς
1343 2136 1521 2212 ἀπηρνοῦντο,
1549 2139 1638 2191 τοῦτον
1656 2135 1734 2190 ἐν
1703 2158 1768 2190 τοι..
1755 2133 1827 2209 rirA..

268 2221 419 2298 κρινομένου
434 2219 481 2291 τλν
503 2221 587 2279 αίτίαν
603 2221 788 2301 ἀναφέροντος,
804 2227 851 2280 τοῦ
875 2221 902 2280 δὲ
923 2221 1049 2296 ἑπομένου
1094 2225 1180 2286 κακῶς
1195 2223 1361 2281 ἒπιποθοῢσιν
1380 2223 1404 2280 οἱ
1423 2223 1564 2300 ἅνθρωποι.
1605 2211 1681 2290 Olor,
1704 2221 1826 2278 biduino}

267 2305 373 2386 τῇάζίᾳ
387 2305 572 2385 τιμωρήματος
582 2311 617 2374 τίς
630 2309 739 2379 τὴντῶν
750 2309 890 2387 κρινάντων
901 2311 1050 2389 νομοφυλα-
1095 2308 1215 2387 βούλεται
1228 2299 1294 2366 εἶναι
1306 2309 1380 2382 θεάν,
1395 2305 1438 2365 ἵνα
1455 2309 1492 2384 μὴ
1508 2309 1537 2366 τὸ
1552 2307 1650 2366 διδόναι
1667 2307 1748 2376 δίκην,
1758 2311 1829 2383 imo-

269 2393 345 2465 κνισῆν
354 2392 514 2469 ἐπιστήμην·
525 2393 623 2452 τούτων
636 2395 663 2452 δέ
670 2395 823 2474 συναγωγέα
833 2386 898 2454 εἶναι
910 2395 953 2454 τὸν
961 2396 1050 2473 νόμον,
1094 2394 1117 2453 εί
1142 2417 1200 2453 τινα
1223 2397 1362 2455 Ταντάλου
1385 2397 1475 2469 λίθον,
1496 2393 1705 2472 ἐπικρεμάμενον
1729 2391 1776 2470 s'ArA
1791 2394 1828 2448 li}

271 2589 356 2644 etiam
371 2587 408 2642 ad
422 2598 551 2642 nostrum
570 2587 718 2644 arbitrium
734 2599 792 2645 tota
807 2591 865 2646 vita
878 2607 895 2645 a
909 2590 991 2644 nobis
1009 2591 1052 2644 in·
1099 2607 1185 2646 cursu
1209 2587 1283 2645 ellici
1305 2590 1426 2643 divinam
1442 2589 1520 2643 illam
1535 2587 1697 2658 fortunam,
1720 2585 1828 2642 secamur

271 2678 404 2730 stituatur
423 2694 430 2730 ι
458 2675 507 2730 sed
527 2693 704 2748 quaecunque
721 2695 872 2751 peccamus
891 2678 968 2732 iniis
992 2695 1053 2750 quae
1098 2695 1182 2749 quam
1194 2677 1218 2732 is
1239 2676 1289 2749 qui
1305 2677 1370 2732 talia
1391 2676 1520 2744 admisit,
1536 2676 1639 2730 talibus
1656 2677 1742 2749 poenis
1762 2675 1829 2743 dignu

270 2763 362 2818 nostri
377 2773 443 2818 sunt
466 2763 596 2832 arbitrii,
613 2780 646 2818 ea
672 2764 709 2819 ad
734 2763 908 2820 voluntatem
927 2777 1053 2820 nostram
1098 2763 1130 2819 iit
1146 2784 1153 2818 :
1171 2762 1328 2840 (malorum
1347 2765 1531 2820 consiliorum
1547 2768 1658 2819 causant
1681 2781 1728 2816 reo
1745 2761 1772 2814 ad
1786 2761 1827 2812 lile-

272 2849 487 2917 1·elerantur‚et
509 2866 686 2923 quaecunque
709 2861 867 2924 sequuntur
880 2863 995 2924 peccata
1010 2871 1052 2907 se·
1099 2872 1163 2908 rum
1188 2852 1338 2907 arbitrium
1362 2851 1512 2920 referente,
1538 2849 1641 2905 debitae
1662 2860 1757 2906 autem
1775 2865 1831 2920 perr

273 2935 399 2990 cundum
412 2933 529 3006 justitiae
545 2937 634 3009 leges,
653 2955 685 2993 ea
701 2939 759 2993 lato
774 2939 966 3013 ascribantur3
978 2939 1054 2994 bona
1097 2940 1187 2996 scelus
1197 2951 1297 2994 secutae
1312 2939 1348 2994 ad
1358 2937 1488 3009 judicum
1498 2940 1527 2992 in
1543 2939 1654 3012 legibus
1669 2935 1767 2992 tuendis
1776 2936 1831 2988 sciro

273 3033 368 3078 autem
382 3024 448 3091 illa,
466 3041 554 3096 quara
569 3027 630 3078 Deo
645 3043 680 3081 ex
693 3011 822 3099 professo
836 3027 947 3099 dantur,
957 3029 1055 3100 provi·
1099 3027 1200 3100 tiam3)
1222 3027 1327 3082 horum
1348 3045 1418 3080 vero
1444 3026 1668 3081 conciliatricem
1690 3043 1742 3078 esse
1761 3025 1830 3096 legra.

274 3111 377 3166 dentiae
401 3110 576 3180 debeantur;
592 3113 662 3166 nihil
686 3131 776 3182 vero,
801 3114 881 3187 quod
905 3116 934 3168 in
960 3133 1054 3170 rerum
1100 3115 1281 3187 quastatuit,
1295 3125 1328 3168 ut
1339 3113 1600 3186 omnia,quantum
1614 3111 1677 3166 fieri
1688 3121 1777 3186 potest,
1787 3110 1831 3161 buu

275 3210 375 3254 natura
390 3199 543 3272 reperitur,
569 3199 606 3254 ad
622 3212 770 3256 casumet
794 3201 937 3258 fortunam
961 3213 1055 3258 ortum
1099 3203 1169 3269 sint,
1189 3201 1294 3254 malum
1309 3210 1403 3254 autem
1418 3200 1500 3256 nihil.
1520 3201 1587 3254 Haec
1603 3199 1679 3252 enim
1695 3207 1831 3270 quumantn

274 3305 356 3342 suum
376 3285 497 3354 reserat,
514 3288 573 3341 imo
596 3305 651 3342 nec
674 3306 774 3343 eorsum
796 3289 972 3362 quidquam,
993 3308 1055 3363 quae
1099 3289 1126 3342 in
1140 3289 1192 3342 Dei
1207 3287 1333 3341 bonitate
1348 3285 1453 3355 fuerlt,
1467 3304 1526 3340 non
1545 3286 1612 3340 sinit
1627 3285 1731 3338 inultos
1746 3297 1832 3336 esent·

274 3373 362 3444 liunt,
378 3375 430 3427 nisi
456 3373 529 3429 sorte
553 3392 587 3430 ex
614 3387 719 3430 eventu
741 3387 771 3430 et
797 3394 831 3431 ex
861 3375 1056 3451 implicatione
1100 3374 1157 3442 los,
1181 3393 1216 3429 ne
1230 3375 1335 3430 malum
1358 3391 1527 3446 permanens
1549 3372 1587 3428 ad
1609 3371 1832 3426 omnembouoruu

276 3479 389 3528 eorum,
403 3479 466 3533 quae
480 3460 664 3533 providentia
675 3472 704 3516 et
714 3461 803 3516 fatum
815 3473 843 3517 et
857 3465 987 3518 voluntas
999 3465 1056 3536 pri·
1099 3479 1209 3515 sensum
1219 3459 1453 3534 exstinguendum
1466 3458 1685 3532 progrediatur,
1700 3474 1799 3530 quorun
1808 3472 1833 3505 νι-

276 3550 361 3603 mitus
375 3557 477 3619 agunt,
491 3545 638 3602 fortuitum
656 3547 727 3602 illud
741 3550 848 3621 primas
862 3547 1058 3604 illuselficien·
1101 3548 1295 3603 cordationem
1310 3565 1400 3620 poenar
1423 3565 1475 3620 per
1491 3547 1586 3618 legum
1613 3545 1735 3600 vindices
1748 3541 1833 3597 sontibus

277 3647 317 3690 tes
331 3653 425 3690 causas
439 3634 626 3706 subsequitur.
642 3637 770 3714 Exempli
781 3637 887 3709 gratia,
901 3637 963 3691 vult
969 3635 1058 3707 judex
1101 3635 1417 3709 irrogataenecessariam
1429 3633 1564 3690 reddunt.
1576 3636 1635 3688 Lex
1649 3634 1742 3706 igitur,
1751 3631 1782 3682 uti
1791 3627 1834 3679 diri·

276 3723 450 3778 homicidam
465 3723 581 3795 punire,
614 3722 663 3777 sed
682 3741 741 3777 non
762 3724 873 3779 huncce
893 3723 1055 3793 hominem,
1101 3721 1298 3794 mus‚judices
1313 3723 1397 3775 simul
1409 3739 1473 3774 cum
1488 3720 1677 3795 peccantibus
1692 3717 1835 3786 inducitpr

276 3811 360 3882 punit
375 3826 443 3863 vero
466 3820 495 3863 et
517 3810 613 3882 hunc,
630 3827 715 3881 quem
730 3811 862 3879 nolebat,
887 3829 974 3884 quum
999 3811 1058 3884 ipse
1101 3820 1237 3881 utrosque
1252 3809 1360 3863 bouum
1373 3807 1427 3862 sibi
1444 3807 1596 3880 proprium
1611 3805 1741 3861 efficiens.
1751 3803 1773 3858 Si
1789 3801 1835 3854 criu

276 3896 428 3952 homicidae
442 3897 536 3950 locum
552 3907 580 3951 et
593 3897 787 3951 conditionem
799 3899 936 3953 assumsit.
950 3901 991 3953 Ac
1003 3901 1059 3972 pri·
1101 3915 1199 3970 poenas
1214 3897 1281 3952 dare
1295 3915 1382 3969 quam
1404 3912 1464 3949 non
1480 3895 1548 3950 dare
1569 3894 1667 3948 utilius
1690 3904 1728 3949 est
1750 3903 1771 3946 et
1784 3904 1835 3962 prm

277 3985 368 4038 maria
382 3985 500 4056 quidem
521 3982 581 4054 ejus
602 3985 742 4038 sententia
759 3995 800 4039 est
820 3997 921 4041 contra
934 3985 1058 4041 homici·
1103 3985 1140 4040 ad
1154 3986 1350 4058 corrigendam
1368 3985 1507 4038 malorum
1535 3983 1732 4038 enormitatem
1752 3985 1834 4051 spectat,

279 4070 526 4139 dam,exeventu
541 4080 633 4125 autem
649 4083 748 4126 contra
769 4072 879 4126 huncce
898 4071 1057 4141 bominem,
1102 4071 1278 4128 manifestum
1304 4082 1360 4141 est,
1376 4073 1465 4145 legem
1490 4071 1549 4126 duo
1564 4071 1617 4125 ista
1633 4067 1836 4144 genera‚altemu

180 4169 185 4178 ·
279 4157 345 4230 quia
370 4168 471 4229 sponte
509 4175 558 4213 sua
578 4159 729 4213 homicidae
754 4176 905 4232 personam
928 4161 1058 4233 suscepit.
1102 4171 1135 4214 ut
1151 4157 1253 4235 juvet,
1274 4161 1396 4215 alterum
1415 4171 1448 4215 ut
1464 4159 1590 4230 juretur,
1607 4157 1836 4230 conjungeremu-

279 4245 384 4298 Contra
399 4241 504 4296 caedem
515 4242 633 4314 quidem
642 4253 757 4317 patrare
772 4244 921 4297 sceleratus
934 4243 1058 4313 volebat,
1102 4249 1177 4303 niam
1192 4246 1263 4302 illud
1285 4247 1401 4319 quidem
1423 4245 1502 4318 quod
1520 4245 1647 4317 judicat,
1669 4237 1836 4315 tanquanlcgis

279 4331 329 4386 sed
343 4328 427 4400 hujus
447 4349 544 4404 poenas
559 4330 627 4386 dare
647 4330 787 4385 nolebat:
815 4329 888 4385 adeo
909 4331 985 4384 utin
1005 4331 1059 4386 lroc
1104 4335 1266 4403 custodem,
1289 4335 1369 4389 alteri
1392 4332 1533 4408 praefecit,
1557 4332 1589 4386 id
1606 4349 1676 4386 vero
1691 4327 1761 4404 quod
1772 4335 1836 4378 natm

280 4419 365 4473 etium
376 4418 550 4489 praecesserit
563 4419 722 4472 truculenta
738 4415 853 4470 allectio
865 4416 1014 4471 homicidae
1026 4435 1059 4472 ex
1104 4431 1298 4494 comparatum
1317 4431 1359 4474 cst
1376 4430 1410 4474 ut
1422 4429 1523 4493 peccet
1534 4429 1619 4490 atquc
1636 4415 1780 4488 judicetur,
1790 4425 1836 4481 prr

281 4507 366 4561 animi
378 4505 509 4560 libertate
523 4504 662 4576 pendens,
674 4521 709 4558 ex
720 4513 823 4558 eventu
838 4523 907 4558 vero
920 4515 1060 4560 tormenta
1104 4505 1233 4563 stantiori
1246 4506 1379 4575 tradidit,
1393 4516 1426 4561 ut
1440 4507 1550 4578 ipsum,
1566 4516 1703 4576 tanquam
1714 4502 1770 4574 legis
1780 4495 1836 4549 riola·

281 4607 309 4650 et
325 4594 458 4662 verbera,
475 4611 536 4666 qua
560 4593 590 4645 in
608 4591 661 4646 hac
681 4591 810 4646 accidere
835 4593 942 4659 solent,
963 4592 1059 4646 subse·
1105 4605 1213 4662 torem,
1228 4611 1283 4666 pro
1299 4593 1401 4648 merito
1414 4601 1530 4658 tractet,
1544 4609 1578 4646 co
1594 4586 1713 4646 consilio
1734 4599 1760 4640 ut
1773 4585 1836 4654 legul·

282 4694 349 4738 cuta
363 4684 427 4739 sint.
451 4685 564 4738 Horum
584 4689 677 4737 autem
693 4681 819 4734 omnium
837 4696 920 4734 causa
938 4691 979 4734 est
995 4680 1058 4750 lex,
1106 4699 1252 4755 perquam
1266 4680 1347 4734 malls
1355 4678 1490 4747 allicitur,
1507 4679 1536 4731 in
1551 4677 1717 4730 memoriam
1730 4663 1836 4743 aliquando

282 4787 344 4842 quae
358 4781 386 4825 et
397 4769 487 4842 judici
508 4768 683 4823 voluntatem
696 4767 844 4841 improbos
863 4767 1024 4841 puniendi'
1017 4787 1061 4822 ινι-
1105 4778 1285 4839 mentemque
1298 4777 1422 4823 revocet
1434 4765 1526 4838 Quam
1536 4766 1609 4820 enim
1616 4809 1626 4837 ,
1637 4783 1724 4836 quum
1735 4760 1836 4825 ποίοιν

281 4856 338 4928 dit,
350 4869 378 4912 et
387 4857 536 4912 homicidae
548 4857 718 4930 supplicium
733 4853 872 4912 decernit.
885 4853 966 4910 Idem
977 4852 1061 4928 plane
1105 4854 1189 4924 bant,
1212 4855 1341 4910 homines
1363 4854 1568 4927 repudiabant,
1594 4870 1676 4924 eam,
1698 4865 1773 4948 quun
1792 4839 1836 4894 ml

282 4945 342 4999 de
334 4948 455 5018 rmpcrio
476 4947 560 5001 etiam
575 4943 673 5000 divino
690 4944 811 5010 sentias,
830 4959 917 5013 quum
932 4942 1062 4996 voluntas
1105 4945 1262 5016 patiuntur,
1274 4951 1420 5034 expetunt..
1434 4942 1565 5016 Exempli
1577 4940 1685 5013 gratia,
1697 4929 1835 5011 quiinjuriau

281 5030 406 5086 humana
419 5033 571 5088 sceleribus
593 5030 795 5087 admittendis
788 5039 894 5084 intenta
915 5030 963 5097 sit,
979 5027 1058 5098 judi·
1106 5031 1175 5086 lacit
1194 5049 1254 5086 non
1273 5031 1335 5084 uult
1356 5017 1446 5084 Deum
1469 5042 1546 5099 esse,
1569 5027 1777 5087 nerindictaru,
1792 5014 1836 5066 “¹1¹¹

283 5137 348 5172 cum
363 5132 457 5175 autem
472 5122 540 5195 legis
554 5119 703 5176 custodum
721 5120 849 5174 voluntas
863 5111 967 5173 scelera
981 5118 1060 5173 omni
1106 5117 1217 5172 Tantali
1228 5135 1324 5172 saxum
1331 5133 1465 5189 ,semper
1475 5115 1529 5169 sibi
1543 5104 1834 5188 impendentenhalut

283 5206 371 5274 ruodo
390 5211 533 5286 corrigere
557 5219 688 5286 conetur,
717 5226 751 5264 ex
766 5225 861 5274 earum
881 5223 976 5262 rerum
993 5225 1061 5272 cou-
1108 5206 1173 5260 atis
1188 5205 1237 5280 qui
1252 5203 1354 5277 injuria
1371 5201 1494 5260 afficnur
1506 5203 1597 5258 Deum
1615 5201 1754 5266 vulterre,
1770 5187 1836 5257 till*
