3840 5924
596 1145 1141 1286 PRAEFATIO.

717 1491 1021 1517 ...καφ-ι·-

268 1798 362 1870 Nihil
378 1821 453 1871 esse
475 1795 520 1866 ad
546 1791 829 1888 cognoscendam
857 1791 1092 1888 philosophiae
1115 1795 1245 1861 Graecae
1270 1790 1455 1860 historiam
1472 1815 1530 1861 ao·

219 1920 480 1992 commodatius
498 1916 638 1988 assidua
655 1914 829 1984 librorum
844 1913 905 2006 qui
927 1937 946 1982 a
970 1912 1194 2009 pbilosophis
1215 1912 1328 1982 relicti
1347 1929 1431 1982 sunt
1456 1927 1525 1982 tra·

220 2043 389 2129 ctatione,
405 2041 498 2110 inter
515 2061 640 2108 omues
653 2034 989 2106 constarcarbitror.
1010 2037 1092 2121 Quo
1114 2036 1149 2105 in
1165 2059 1291 2128 genere
1302 2061 1374 2105 non
1393 2049 1531 2105 tantum

224 2164 399 2249 Platonis,
419 2159 635 2246 Aristotelis,
663 2158 756 2228 Sexti
782 2157 971 2252 Empirici,
995 2157 1131 2244 Procli,
1152 2157 1283 2228 Plotini
1308 2158 1531 2253 aliorumque

222 2309 303 2380 quae
317 2297 453 2354 exstant
472 2280 603 2372 ingenii
627 2291 858 2348 monumenta
873 2276 1024 2371 legendo
1043 2280 1197 2365 conteri,
1222 2278 1406 2349 sedetiam
1426 2279 1530 2374 quid·

223 2389 312 2502 quid
327 2405 604 2498 fragmentorum
619 2400 655 2474 iu
666 2399 819 2470 aliorum
828 2399 967 2495 scriptis
981 2399 1066 2469 latet
1080 2397 1196 2492 colligi
1212 2415 1246 2469 et
1261 2401 1328 2470 sub
1339 2425 1404 2472 suo
1416 2401 1535 2494 cujus·

225 2552 297 2624 que
318 2525 463 2596 nomine
476 2523 652 2618 digestum
669 2543 742 2590 uno
760 2534 822 2591 aut
839 2519 1003 2615 pluribus
1014 2521 1256 2592 voluminibus
1274 2523 1531 2618 comprehendi

226 2661 367 2746 parest.
384 2644 490 2732 Quod
506 2643 668 2738 quamvis
690 2643 739 2712 ita
759 2664 797 2712 se
814 2639 968 2727 lrabeat,
987 2643 1091 2736 pauci
1113 2657 1232 2712 tamen
1254 2642 1338 2712 inde
1358 2667 1378 2713 a
1401 2645 1534 2714 renatis
1638 2697 1644 2706 .

227 2769 352 2840 litteris
364 2767 572 2838 exstiterunt
592 2764 655 2858 qui
679 2763 716 2832 in
735 2761 803 2832 hac
827 2761 1057 2834 humanitatis
1084 2763 1286 2858 studiorum
1312 2779 1413 2860 parte
1432 2765 1533 2836 locu-

228 2889 394 2990 pletanda
410 2879 730 2959 industriamsu'am
739 2898 927 2979 ponerent.
945 2886 1005 2952 Est
1013 2885 1109 2954 enim
1123 2909 1177 2956 res
1189 2885 1299 2957 ardua
1315 2909 1356 2956 ac
1366 2886 1532 2976 difficilis,

228 3035 342 3106 quum
358 3025 431 3080 tam
457 3007 503 3078 ab
518 3007 593 3103 ipsa
608 3004 838 3099 antiquitate,
854 3015 971 3098 'quam
993 3028 1014 3074 a
1032 3006 1264 3102 scriptorum,
1284 3009 1346 3102 qui
1366 3009 1533 3102 reliquias

230 3135 314 3204 istas
325 3143 513 3204 servarunt
528 3127 583 3198 vel
606 3126 651 3198 de
670 3125 849 3222 sapientia
870 3125 1079 3196 doctoribus
1097 3151 1293 3222 eorumque
1321 3128 1470 3200 decretis
1484 3155 1539 3200 ex-

232 3264 441 3350 posuerunt,
460 3247 689 3334 dissensione,
708 3245 836 3342 partim
855 3248 961 3317 etiam
976 3271 996 3316 a
1009 3247 1175 3318 codicum
1195 3273 1301 3320 manu
1314 3266 1538 3322 exaratorum

232 3371 466 3468 discrepantia
476 3367 728 3439 obscuritatem
742 3368 896 3436 traxerit.
910 3370 992 3453 Quo
1003 3369 1137 3462 majore
1148 3372 1326 3464 praeconio
1342 3371 1470 3465 dignus
1484 3388 1536 3441 est

233 3499 341 3564 Henr.
362 3489 563 3587 Stephanus
577 3488 640 3582 qui
657 3489 694 3558 in
719 3488 819 3558 Poesi
840 3487 1090 3584 philosophica
1105 3492 1244 3560 Parisiis
1261 3515 1355 3561 auno
1372 3492 1461 3588 1573
1480 3518 1537 3562 ex-

234 3638 318 3686 cusa
340 3613 539 3709 principum
555 3608 783 3704 quorundam
804 3609 1105 3706 philosophorum
1125 3614 1302 3701 carmina,
1324 3614 1422 3684 locos
1439 3639 1538 3683 com·

237 3757 362 3804 munes
374 3746 409 3802 et
420 3729 683 3823 ellatacollegit.
701 3729 809 3824 Cujus
820 3729 930 3801 libelli
944 3755 984 3800 ea
998 3755 1072 3801 esse
1083 3734 1281 3827 praestantia
1298 3732 1483 3804 videbatur
1503 3748 1542 3804 ut

237 3855 397 3926 certatim
411 3851 513 3922 illum
526 3850 726 3922 liberalium
742 3829 872 3922 artium
886 3875 1051 3947 proceres
1064 3851 1116 3946 (r)
1131 3852 1341 3942 lectitarent,
1364 3877 1542 3924 memora-

238 3989 337 4062 rent,
356 3971 521 4044 laudibus
548 3970 690 4042 ferrent.
710 3976 750 4042 At
771 3971 869 4041 deest
893 3995 1019 4067 magua
1036 3997 1206 4044 versuum
1226 3999 1267 4045 ac
1287 3977 1543 4046 sententiarum

239 4119 341 4196 pars,
359 4093 457 4164 deest
475 4093 591 4164 omnis
610 4091 781 4162 doctrinae
796 4109 999 4189 apparatus,
1027 4119 1100 4166 non
1126 4095 1224 4166 deest
1241 4096 1372 4190 ingenii
1394 4122 1542 4168 acumen

241 4241 315 4313 quo
331 4215 442 4286 homo
458 4214 753 4286 laboriosissimus
765 4213 932 4310 idemque
945 4217 1203 4289 eruditissimus
1221 4217 1413 4314 depravata
1435 4221 1546 4290 multa

243 4340 346 4409 tacite
362 4337 534 4424 correxit,
556 4358 775 4431 quamquam
797 4337 966 4438 pleqaque
982 4364 1062 4434 quae
1080 4339 1116 4408 iu
1137 4339 1192 4408 lris
1208 4341 1546 4436 sapientissimorum

243 4473 431 4556 poetarum
445 4456 599 4528 flosculis
614 4458 820 4528 criticorum
835 4483 960 4530 manus
974 4460 1124 4532 artifices
1134 4461 1355 4550 desiderant,
1372 4463 1448 4533 aliis
1466 4488 1547 4559 per·

280 4687 302 4747 t)
324 4685 494 4736 Valckenarius
512 4684 612 4735 Diauib.
630 4683 656 4733 iu
671 4687 727 4735 Eur.
742 4685 829 4748 lragm.
847 4697 874 4748 p.
891 4688 949 4746 2823
964 4687 1164 4747 wyttenbachius
1179 4688 1252 4750 Epist.
1271 4687 1300 4737 ad
1315 4687 1403 4738 lteusd.
1420 4691 1511 4752 opusc.
1524 4693 1550 4742 11

248 4791 272 4839 p.
284 4783 322 4840 tt,
333 4774 384 4826 alil.

355 4870 440 4906 ΡΙΙΙΜ.
455 4869 526 4906 (ΜΩ.
1426 4833 1443 4866 α
