3764 5922
243 307 302 361 sto
512 303 525 330 '
914 302 1157 366 stramentio

187 451 196 470 ·
281 431 373 491 llann.
388 435 466 505 Quid
481 446 522 490 est
538 421 749 507 longissimum?
762 465 801 479 -
816 433 913 497 Error.
930 437 1013 512 Spes.
1102 436 1194 495 llrun.
1214 439 1289 510 Quid
1298 450 1339 493 est
1358 439 1467 494 Homo?
1480 468 1518 482 -
1532 435 1625 500 Error.
1641 438 1719 498 loci
1731 437 1841 516 hospes,

280 520 375 576 llsnr:
388 523 464 592 Quiri
484 533 526 576 est
547 523 638 595 Spes?
650 555 689 564 -
702 519 797 582 Error.
819 521 957 599 vigilanti
973 545 1016 584 so·
1062 525 1134 600 legis
1145 526 1256 599 imago,
1268 523 1437 583 calamitatis
1448 523 1561 596 fabula,
1572 528 1761 605 mancipium
1775 547 1842 582 mor·

238 625 341 682 mnus,
358 607 533 684 exspectanti
545 607 652 666 dubius
665 622 795 670 eventus.
1063 611 1117 682 tis,
1132 612 1201 670 vitae
1219 630 1302 670 mora
1324 632 1331 668 :
1352 631 1411 688 quo
1427 611 1556 670 Fortuna
1574 632 1650 690 saepe
1670 633 1748 672 suos
1764 613 1842 670 ludos

279 693 372 751 Ηιοιι.
387 697 465 767 Quicl
477 708 530 763 est,
548 697 623 770 quod
632 696 715 753 ltorno
727 701 822 754 videre
839 719 893 754 non
903 703 1015 774 potest?
1062 699 1137 755 facit.

237 813 278 824 -
291 781 386 838 Error.
404 780 529 839 Alterius
540 782 676 843 animatu.
1070 809 1074 816 ·
1101 783 1193 844 llius.
1212 789 1287 857 Quid
1295 800 1337 842 est
1346 789 1489 843 Fortuna?
1500 818 1538 830 -
1550 785 1646 845 Error.
1656 785 1698 844 Ut
1713 799 1844 843 matrona

191 865 197 879 ⁸
278 867 371 926 llton.
387 869 450 941 Quo
461 888 491 924 re
497 883 619 943 percont
631 871 779 927 homines?
795 871 945 934 -Errcn
962 873 1015 931 Cu·
1062 873 1186 946 nobilis,
1202 893 1266 948 quae
1282 873 1312 930 in
1328 893 1428 931 servos
1446 892 1477 931 se
1488 873 1635 952 impingit.

238 955 369 1032 piditate.
1101 959 1193 1020 Hans.
1210 963 1287 1032 Quid
1299 975 1342 1016 est
1359 965 1505 1017 Fortuna?
1518 994 1558 1005 -
1570 959 1669 1018 Emer.
1683 959 1761 1017 Sine
1771 981 1783 1034 J
1789 961 1843 1018 udi·

276 1043 369 1104 Hor.
381 1047 460 1117 Quid
467 1059 507 1100 est
518 1047 823 1106 lilertosi-Emcn
835 1045 1013 1110 lnnocentia.
1060 1045 1106 1102 cio
1129 1047 1261 1122 proxima
1279 1059 1369 1122 meta,
1394 1047 1558 1105 alienorum
1575 1047 1730 1106 bonorum
1756 1068 1843 1108 casus.

278 1130 370 1190 ilina.
389 1135 464 1204 Quid
482 1140 544 1206 rogi
566 1148 595 1190 et
608 1141 708 1192 misero
725 1155 867 1191 commune
890 1140 952 1192 esti
975 1167 1015 1182 ·-
1059 1133 1104 1190 Ad
1120 1153 1204 1208 quem
1221 1133 1319 1204 venit,
1336 1133 1522 1210 splendorem
1533 1137 1678 1208 ostendit,
1693 1156 1713 1192 a
1730 1156 1793 1212 quo
1804 1157 1843 1192 ro

237 1215 331 1276 Emer.
355 1218 439 1277 Nasci
454 1231 482 1276 et
496 1219 583 1276 mori.
1061 1221 1149 1292 cedit,
1165 1220 1298 1279 umbram
1313 1221 1390 1279 facit.

277 1303 1012 1382 Haoa.Quidestoptimumetpessimuml-Ertcr,
1099 1307 1192 1364 Hans.
1220 1310 1297 1380 Quoi
1316 1321 1484 1364 suntautem
1505 1311 1661 1365 Fortunoe?
1679 1342 1723 1354 -
1751 1314 1840 1368 Emer.

235 1389 374 1451 Verbum.
1059 1393 1131 1452 Tres
1153 1415 1159 1450 :
1177 1413 1234 1451 una
1257 1413 1347 1464 caeca,
1364 1414 1428 1470 quae
1443 1393 1569 1453 ubilibet
1584 1415 1616 1453 se
1639 1397 1802 1474 impingit,
1817 1411 1842 1452 et

277 1477 368 1534 Hans.
389 1481 466 1550 Quid
477 1492 528 1546 est,
549 1482 623 1553 quod
632 1483 686 1536 olii
693 1483 794 1555 placet
805 1496 834 1538 et
844 1486 898 1539 olii
908 1475 1014 1559 displi'·
1059 1481 1116 1538 alia
1137 1483 1251 1554 insana,
1273 1501 1338 1556 quse
1357 1481 1504 1557 concedit,
1535 1483 1594 1540 cito
1615 1483 1731 1555 aulert3
1763 1487 1840 1541 tertia

234 1567 297 1620 ceti
317 1595 353 1608 -
370 1563 466 1622 Error.
482 1563 555 1622 Vita.
1059 1568 1163 1644 surda,
1179 1588 1243 1646 qun
1264 1569 1437 1626 miserorum
1453 1588 1552 1647 preces
1566 1590 1627 1627 non
1647 1571 1784 1627 exaudit.

275 1650 367 1710 Ηιιιιι.
386 1653 463 1723 Quid
481 1665 522 1708 est
542 1660 647 1728 optima
670 1658 808 1711 oitni-
823 1654 918 1716 Error.
939 1657 1012 1716 Bre-
1099 1655 1189 1711 Hans.
1212 1649 1292 1728 Quiri
1312 1670 1375 1711 sunt
1404 1657 1453 1714 Dii
1460 1659 1475 1711 Ρ
1494 1687 1534 1701 -
1557 1655 1655 1714 Erro-r.
1684 1657 1841 1715 Oculorum

233 1737 365 1797 vissima.
1058 1739 1156 1817 signa,
1171 1741 1275 1798 mentis
1289 1740 1431 1798 numina:
1452 1741 1478 1800 si
1494 1743 1618 1816 metuis,
1639 1743 1731 1800 timor
1748 1759 1805 1813 est,
1820 1747 1841 1800 si

274 1824 366 1884 Hans.
386 1828 462 1897 Quid
481 1840 522 1882 est
535 1831 739 1884 certissimum?
752 1859 793 1873 —
806 1828 902 1888 Error.
921 1829 1011 1891 blois.
1060 1827 1209 1898 contines,
1227 1827 1332 1902 religio
1345 1838 1399 1885 esi·

273 1911 363 1970 ilion.
378 1916 456 1986 Quid
466 1927 508 1969 est
521 1917 622 1971 Mors?
636 1947 677 1960 -
695 1914 792 1974 Error,
809 1916 951 1992 Perpetua
965 1937 1012 1976 se.
1098 1912 1189 1970 Hans.
1204 1914 1282 1983 Quid
1291 1915 1406 1968 estSolr²
1421 1945 1462 1959 -
1476 1912 1572 1972 Error.
1589 1915 1738 1992 Splendor
1749 1915 1841 1988 orbis,

227 2001 352 2058 curitas.
1058 1998 1109 2074 qui
1132 1999 1208 2056 tollit
1226 2011 1255 2056 et
1270 1999 1354 2076 ponit
1367 1999 1464 2072 diem,
1484 2020 1537 2078 per
1556 2021 1642 2077 quem
1665 2003 1742 2060 scire
1758 2002 1841 2058 nobis

274 2088 367 2148 llann.
397 2090 473 2162 Quid
495 2104 539 2146 est
561 2091 660 2150 Mors?
684 2123 724 2137 -
746 2092 842 2152 Eercr.
871 2092 1012 2152 Timenda
1058 2105 1172 2144 cursum
1186 2085 1321 2144 l¹⁰laru¹¹¹
1335 2086 1432 2147 datur·

227 2175 365 2246 nulli,si
388 2177 504 2252 sapiens
528 2177 613 2252 degat
638 2200 644 2234 :
669 2178 788 2238 inimica
801 2182 886 2254 vitas,
905 2201 1011 2240 numen
1097 2174 1189 2235 llum·
1209 2174 1288 2246 Quid
1306 2188 1349 2231 ert
1373 2176 1502 2232 Coelum?
1528 2207 1569 2220 -
1593 2175 1694 2232 Em·
1718 2176 1839 2234 culmen

230 2264 410 2335 amantium,
425 2249 519 2322 metui
533 2278 705 2341 parentum,
724 2267 885 2326 liberorum
901 2269 1009 2347 praeda,
1057 2260 1241 2319 immensum·

235 2351 397 2408 testamenti
413 2351 521 2426 gratia,
542 2365 608 2428 post
621 2351 732 2411 obitum
745 2374 856 2430 sermo,
871 2375 1012 2433 supremis
1097 2346 1188 2404 ΗΜ·
1203 2349 1279 2418 Quid
1289 2361 1330 2404 ‘sl
1341 2349 1446 2404 (ΜΨ
1454 2352 1470 2404 t’
1479 2380 1517 2393 ·
1526 2347 1624 2407 Em·
1634 2350 1695 2408 ΑΘΓ
1705 2351 1836 2408 mundus

232 2435 406 2511 laobrymae,
419 2449 489 2512 post
498 2437 666 2496 memoriam
680 2439 809 2512 oblivio,
822 2441 868 2498 fax
880 2442 956 2517 rogi,
974 2443 1009 2500 ti·
1096 2435 1187 2492 lltm·
1201 2438 1277 2507 Quid
1296 2449 1360 2491 simi
1374 2437 1494 2492 Stelloe?
1519 2467 1559 2481 -
1580 2435 1682 2498 Erlc't.
1701 2438 1769 2496 Fata
1790 2439 1835 2494 bo

234 2520 312 2578 tulus
325 2523 523 2594 monumenti,
540 2543 619 2581 mors
628 2525 758 2584 oninium
773 2527 914 2586 malorum
931 2530 1008 2590 finis.
1057 2519 1179 2581 minum·
1642 2517 1647 2524 ’

273 2606 365 2666 Ηιυιι.
391 2612 485 2682 erore
507 2625 629 2668 mortuus
649 2619 816 2670 coronaturi
842 2646 883 2661 --
910 2616 1007 2678 Error.
1096 2612 1185 2669 lltnn.
1206 2615 1282 2685 Quid
1303 2627 1367 2670 sunt
1387 2613 1508 2670 Stelloer’
1532 2645 1572 2659 -
1596 2613 1697 2674 Erro-r.
1728 2613 1833 2672 littora

232 2698 361 2769 ligonem
377 2716 407 2754 se
419 2697 485 2755 rita
499 2698 673 2773 transegisse
682 2712 810 2760 testatur.
1056 2697 1296 2772 gubernatorum.

273 2781 365 2840 llaun.
403 2785 499 2856 Quoro
531 2799 637 2842 mortuo
657 2791 777 2860 pollices
805 2790 949 2860 ligantur?
971 2823 1010 2834 —
1096 2786 1189 2842 Hans.
1213 2788 1290 2857 Quid
1307 2799 1349 2841 est
1374 2790 1484 2842 Terra?
1509 2818 1549 2832 -
1569 2791 1667 2846 Error.
1695 2791 1833 2845 llorreum

231 2866 329 2928 Error.
345 2867 384 2926 Ut
398 2886 495 2946 parem
512 2881 577 2946 post
589 2869 703 2928 obitum
724 2889 785 2930 esse
802 2892 833 2931 se
846 2873 927 2932 sciat.
1055 2871 1181 2933 Cereris.

273 2955 367 3015 Hans.
392 2959 471 3029 Quid
494 2971 536 3013 est
562 2961 709 3033 Vespillo?
734 2959 892 3018 -Ertcn
917 2960 1008 3031 Quem
1095 2959 1186 3019 Hans.
1203 2961 1281 3030 Quid
1293 2971 1335 3014 est
1356 2959 1464 3014 Terra?
1485 2989 1526 3004 --
1550 2957 1647 3019 Error.
1675 2961 1830 3018 Cellarium

227 3043 317 3101 ¹multi
332 3043 481 3116 devitant,
497 3057 525 3100 et
537 3061 623 3101 nemo
637 3045 749 3120 elingit.
787 3115 793 3126 ,
1055 3049 1131 3106 vitae.

271 3130 364 3189 llarrn.
389 3134 465 3203 Quid
481 3146 522 3188 est
541 3134 656 3207 Bogus?
679 3163 716 3176 -·-
738 3133 837 3192 Errcr.
856 3133 1009 3191 Contentio
1095 3133 1188 3194 Hans.
1204 3137 1280 3206 Quid
1287 3148 1329 3190 ert
1337 3136 1446 3190 More?
1458 3167 1497 3176 -
1509 3132 1605 3192 Error.
1616 3132 1832 3192 lterincerturn.

226 3219 351 3291 crediti,
364 3220 525 3296 persolutio
537 3218 641 3281 debiti.
1093 3220 1186 3278 llion.
1205 3225 1333 3294 Quidem
1353 3224 1466 3279 Naris?
1479 3251 1520 3264 -
1538 3219 1633 3278 Eric-r.
1657 3221 1774 3280 Domus
1793 3243 1831 3280 er·

270 3307 362 3366 Hans.
383 3309 460 3379 Quiri
471 3320 513 3362 est
533 3309 633 3362 Tulai
647 3337 687 3351 -
700 3305 797 3364 Furor.
817 3307 889 3365 Belli
905 3308 1008 3367 incita·
1056 3309 1158 3368 ratica.

230 3413 295 3451 men
309 3394 382 3470 (leg.
397 3393 645 3472 incitamentum),
660 3395 747 3452 castri
764 3393 899 3470 signum,
914 3412 1008 3452 arenae
1093 3393 1185 3452 llius.
1205 3397 1284 3467 Quid
1291 3407 1332 3450 est
1343 3397 1450 3451 Naris?
1465 3424 1505 3439 -
1519 3391 1616 3455 Emer.
1632 3393 1768 3453 Ubilibet
1787 3395 1830 3449 bo

229 3481 408 3552 admonitio,
436 3500 529 3539 scenae
547 3483 738 3558 commissio,
767 3481 876 3539 funeris
906 3481 1008 3559 deplo-
1053 3482 1185 3560 spitium.
1276 3533 1281 3544 .

230 3569 316 3628 ratio.
1093 3568 1185 3629 llanr.
1207 3571 1285 3640 Quid
1301 3581 1343 3624 est
1360 3567 1468 3624 Novis?
1485 3565 1636 3624 -Emc‘n
1654 3564 1766 3624 Nuntia
1781 3568 1829 3626 Ne-

263 3656 362 3713 llaon.
378 3659 455 3728 Quid
466 3670 507 3712 est
524 3660 754 3714 Monumentum?
768 3687 808 3701 -
822 3654 920 3714 Emer.
933 3656 1007 3715 Saxa
1052 3656 1153 3734 ptuni,
1166 3657 1235 3712 anni
1248 3671 1384 3712 cursuum
1398 3651 1592 3711 tabellarium.

229 3743 382 3816 stignrosa,
399 3743 487 3800 otiosi
500 3742 620 3800 viatoris
636 3744 787 3821 spectatio.
1093 3744 1185 3800 flios.
1201 3744 1281 3814 Quid
1293 3743 1410 3798 Nauloi
1425 3771 1465 3783 -
1477 3739 1570 3797 Error.
1587 3743 1708 3798 Amator
1726 3742 1828 3817 pelagi,

270 3829 360 3886 llaon.
374 3832 453 3902 Quid
459 3842 502 3884 est
510 3831 598 3886 Homo
611 3834 790 3904 pauperi-
803 3827 901 3888 Error.
914 3827 1006 3898 Quem
1053 3831 1131 3889 firmi
1145 3830 1286 3900 desertor,
1302 3839 1465 3886 contemtor
1482 3827 1548 3884 vitae
1563 3829 1738 3904 mortisque,
1753 3829 1830 3885 undae

228 3929 260 3976 ut
282 3930 399 3994 puteum
420 3916 564 3974 desertum
591 3935 692 3974 omnes
711 3915 894 3993 adspiciunt,
909 3928 937 3973 et
953 3934 1006 3974 suo
1055 3919 1158 3976 cliens.

229 4004 386 4061 lucoillum
402 4003 582 4078 relinquunt.
818 4059 822 4062 ,
1091 4003 1185 4062 Hans.
1214 4003 1292 4074 Quid
1309 4013 1351 4058 est
1373 4001 1513 4056 Somnus?
1538 4033 1576 4044 -
1600 3999 1702 4059 Error.
1731 3999 1829 4058 Mortis

268 4091 358 4147 llius.
373 4092 448 4162 Quid
457 4103 498 4147 est
515 4093 624 4147 Homo?
634 4123 675 4136 -
685 4089 784 4151 Error.
800 4090 908 4148 Balneo
919 4091 1003 4148 simi·
1054 4090 1161 4167 imago.

228 4177 275 4236 lis.
302 4176 400 4234 Prima
418 4177 490 4234 cella
516 4177 672 4255 tepidario,
697 4179 849 4236 unctuarin
876 4199 883 4234 :
911 4178 1005 4235 infans
1090 4178 1180 4236 Hans.
1197 4179 1276 4252 Quid
1286 4191 1328 4234 est
1340 4179 1430 4234 Noni
1442 4208 1482 4221 -
1498 4175 1596 4233 Emer.
1610 4175 1774 4234 laboranti
1788 4195 1829 4233 re-

227 4276 311 4322 natus
326 4267 508 4341 perungitur.
523 4263 654 4321 Secunda
663 4264 735 4322 cella
747 4265 896 4322 sudatoria
902 4264 1005 4362 pueri·
1052 4266 1154 4342 quies,
1171 4264 1314 4340 grassanti
1326 4264 1448 4322 lucrum.

228 4353 268 4411 tia
281 4363 334 4410 est.
351 4349 450 4407 Tertia
464 4349 537 4406 cella
552 4368 636 4423 assa,
652 4351 877 4428 perferentaria,
896 4370 1004 4426 Juven·
1092 4354 1184 4411 Hans.
1202 4353 1280 4424 Quid
1292 4363 1334 4406 est
1356 4350 1499 4406 Culcitro?
1512 4383 1548 4394 -
1562 4347 1659 4405 Error.
1676 4346 1711 4406 ln
1724 4349 1830 4407 somnis

228 4454 284 4500 tus.
301 4439 410 4510 Quarta
432 4437 504 4494 cella
531 4436 682 4512 frigidaria
700 4451 849 4510 senectus,
867 4437 1004 4498 omnibus
1051 4439 1267 4500 volutatorium.

226 4539 320 4602 aequat
331 4526 511 4586 sententiam.
1090 4527 1182 4585 litos.
1200 4528 1296 4598 Quare
1319 4527 1412 4580 Venus
1424 4527 1501 4580 nuda
1509 4526 1661 4598 pingitur?
1678 4553 1721 4566 -
1734 4521 1828 4578 Error.

267 4614 359 4673 llius.
371 4617 447 4688 Quid
456 4628 498 4672 est
509 4618 619 4672 Homo?
631 4649 669 4660 -
682 4616 776 4674 Error.
785 4616 877 4673 Ponto
888 4616 1002 4677 similis⁴
1050 4615 1131 4674 Nuda
1142 4613 1239 4672 Venus
1253 4612 1329 4690 {ricta
1346 4613 1356 4688 l
1369 4615 1426 4686 leg.
1439 4612 1516 4688 picta
1529 4613 1601 4686 est),
1614 4609 1688 4668 nudi
1704 4610 1828 4687 pingun-

224 4702 317 4761 Poma
332 4717 364 4762 ut
377 4705 409 4761 in
421 4701 580 4762 arboribus
598 4703 741 4782 pendent,
756 4705 798 4763 sic
814 4715 922 4762 suntet
937 4724 1004 4761 cor·
1050 4717 1097 4762 tur
1112 4705 1240 4761 Amores.

226 4811 300 4866 pora
313 4805 412 4850 nostra
427 4813 434 4848 ι
448 4803 497 4850 aut
510 4803 621 4850 matura
635 4793 756 4869 cadunt,
768 4804 817 4850 aut
830 4791 888 4850 cito
900 4790 1003 4848 acerba
1088 4787 1201 4860 Quibus
1218 4788 1291 4865 (leg.
1307 4788 1359 4843 sed
1370 4787 1452 4863 quoe)
1467 4785 1544 4844 nuda
1552 4787 1663 4863 placet,
1683 4784 1781 4843 nudos
1795 4784 1828 4842 di·

226 4893 325 4942 ruunt.
1052 4881 1145 4936 mittat
1159 4888 1282 4954 oportet.

267 4968 357 5029 Hans.
375 4969 451 5042 Quid
464 4969 680 5025 estlionor-
694 4963 1003 5026 ErrenSicutlucerna
1094 4965 1185 5021 llaon.
1214 4966 1308 5035 Quare
1331 4963 1425 5017 Venus
1449 4963 1576 5017 Vulcano
1592 4973 1680 5034 nrgoto
1705 4965 1772 5018 est?
1794 4989 1829 5005 -

227 5052 259 5110 in
270 5069 358 5114 rento
371 5055 477 5134 posita.
1051 5051 1148 5112 Error.
1161 5051 1294 5112 Ostendit
1306 5065 1432 5107 amorem
1448 5047 1551 5106 ardore
1562 5046 1692 5108 incendi.
