3696 5922
251 395 306 448 θθθ

801 387 1006 450 HElthLITl
1029 389 1277 451 FRAGMENTA.

308 520 422 579 κλειτον·
437 518 513 597 κρίσις
536 518 563 576 dl
580 525 631 577 πᾶν
651 519 738 597 νεκρὸν
759 520 804 580 καί
825 527 915 600 νεκροῦ
936 521 1021 601 μέρος.
1066 543 1103 583 ss.
1126 513 1192 581 είναε
1203 520 1253 600 γάρ
1263 520 1291 579 θν
1306 519 1335 578 τὸ
1350 518 1428 600 σορὸν
1447 517 1604 576 ίπίστασθαι
1623 513 1733 591 γνώμην
1747 513 1823 586 οίηντε

347 605 534 683 (Plutarchus
548 605 728 683 Symposiac.
742 606 795 666 lib.
807 609 860 679 tv,
878 615 904 676 l„
920 609 949 679 3,
959 609 1020 666 νοί.

307 692 361 765 Χί,
384 713 414 771 p.
434 695 501 754 186.
521 693 616 753 Verba
629 694 706 774 κρίας
726 692 753 752 δὲ
767 703 819 752 πᾶν
834 697 893 754 κτλ.
909 695 1019 754 Plutar-

308 781 355 838 chi
379 789 458 841 suut.
480 783 581 859 Inepte
602 781 706 840 Suidas
729 802 759 842 ν.
776 779 943 860 Ἡράκλειτος
957 782 1020 838 ait:

308 863 476 945 Ἡράκλειτος
485 866 534 947 ίρη
547 869 679 945 ὀλιγωρεῖν
691 867 776 938 πάντη
786 873 833 924 τοῦ
845 865 966 941 σώματος
978 865 1023 923 καί

308 953 420 1027 νομίζειν
443 953 506 1010 airh
520 953 565 1012 καί
584 953 699 1032 κοπρίων
717 953 912 1034 ίκὸλητάτερον·
936 955 966 1012 ἐκ
979 957 1023 1012 τοῦ

309 1039 402 1119 ῥᾴστου
420 1039 446 1098 dl
463 1041 534 1119 αὐτῷ
547 1039 593 1107 τάς
607 1039 742 1120 θεραπείας
751 1043 927 1118 ἀποπληροῦν,
938 1039 985 1106 ἕως
994 1038 1024 1097 ἂν

308 1129 322 1184 θ
337 1126 392 1192 θεὸς
407 1123 497 1206 ὥοπερ
511 1127 612 1205 ὀργάνῳ
625 1129 664 1206 τῷ
677 1127 779 1203 σώματι
789 1131 901 1206 χρῆσθαι
915 1125 1024 1184 ἐπιτάτ-

307 1235 350 1288 ιη.
363 1212 406 1271 cf.
416 1213 539 1273 Cedren.
554 1213 619 1272 hist.
630 1234 660 1288 p.
677 1223 744 1285 ¹⁵7·
755 1214 852 1282 Quid?
865 1213 943 1289 quod
955 1211 1026 1270 Cel-

309 1317 358 1358 sus
370 1318 486 1377 quoque
505 1300 642 1358 Heracliti
658 1298 766 1358 dictum
778 1301 810 1357 in
822 1301 946 1358 alienam
956 1317 1024 1358 sen-

308 1386 376 1442 tiam
389 1386 520 1445 detorsit.
537 1385 645 1444 hocum
665 1385 730 1463 ejus
744 1387 872 1446 servavit
884 1387 1025 1460 Origenes

308 1485 410 1529 contra
424 1471 500 1530 Cels.
519 1471 543 1528 V
556 1493 585 1550 p.
610 1473 667 1531 588
684 1494 693 1530 ε
707 1473 753 1532 καί
764 1476 851 1553 ψυχῆς
863 1472 909 1550 μίν
923 1473 1026 1530 αἰώνιον

311 1559 400 1635 βιοτὴν
425 1557 524 1617 δύναιτ’
547 1559 576 1617 θν
602 1562 757 1639 παρασχεῖν·
777 1560 863 1627 νίκυες
881 1559 925 1632 dl,
947 1559 1026 1639 φησίν

308 1644 486 1722 Ἡράκλειτος,
497 1645 610 1724 κοπρίων
619 1645 808 1727 ίκάλητάτεροι·
821 1653 904 1727 σάρκα
919 1647 950 1718 δὴ
968 1691 975 1704 .
992 1690 1001 1706 .
1016 1690 1025 1708 .

308 1731 410 1790 αίώνιον
433 1734 564 1813 άπσρῆναι
586 1733 719 1794 ...οὔτε
747 1733 902 1814 βουλήσεται
925 1733 1024 1806 θθεός,

308 1820 366 1880 οὔτε
394 1820 541 1890 δυνήσεται.
567 1821 755 1881 Heracliteam
781 1823 955 1881 locutionem
982 1843 1026 1880 κο-

225 1969 229 1975 ,
309 1907 392 1986 πρίων
419 1905 603 1985 ἐκὸλητάτερος
630 1909 780 1967 adnotavit
804 1911 890 1968 etiam
917 1908 1025 1966 Pollux

307 1994 453 2052 Onomast.
464 1993 499 2064 V,
518 1996 582 2055 163.
598 1995 673 2053 Hinc
692 1995 768 2073 apud
784 1995 902 2054 Sextum
917 1995 1025 2068 legitur

309 2080 373 2138 adv.
389 2081 478 2142 Math.
494 2081 575 2152 Vlll,
597 2084 654 2140 286
670 2103 677 2138 ε
694 2082 804 2157 καὶμὴν
818 2084 928 2161 ῥητώςθ
942 2078 1027 2158 Ἡρά-

308 2165 407 2232 κλειτός
429 2190 492 2247 φησι
505 2169 534 2226 τὸ
553 2168 590 2242 μὴ
604 2159 670 2227 εἶναι
684 2171 787 2243 λογικὸν
809 2168 854 2226 τὸν
878 2167 1024 2246 άνθρωπον,

308 2253 385 2328 μόνον
404 2255 426 2312 δ’
439 2253 565 2332 θπάρχειν
581 2259 703 2334 ρρενῆρις
715 2255 745 2314 τθ
758 2256 889 2334 περιίχον·
906 2265 935 2313 el
948 2253 1024 2331 apud

307 2339 512 2399 philostratum
531 2341 584 2420 Ep.
612 2343 646 2400 ιθ
669 2363 677 2402 :
693 2341 864 2421 Ἡράκλειτος
883 2343 898 2398 θ
917 2339 1023 2420 ρυσικὸς

309 2427 402 2505 άλογον
416 2417 482 2486 εἶναι
493 2428 646 2509 κατὰφύσιν
657 2427 736 2509 ipsust
746 2429 790 2488 τθν
802 2428 946 2506 ἄνθρωπον.
963 2427 1025 2484 ίίοο

308 2513 344 2571 de
357 2515 429 2573 solis
442 2515 563 2573 mortuis
574 2515 793 2593 accipiendum,
808 2516 860 2592 qui
876 2513 946 2591 quia
961 2513 1025 2571 ani-

308 2619 383 2657 mam
398 2600 435 2658 de
448 2601 523 2658 coelo
537 2621 596 2660 non
617 2601 728 2660 ducunt
750 2603 873 2661 rationis
893 2611 1025 2680 expertes

308 2685 434 2764 Ephesio
448 2686 623 2764 philosopho
637 2687 840 2764 videhonmr.)

278 2818 285 2835 .
307 2769 415 2832 Ἐνθάθε
428 2773 517 2839 ίάντας
526 2772 713 2832 ἐπανίστασθαι
726 2774 770 2833 καί
780 2772 897 2855 ρι’νλακας
910 2773 1026 2852 γίνεσθαι

308 2855 392 2938 ίγερτί
406 2855 508 2927 ζώντων
522 2858 567 2918 καί
581 2862 688 2938 νεκρῶν.
952 2913 954 2918 ,

347 2949 358 3022 (
369 2945 545 3024 Hippolytus
556 2945 663 3005 Hares.
675 2947 772 3007 Helut.
787 2967 817 3024 p.
832 2947 888 3004 283
900 2945 949 3008 ed.
960 2947 1025 3009 hlil·

308 3033 362 3096 let.
377 3031 466 3108 τλάγει
476 3029 504 3089 di
517 3029 563 3088 καί
578 3032 674 3111 σαρκθς
684 3033 826 3092 ἀνάστασιν
840 3033 935 3106 ταύτης
947 3059 1023 3116 pass·

309 3127 354 3196 ρθς
364 3107 418 3196 ir(
432 3117 611 3195 γεγενήμεθα,
623 3118 668 3176 καί
681 3119 724 3177 τὸν
737 3119 792 3178 θεὸν
803 3109 855 3178 οἶδε
871 3121 968 3191 ταύτης
978 3126 1024 3194 τῆς

312 3207 479 3273 ἀναστάσεως
493 3205 574 3264 αίτιον
593 3205 675 3272 οὕτως
690 3205 781 3281 λάγων·
795 3233 808 3258 α
818 3203 902 3266 'Heio
918 3208 941 3264 δ’
956 3209 1024 3267 ἐάντε

311 3290 499 3352 ίπανίστασθαι
513 3292 558 3350 καί
574 3291 692 3372 φύλακας
710 3293 825 3369 γίνεσθαι
846 3293 1023 3372 ίγερτιζάντων

308 3380 353 3437 καί
368 3380 475 3456 νεκρῶν.
492 3405 503 3430 ν
525 3379 697 3436 Ειιιοπιίεινίῑ
716 3379 774 3436 haec
796 3379 971 3455 Hernaysius
994 3381 1023 3438 in

308 3465 383 3522 Hus.
400 3463 455 3523 llh.
470 3464 508 3522 ίίί
520 3483 548 3542 ρ.
561 3466 631 3532 οίό.
641 3465 761 3524 Fallitur
771 3466 948 3542 Hippolytus
961 3487 1023 3525 car·

309 3551 355 3610 nis
372 3554 614 3609 resurrectionem
625 3571 688 3627 quae
699 3551 862 3612 christianae
872 3553 1023 3628 religionis

307 3637 429 3715 propria
440 3651 483 3694 est
497 3637 642 3696 Heraclito
653 3638 794 3696 tribuens.
802 3637 861 3696 Nos
874 3641 1023 3698 existima-

309 3743 372 3782 mus
408 3723 563 3800 Ephesium
600 3725 806 3804 philosophum
844 3740 1021 3787 mortuorum

205 3823 209 3831 ’
309 3812 423 3869 animos
433 3812 569 3870 vivorum
584 3813 716 3870 custodes
732 3831 795 3871 esse
808 3813 946 3873 voluisse.
959 3817 1022 3884 Qua

309 3899 340 3955 in
354 3915 385 3954 re
398 3910 513 3955 secutus
526 3911 571 3956 est
585 3897 741 3955 Hesiodum
761 3899 815 3975 Ορ.
833 3910 862 3956 et
874 3899 958 3962 Dieh.
976 3921 1020 3960 vs.

311 4003 439 4040 tat-tas
457 3983 498 4041 ita
517 3997 664 4042 canentem
688 3984 751 4042 :col
772 3984 819 4059 (alr
837 3985 958 4058 δαίμονάς
973 3991 1022 4046 εἶσι

307 4070 367 4133 Διὸς
383 4071 498 4147 μεγάλου
512 4071 554 4130 διά
567 4072 679 4149 βουλάς,
693 4071 793 4144 ἐσθλοί,
805 4071 957 4152 ίπιχθάνιοι,
971 4075 1023 4154 φθ-

306 4160 383 4222 λακες
392 4161 494 4226 θνητῶν
511 4159 666 4236 ἀνθρώπων.
687 4159 773 4229 Quod
786 4171 879 4218 autem
898 4161 1024 4236 uigilan-

308 4255 350 4302 ter
362 4245 495 4303 viventes
508 4259 537 4304 et
548 4259 679 4304 mortuos
697 4246 830 4323 opponit,
846 4246 877 4304 id
888 4265 924 4305 eo
935 4247 1021 4323 salet,

308 4343 338 4388 ut
360 4332 515 4406 vigilantes
536 4346 564 4391 et
585 4332 761 4391 dormientes
780 4344 866 4409 atque
884 4329 956 4392 adeu
975 4353 1022 4394 sr-

306 4417 419 4492 pientes
429 4431 457 4476 et
470 4418 641 4496 insipientes
654 4418 862 4494 intelligantur.
875 4421 885 4497 l

1125 608 1312 688 ἓγκυὸερνῆσυι
1326 606 1410 664 πάντα
1422 606 1464 665 διὰ
1476 605 1591 662 πάντων.

1128 696 1287 774 (Diogenes
1302 695 1435 762 Laertius
1456 691 1499 750 lib
1522 690 1572 763 lX,
1600 712 1626 762 ι,
1654 689 1741 766 cujus
1755 711 1824 748 mern·

1127 781 1224 838 branae
1238 779 1344 838 habent
1362 777 1469 855 γνώμην
1483 776 1530 848 ἥτε
1554 779 1578 834 ol
1594 777 1648 852 (al.
1664 773 1708 833 ὅτε
1720 768 1753 852 ᾖ)
1768 778 1826 852 ἔγω·

1128 865 1257 946 θερνήαει.
1274 869 1380 925 Sensus
1393 866 1501 940 flagitat
1512 863 1592 941 quod
1601 864 1683 922 edidi
1696 861 1752 932 οἵην
1765 867 1828 938 τοίγ-

1127 954 1285 1032 κυόερνῆααι
1298 954 1344 1011 vel
1360 953 1517 1032 θγκυὸερνῇν
1535 953 1555 1012 i.
1570 971 1597 1013 e.
1612 949 1778 1030 ἐγκυθερνᾷν.
1793 953 1829 1008 si-

1129 1043 1207 1100 milis
1221 1053 1263 1100 est
1283 1041 1365 1099 locus
1381 1040 1458 1117 apud
1479 1039 1687 1117 Hippocratem
1702 1041 1761 1116 περί
1780 1039 1830 1096 διεί-

1127 1151 1173 1199 της
1187 1130 1197 1187 ί
1209 1146 1275 1205 pag.
1290 1129 1348 1202 639
1359 1127 1395 1185 ed
1405 1125 1501 1185 Hiihn.
1517 1145 1525 1184 ε
1537 1127 1631 1198 τοῦτο(
1642 1125 1673 1184 τὸ
1682 1125 1750 1202 πῦρ]
1760 1126 1829 1182 πάντα

1128 1213 1171 1272 did
1181 1216 1277 1280 παντὸς
1291 1213 1420 1292 scirpea·
1432 1233 1496 1290 quae
1509 1211 1600 1271 rerba
1611 1213 1782 1292 Heracliteis
1794 1235 1829 1270 su·

1127 1321 1182 1377 pra
1191 1302 1379 1360 adnumeravi
1391 1301 1426 1360 ad
1439 1302 1539 1376 fragm.
1553 1301 1602 1368 (6.
1615 1302 1740 1358 Videtur
1752 1315 1828 1357 auten

1131 1389 1291 1448 Heraclitus
1318 1387 1446 1468 κυάερνᾷν
1469 1399 1497 1445 et
1513 1384 1638 1454 οίακίζειν
1655 1387 1773 1461 (fragm.
1792 1389 1829 1452 io}

1129 1479 1293 1554 promiscue
1306 1493 1473 1552 usurpasse.
1492 1473 1610 1551 Ephesii
1628 1474 1758 1533 hominis
1776 1475 1830 1532 ella·

1130 1576 1189 1622 tum
1199 1564 1242 1621 sic
1257 1563 1386 1621 imitatus
1401 1574 1445 1620 est
1458 1559 1611 1618 Cleanthes
1628 1559 1730 1635 hymn.
1744 1560 1772 1616 in
1780 1559 1830 1620 lor.

1129 1636 1173 1708 'va
1184 1650 1272 1716 arar.
1294 1646 1384 1708 :ant
1398 1647 1600 1723 Ζιοπειισρε,
1616 1645 1783 1724 πίμπρη,
1794 1649 1830 1722 a..

1132 1734 1288 1816 χικίραυνε,
1321 1735 1471 1815 άνθρώπους
1500 1731 1570 1814 (doto
1601 1731 1775 1810 άπειροσώνης
1794 1737 1832 1791 siri

1129 1824 1238 1900 λυγρῆς,
1249 1822 1282 1894 ἣν
1290 1821 1321 1880 σύ
1330 1867 1338 1898 ,
1348 1821 1443 1901 πάτερ,
1455 1819 1581 1878 σκάθασον
1592 1820 1681 1898 ψυχῆς
1693 1819 1802 1894 daulis
1813 1822 1833 1876 ii

1129 1913 1243 1988 κυρῆσαι
1254 1907 1371 1986 γνώμης,
1386 1899 1405 1986 ᾗ
1423 1909 1530 1972 πίσυνος
1541 1902 1574 1962 σθ
1590 1905 1666 1976 δίκης
1682 1907 1752 1980 με’τα
1765 1909 1832 1964 πάντα

1129 1995 1285 2076 κυάερνᾷς.)

1100 2129 1107 2143 .
1131 2083 1218 2160 Νόμος
1230 2082 1275 2141 καί
1293 2081 1373 2160 βουλὴ
1387 2079 1519 2141 πείθεσθαι
1529 2079 1594 2147 ἑνός.

1170 2170 1317 2244 (Clemens
1330 2170 1434 2227 Strom.
1450 2172 1481 2236 V,
1503 2177 1537 2237 rt.
1554 2187 1584 2244 p.
1602 2167 1673 2239 718.
1691 2165 1743 2224 Sic
1755 2180 1780 2224 et
1791 2168 1832 2224 lle·

1129 2259 1247 2314 rodotus
1258 2256 1310 2314 lih.
1327 2255 1351 2324 l,
1367 2255 1420 2312 126
1432 2251 1563 2312 πείθεσθαί
1574 2275 1643 2318 τινος
1656 2253 1750 2324 dixit,
1761 2273 1832 2330 quon

1129 2344 1238 2401 Atticos
1252 2343 1423 2420 plerumque
1440 2339 1571 2398 πείθεσθαί
1591 2361 1642 2397 τινι
1657 2340 1770 2398 dixisse
1781 2362 1832 2398 con·

1130 2441 1190 2486 stet.
1203 2429 1264 2485 Huc
1281 2429 1426 2505 pertinent
1440 2426 1577 2484 Heracliti
1593 2423 1687 2482 verba
1702 2425 1776 2502 apud
1787 2425 1832 2483 Sto

1129 2515 1220 2573 haeum
1234 2513 1309 2572 Flos.
1324 2513 1377 2583 ίΙί,
1390 2514 1426 2582 tt
1445 2509 1617 2592 εσωρρονίειν
1630 2509 1715 2588 ἀρετ-λ
1730 2511 1833 2587 μεγίστη,

1128 2601 1173 2659 καί
1191 2601 1268 2680 σορίη
1289 2599 1388 2670 άληθία
1401 2598 1486 2677 λίγειν
1500 2599 1546 2657 καί
1568 2595 1665 2656 παίειν
1684 2597 1756 2656 κατά
1775 2599 1831 2676 plat»

1129 2683 1265 2754 ίπαίοντας
1275 2733 1283 2766 ,
1293 2707 1357 2764 quae
1367 2699 1460 2745 tamen
1476 2687 1577 2761 fragm.
1598 2685 1636 2742 55
1650 2685 1832 2742 consideranti

1127 2776 1179 2835 vix
1193 2775 1310 2852 Ephesii
1325 2773 1493 2852 philosophi
1511 2791 1575 2832 esse
1592 2770 1782 2831 ridebuntur.
1802 2773 1833 2828 lle

1129 2863 1244 2940 reliquo
1264 2880 1339 2920 unus
1364 2861 1414 2920 ille
1439 2879 1525 2938 quem
1544 2859 1712 2917 Heraclitus
1727 2879 1832 2935 sequen

1127 2949 1196 3008 dum
1211 2961 1309 3006 censet
1324 2960 1373 3006 aut
1389 2947 1452 3025 ipse
1466 2944 1582 3024 Jupiter
1595 2957 1639 3004 est
1657 2959 1713 3004 aut
1727 2947 1832 3022 quicum

1128 3056 1185 3114 que
1200 3036 1306 3094 divinae
1321 3037 1425 3093 mentis
1440 3033 1575 3112 (γνώμης)
1591 3033 1741 3110 interpres
1760 3033 1831 3090 habe

1128 3127 1209 3195 tur.)

1095 3251 1102 3266 .
1131 3209 1301 3271 Καθάππεται
1315 3208 1342 3267 dl
1354 3208 1399 3267 καί
1410 3211 1462 3266 τῶν
1474 3205 1602 3287 Ἐρεσίων
1616 3207 1658 3264 ἐπὶ
1671 3209 1713 3288 τῷ
1724 3207 1765 3264 τὸν
1775 3211 1830 3264 lsai·
1846 3217 1847 3258 ι

1128 3319 1170 3376 ρον
1190 3295 1308 3356 anesten
1324 3295 1502 3376 Ἑρμόδωρον,
1519 3296 1545 3350 ἐν
1565 3284 1601 3369 οἷς
1624 3315 1718 3374 φησιν·
1739 3293 1830 3360 ι’,ίξιοι

1128 3383 1270 3464 Ἐφεσίοισι
1284 3382 1382 3454 ἡὸηθὸν
1398 3379 1548 3440 άποθανάειν
1564 3389 1632 3438 πᾶσι
1644 3379 1692 3438 καί
1708 3383 1831 3448 coistis(-

1127 3469 1197 3530 ὅσιοι
1208 3471 1256 3540 τὴν
1273 3471 1349 3528 πόλιν
1367 3467 1553 3543 καταλιπέειν,
1569 3465 1661 3532 οίτινες
1681 3467 1831 3545 Ἑρμόδωρον
1845 3509 1846 3540 ,

1127 3557 1229 3615 ἑωυτῶν
1241 3559 1359 3628 θνήῑστον
1372 3555 1494 3626 ἰξίθαλον
1507 3555 1633 3633 λέγοντες·
1648 3552 1758 3630 Ἡμέων
1781 3555 1830 3632 μηδὲ

1126 3633 1162 3708 είς
1174 3643 1292 3714 dariis-tos
1303 3642 1379 3702 ίστω·
1391 3644 1414 3702 εί
1428 3643 1455 3702 δέ
1467 3665 1506 3708 τις
1526 3644 1659 3713 τοιοῦτος,
1675 3643 1746 3720 ἄλλη
1760 3665 1784 3698 τε
1797 3641 1830 3697 acl

1128 3729 1184 3807 μετ’
1195 3730 1291 3788 ἄλλων.
1315 3757 1327 3782 ν

1167 3819 1324 3896 (Diogenes
1339 3815 1523 3876 laertiuslih
1536 3813 1588 3891 lX,
1603 3835 1631 3873 a.
1641 3813 1764 3891 Vulgari
1782 3817 1845 3902 dro-¹

1128 3903 1227 3962 θανίειν
1241 3917 1270 3961 et
1282 3901 1464 3974 καταλιπάειν;
1476 3903 1561 3962 codd.
1573 3905 1714 3960 ἀποθανεῖν
1726 3916 1753 3959 et
1765 3925 1830 3958 κατι·

1126 3991 1219 4048 λιπεῖν.
1231 3989 1335 4048 lisdem
1348 4009 1440 4067 prope
1450 3987 1547 4047 verbis
1558 3988 1618 4047 haec
1632 4001 1731 4047 narrat
1744 3989 1829 4046 Cicero
1844 4009 1845 4039 ι

1126 4079 1210 4136 Tusc.
1223 4076 1259 4148 V,
1282 4078 1327 4134 36.
1342 4075 1439 4134 illinus
1459 4089 1590 4134 accurate
1610 4075 1784 4133 lamblichus
1803 4075 1831 4130 de

1127 4164 1179 4220 vit.
1192 4161 1277 4238 Pyth.
1293 4180 1317 4222 s.
1333 4161 1386 4233 173
1409 4183 1416 4217 ε
1432 4161 1461 4218 οὗ
1475 4160 1525 4237 γάρ
1535 4159 1657 4241 καθάπερ
1678 4159 1830 4238 Ἡράκλειτος

1127 4247 1257 4326 Ἐφεσίοις
1279 4247 1389 4326 γράψειν
1411 4247 1461 4322 ἔφη
1480 4245 1539 4310 τοὺς
1553 4245 1663 4322 νόμους,
1682 4244 1844 4326 ἀπάγξασθαι,

1126 4333 1402 4404 τοθςπολίταςὴθηθθν
1410 4333 1543 4399 κελεύσας.
1554 4335 1588 4392 ln
1596 4335 1698 4411 paucis
1707 4353 1723 4390 a
1732 4333 1829 4390 Laertio
1843 4337 1844 4407 (

1125 4422 1270 4499 discrepat
1281 4419 1385 4478 Strabo
1399 4419 1452 4481 lib.
1465 4421 1543 4480 xlv·
1552 4441 1583 4498 p.
1599 4421 1658 4488 lita
1670 4421 1718 4480 ed.
1727 4419 1798 4492 ess.)

1842 4657 1843 4682 l

277 4711 316 4760 st.
334 4709 566 4758 Hicoommorautes
577 4709 677 4758 excitari
694 4711 720 4759 et
732 4709 846 4759 custodes
859 4709 910 4759 herl
921 4709 1021 4772 vigilan·
1068 4711 1243 4762 Hermodorum
1268 4712 1409 4774 ejecissent,
1433 4711 1536 4761 diceas:
1564 4730 1576 4754 ι
1598 4713 1720 4761 uenator
1738 4689 1843 4774 uhtred(

246 4798 284 4848 lar
299 4795 433 4846 tivantium
444 4798 469 4846 et
483 4801 643 4846 mortuomm.
1067 4797 1161 4860 Ephesii
1184 4797 1273 4858 adulti,
1286 4801 1313 4848 ut
1332 4799 1410 4848 mone
1423 4797 1569 4860 alliciantur,
1590 4796 1726 4858 impuberes
1741 4807 1793 4844 roro
1807 4793 1828 4838 ul

277 4889 315 4934 σε.
334 4886 391 4933 Esse
405 4883 470 4935 eninr
483 4895 554 4932 unam
564 4882 715 4946 sapientiam,
733 4894 805 4934 nosse
817 4883 922 4934 nettlstn
935 4896 964 4934 ss
977 4897 1021 4946 po·
1065 4882 1150 4932 urbem
1162 4883 1310 4946 relinquant,
1319 4883 1375 4946 quta
1387 4883 1563 4934 Hermodomnt
1573 4881 1792 4946 prestantissimae
1801 4879 1827 4926 ri·
1841 4911 1842 4946 3

245 4969 320 5020 tentia
332 4969 469 5033 prodiisset,
481 4972 509 5020 ut
521 4969 850 5032 omniaomnlnoguhemcl.
1065 4981 1120 5019 vern
1138 4969 1215 5031 patris
1227 4969 1372 5031 expellentes
1393 4970 1701 5020 ltslocuttsunl:1temo
1721 4967 1751 5018 de
1770 4965 1824 5016 οοίάε
1841 4949 1842 5016 ί

277 5063 315 5108 st.
326 5059 373 5108 Lea
384 5061 409 5108 et
421 5058 546 5108 consilium
555 5059 593 5108 est
608 5057 649 5108 unt
657 5056 762 5108 obedire.

1064 5056 1252 5119 caesareensi,
1266 5057 1306 5106 sed
1317 5059 1338 5106 sl
1350 5057 1403 5119 quis
1412 5057 1467 5107 talis
1478 5059 1606 5118 exstiterit,
1617 5056 1669 5105 alibi
1682 5059 1709 5104 et
1721 5067 1773 5104 mn
1782 5051 1824 5101 atis

277 5145 316 5194 sl.
335 5145 494 5207 deprehendit
511 5146 583 5196 etiam
597 5145 711 5208 nptrestoa
733 5145 797 5207 quod
816 5144 924 5195 εοσείαιε
946 5156 1018 5193 suurn
1063 5142 1140 5204 degat.
1151 5159 1164 5186 ν
