3776 5926
664 392 713 456 DE
733 393 972 457 Et’lcttattlto.
1562 403 1615 455 tta

42 533 153 590 (laterum
179 549 213 586 ex
239 527 401 604 Epicharmi
423 528 585 602 fragmentis
611 531 789 599 intelligitur,
841 531 1005 602 praeclarius
1023 539 1062 583 est
1085 528 1277 602 descriptione
1304 529 1417 601 parasiti
1432 525 1510 600 apud
1533 528 1622 584 hthe-

41 622 168 694 plerasque
189 615 252 689 ejus
267 615 422 674 comoedias
445 627 643 690 argumentum
666 617 796 673 habuisse
841 635 930 670 narum
946 618 993 682 vl,
1009 614 1075 684 236,
1096 617 1117 670 F
1139 613 1220 690 (vid.
1236 635 1277 672 vs.
1306 615 1416 688 ap-t'll
1442 628 1470 670 ct
1493 617 1622 670 Herculis
1730 687 1734 695 ι

40 709 194 777 fabulosum,
217 705 297 780 quod
332 707 370 760 ita
397 704 613 778 proculdubio
649 706 798 760 exornavit
842 702 1620 778 voracisapudeumdemX,411.A(vid.vs.13-16).
1698 762 1704 772 ,

39 807 122 869 poeta,
136 806 167 848 ut
180 792 261 849 fictas
275 792 311 849 de
326 793 380 848 diis
390 793 613 847 narratiunculas
631 793 674 846 vel
688 791 796 847 refuta·
843 794 874 846 ln
890 809 922 846 ca
937 791 1030 846 fabula
1041 809 1102 864 qnae
1114 787 1204 860 ἽΙόης
1212 789 1295 868 γάμος
1310 791 1516 846 inscribebatur
1527 792 1621 846 omnia

38 896 74 938 ret
90 883 130 940 rel
143 884 172 936 in
184 883 303 938 alienam
317 881 481 936 sententiam
492 880 675 952 detorqueret
686 899 798 935 earum·
849 878 996 946 ciborum,
1011 880 1149 952 imprimis
1162 880 1283 952 piscium
1298 889 1325 934 et
1340 878 1496 933 volatilium
1517 879 1624 932 bestia·

40 989 85 1043 que
105 972 133 1024 in
154 971 251 1024 locum
269 968 382 1024 decreta
407 967 583 1040 Pythagorea
604 967 796 1021 substitueret.
843 983 905 1017 rum
927 981 1030 1036 genera
1046 975 1316 1033 commemorantur,
1339 975 1371 1018 ut
1389 982 1480 1038 prope
1500 965 1569 1017 nihil
1591 966 1620 1017 in

39 1061 72 1113 Do
84 1075 197 1112 numero
213 1056 374 1111 fabularum
389 1072 406 1110 e
425 1072 546 1127 quarum
569 1053 799 1128 inscriptionibus
845 1052 1019 1119 ten*a,nil1il
1035 1053 1064 1104 in
1090 1052 1177 1123 mari,
1199 1051 1269 1104 nihil
1290 1053 1319 1106 in
1334 1069 1399 1105 aere
1422 1069 1479 1106 esse
1493 1051 1624 1106 videatur

39 1143 187 1216 conjicimus
197 1143 392 1216 duodeviginti
404 1141 462 1198 fere
471 1141 599 1197 dramata
608 1141 645 1195 ad
654 1141 798 1194 historiam
845 1135 1034 1204 esculentum,
1050 1139 1129 1211 qnod
1143 1157 1201 1192 non
1219 1137 1379 1194 coelestibus
1394 1140 1520 1192 convivis
1532 1139 1561 1192 in
1578 1158 1624 1194 ee-

39 1232 180 1286 labnlarern
190 1231 236 1286 vel
250 1229 455 1285 commentitias
468 1230 530 1283 illas
543 1228 579 1283 de
591 1228 645 1283 diis
659 1230 799 1282 narratio·
846 1224 989 1280 lebrandis
1013 1227 1171 1281 luventatis
1190 1227 1374 1298 llerculisque
1394 1225 1468 1282 inter
1484 1227 1565 1281 divos
1579 1246 1624 1282 re·
1714 1297 1715 1302 Ἰ

39 1337 75 1372 nes
94 1317 260 1391 pertinuisse
287 1327 366 1370 vetus
389 1316 584 1370 controversia
610 1327 661 1371 est.
691 1317 800 1370 Etenim
845 1312 894 1367 lati
912 1315 1019 1387 nuptiis
1032 1316 1193 1388 appositum
1208 1315 1292 1370 fuisse
1308 1326 1393 1388 poeta
1407 1313 1504 1390 fingat.
1529 1315 1624 1387 Quum

37 1406 226 1460 Grammaticus
240 1402 277 1476 48)
295 1403 332 1458 de
346 1403 486 1458 comoedia
501 1403 616 1476 antiqua
631 1403 707 1476 apud
725 1405 798 1458 Din-
846 1411 939 1455 autem
954 1401 1136 1474 Epicharmus
1149 1402 1278 1457 Ciceroni
1290 1401 1349 1478 (ιι)
1359 1404 1447 1458 homo
1462 1416 1559 1458 acutus
1572 1424 1624 1459 nec

38 1492 99 1550 dorf.
115 1511 145 1565 p.
159 1492 218 1546 ΧΠ
233 1489 419 1564 quadraginta
435 1489 562 1546 dramata
579 1491 606 1546 ei
618 1490 727 1558 tribuit,
742 1493 802 1546 Sui·
846 1487 982 1558 insulsus,
1001 1500 1034 1544 ut
1053 1487 1180 1562 Siculus,
1193 1491 1268 1544 visus
1282 1491 1334 1559 sit,
1350 1493 1419 1565 quia
1429 1510 1525 1547 omrres
1536 1493 1624 1546 Siculi

38 1581 76 1634 das
103 1579 140 1654 (9)
161 1579 369 1652 quinquaginta
387 1578 463 1646 duo,
483 1581 582 1651 Lycon
602 1595 671 1633 vero
692 1579 801 1634 abhoc
847 1574 938 1643 faceti,
948 1576 1042 1630 lascivi
1055 1588 1082 1632 et
1095 1575 1205 1632 dicaces
1214 1588 1293 1632 erant
1308 1574 1482 1653 (aa),operae
1496 1581 1621 1653 pretium

38 1671 126 1724 citatus
141 1667 257 1742 triginta
279 1664 425 1741 quinque,
447 1667 487 1720 ita
511 1677 543 1721 ut
557 1666 802 1739 reliquasfabulas
846 1671 906 1730 est,
921 1663 990 1718 sales
1001 1664 1084 1717 etiam
1101 1674 1130 1717 et
1143 1663 1389 1738 facetias,quibus
1405 1665 1480 1720 dicta
1496 1665 1627 1738 quaedam

37 1751 249 1830 prospnriislro)
263 1753 406 1809 habuerit.
417 1756 439 1810 E
452 1754 655 1810 recentioribus
665 1755 803 1812 ltleursius
847 1765 998 1823 conspersa
1017 1759 1082 1804 sunt
1096 1749 1284 1808 considerare.
1299 1753 1364 1806 Huc
1383 1754 1507 1826 pertinet
1518 1754 1627 1824 amphi-

38 1842 214 1916 quadraginta
233 1839 392 1896 fabularum
416 1841 666 1915 Epicharmearum
686 1843 802 1897 nomina
846 1835 925 1890 bolia
948 1835 1103 1892 verborum
1119 1833 1228 1912 γέρανον
1243 1848 1271 1892 et
1284 1834 1308 1913 γ’
1334 1835 1424 1917 ἔρανον
1437 1836 1515 1911 apud
1537 1839 1629 1894 arhe-

37 1928 139 2003 collegit
148 1931 178 1984 in
191 1927 422 1984 adnotationibus
431 1930 468 1984 ad
479 1929 640 1986 Helladium
654 1950 684 2004 p.
699 1930 801 1998 orsa,
846 1921 945 1978 uaeum'
958 1925 1026 1979 Vlll
1040 1941 1069 1998 p.
1087 1924 1153 1995 338,
1166 1927 1191 1981 D
1209 1923 1217 2004 (
1232 1925 1293 1982 vid.
1307 1944 1348 1982 vs.
1366 1923 1505 1993 123-125)
1519 1965 1527 1994 ,
1543 1927 1630 1982 alter-

38 2017 203 2089 totidemque
231 2016 377 2070 Fabricius
393 2015 480 2071 hahet
505 2016 642 2076 Biblioth,
660 2019 750 2074 Graec.
774 2017 801 2074 ΙΙ
847 2013 922 2066 catio
936 2012 972 2066 de
988 2013 1109 2087 tripodis
1122 2015 1238 2068 nomine
1255 2013 1332 2088 apud
1346 2013 1476 2068 eumdem
1485 2015 1524 2083 ll,
1540 2013 1629 2086 49,C

37 2120 93 2176 pag.
107 2103 232 2158 3oo3oa
247 2102 295 2159 ed.
313 2101 405 2170 Harl„
415 2103 468 2157 nisi
482 2103 560 2175 quod
572 2104 600 2156 in
613 2103 803 2159 discernendis
849 2097 906 2173 (vs.
929 2099 1057 2156 aad-231
1072 2099 1099 2176 ),
1112 2119 1200 2175 porro
1214 2102 1292 2157 haud
1302 2099 1429 2156 infacetus
1440 2119 1544 2156 vocum
1559 2119 1628 2156 eon·

39 2191 197 2264 quibusdam
211 2189 357 2245 eomoediis
377 2189 486 2262 duplici
510 2190 592 2244 titulo
612 2191 755 2246 instructis
768 2191 803 2246 ab
849 2189 996 2243 traciarum
1017 2207 1099 2257 usus,
1121 2198 1153 2243 ut
1175 2191 1206 2244 in
1229 2191 1323 2245 verbis
1335 2185 1399 2246 τόκα
1425 2183 1472 2262 μὲν
1500 2189 1526 2246 ἐν
1545 2186 1630 2257 τήνοις

37 2281 77 2334 illo
91 2280 226 2334 dissentit.
247 2277 303 2333 Sed
321 2276 360 2331 ad
378 2277 497 2350 Lyconis
511 2279 651 2333 rationem
674 2279 805 2352 proxime
849 2272 915 2350 ἐγὼν
931 2264 980 2345 ἦν,
1002 2272 1068 2332 τόκα
1085 2273 1113 2332 δὲ
1128 2273 1201 2352 παρὰ
1216 2273 1303 2346 τήνοις
1325 2273 1376 2352 ἐγώ
1399 2277 1477 2350 apud
1500 2279 1627 2333 Demetr.

37 2368 136 2422 accessit
157 2364 293 2439 Berglrins
318 2364 355 2420 de
375 2365 489 2438 Reliqq.
517 2384 592 2423 com.
625 2367 712 2424 Attic.
742 2379 801 2424 ant.
849 2361 978 2418 deEloc.
996 2369 1032 2430 α4
1048 2364 1107 2437 (rs.
1123 2360 1353 2438 261),etrrollol
1370 2359 1514 2436 στατήρες,
1531 2360 1630 2418 ἄποδα·

37 2471 92 2526 pag.
112 2459 166 2528 ¹49
185 2454 300 2526 triginta
314 2469 362 2507 sex
384 2451 493 2508 fabulas
511 2452 712 2526 Epicharmum
731 2457 804 2510 scri-
849 2447 992 2526 τήρεςοῦδὲ
1005 2441 1040 2514 εἷς
1054 2453 1188 2524 inEtym.
1207 2453 1303 2526 Magn.
1325 2449 1392 2520 725,
1405 2448 1441 2505 25
1456 2449 1517 2525 (vs.
1542 2447 1629 2522 151),

37 2541 111 2612 psisse
135 2542 308 2596 existimans.
340 2539 481 2612 Equidem
506 2540 544 2596 ad
577 2543 805 2616 componendam
849 2543 987 2615 imprimis
1003 2553 1099 2598 autern
1121 2546 1266 2618 egregium
1280 2543 1455 2618 gradationis
1468 2544 1632 2616 exemplam

37 2627 98 2682 hanc
112 2629 190 2684 litem
202 2628 298 2683 deesse
311 2627 394 2682 nobis
407 2629 473 2682 satis
481 2648 611 2703 magnam
626 2631 805 2686 testimonio·
850 2629 880 2684 ἐκ
895 2625 942 2702 μὲν
956 2625 1045 2693 θυσίας
1070 2627 1159 2705 θοίνα,
1181 2631 1211 2687 ἐκ
1225 2627 1252 2687 δὲ
1268 2628 1353 2694 θοίνας
1372 2625 1448 2694 πόσις
1462 2626 1574 2706 ἐγένετο.
1594 2630 1628 2687 B.

37 2732 92 2767 rum
109 2725 137 2769 et
159 2714 384 2789 fragmentorum
408 2716 465 2770 vim
486 2727 573 2790 atque
594 2719 704 2792 copiam
728 2731 805 2774 ratus
849 2715 958 2792 χαρίεν,
970 2711 1005 2780 ὥς
1019 2717 1043 2794 γ’
1058 2715 1117 2790 ἐμίν
1133 2717 1214 2776 δοκεῖ.
1236 2719 1271 2777 Α.
1286 2717 1316 2774 ἐκ
1332 2715 1359 2775 δὲ
1373 2714 1463 2783 πόσιος
1477 2717 1566 2792 κῶμος
1579 2759 1587 2787 ,
1600 2719 1631 2774 ἐκ

37 2818 118 2874 neque
140 2801 254 2858 hleursii
268 2819 362 2876 neque
378 2803 503 2858 Fabricii
520 2805 688 2860 sententiam
711 2807 806 2880 impu·
850 2802 940 2878 κώμου
951 2805 974 2860 δ’
991 2801 1086 2880 ἐγένεθ’
1097 2803 1188 2875 ὑανία,
1202 2806 1232 2862 ἐκ
1244 2803 1267 2863 δ’
1282 2804 1371 2872 ὑανίας
1382 2803 1456 2876 δίκα,
1474 2801 1498 2861 ’κ
1519 2802 1592 2868 δίκας
1601 2803 1624 2862 δ’

38 2889 135 2962 gnabo,
158 2890 207 2945 sed
231 2890 356 2964 probato
380 2885 532 2946 niaximam
553 2903 663 2966 partem
691 2892 805 2968 Bergltii
851 2889 951 2966 ἐγένετο
965 2893 1113 2963 καταδίκα,
1130 2893 1159 2950 ἐκ
1170 2891 1196 2950 δὲ
1208 2892 1351 2974 καταδίκας
1364 2891 1443 2950 πέδαι
1456 2913 1483 2948 τι
1498 2889 1543 2949 καί
1557 2913 1626 2968 αρα-

36 2975 134 3045 judicio
149 2975 187 3032 ad
198 2979 323 3050 Lyconis
333 2996 484 3034 nnmerum
504 2979 616 3036 redibo.
631 2981 701 3035 Sunt
714 2982 802 3055 igitur
849 2977 892 3044 λὸς
912 2977 957 3036 καλ
974 2978 1054 3054 ζαμία
1078 2982 1155 3056 apud
1180 2983 1281 3038 Athen.
1296 2985 1336 3052 II,
1360 2983 1406 3052 36,
1428 2983 1448 3038 C
1472 2979 1534 3056 (vs.
1556 2981 1630 3038 223-

37 3061 62 3116 bi
75 3065 184 3138 triginta
194 3066 322 3139 quinque
334 3067 539 3122 comoediarum
551 3068 625 3122 tituli
642 3087 649 3122 ε
664 3064 806 3144 Ἀγρωστῖ-
851 3084 906 3138 ²²7
918 3066 938 3143 l.
955 3067 1017 3123 alia
1030 3070 1059 3123 in
1072 3069 1149 3125 hisce
1163 3069 1350 3143 fragminibus
1363 3071 1400 3126 ad
1413 3070 1561 3124 hominum
1573 3088 1632 3123 rno-

38 3170 90 3222 νος,
105 3147 234 3221 Ἁλκυόν,
253 3150 383 3226 Ἄμυκος,
399 3148 545 3230 Ἀρταχαί,
566 3153 691 3230 Βάκχαι,
710 3155 803 3213 Deder-
849 3173 894 3210 res
908 3167 1051 3229 spectant,
1062 3157 1141 3212 velut
1155 3176 1195 3212 vs.
1213 3155 1270 3212 268
1289 3158 1317 3213 οὐ
1332 3155 1416 3233 λέγειν
1430 3154 1487 3232 τόγ’
1503 3153 1559 3212 ἐσσί
1578 3156 1630 3212 dat·

39 3258 84 3312 ρις,
94 3238 132 3295 Γᾶ
143 3237 189 3294 καὶ
202 3237 354 3310 Θάλασσα,
376 3235 513 3310 Διόνυσοι,
528 3239 653 3311 'hauteil
670 3243 804 3320 Πλοῦτος,
849 3239 904 3310 νός,
920 3241 987 3300 ἀλλὰ
1002 3245 1078 3318 σιγῆν
1093 3241 1236 3315 ἀδύνατος,
1251 3263 1292 3303 vs.
1316 3245 1372 3300 262
1397 3245 1425 3300 οὐ
1451 3243 1631 3320 φιλάνθρωπος

40 3319 127 3400 Ἑορτά
140 3323 186 3381 καὶ
202 3326 308 3397 Narrat,
326 3324 484 3398 Ἐπινίιιιος,
498 3324 588 3398 Ἥόης
604 3327 705 3405 γάμος,
717 3327 805 3408 Ἡρα·
850 3327 905 3406 τόγ’
920 3330 988 3407 trs’,
1002 3329 1070 3409 ἔχεις
1090 3329 1177 3405 νόσον,
1191 3332 1294 3411 χαίρεις
1314 3331 1408 3398 διδούς.
1425 3334 1469 3393 Cf.
1484 3353 1539 3391 vss.
1559 3341 1625 3404 274,

39 3411 94 3480 κλῆς
106 3411 256 3492 παράφορος
272 3413 379 3489 (quum
402 3416 449 3470 alii
469 3415 613 3491 duplicem
628 3417 663 3474 de
684 3421 806 3476 Hercule
851 3427 917 3496 294.
934 3422 1034 3476 lnsunt
1050 3423 1137 3477 etiam
1150 3425 1214 3477 vitae
1229 3423 1385 3496 prudenter
1396 3422 1510 3497 agendae
1521 3440 1631 3496 praece-

35 3495 166 3569 fabnlam,
191 3519 314 3572 quarum
337 3503 426 3558 altera
449 3499 585 3580 Ἡρακλῆς
607 3501 681 3582 παρὰ
706 3505 804 3584 Φόλῳ,
849 3517 898 3582 pta
912 3506 920 3584 (
932 3509 970 3566 cf.
986 3528 1039 3568 vss.
1055 3509 1125 3580 254,
1145 3511 1214 3584 269,
1229 3529 1282 3583 271
1301 3513 1406 3588 Jatque
1422 3513 1475 3566 alia
1490 3530 1551 3585 quae
1567 3513 1631 3566 sin-

34 3585 112 3641 altera
124 3582 262 3664 Ἡρακλῆς
277 3587 320 3645 ἐπὶ
334 3587 377 3646 τὸν
390 3591 513 3668 ζωστῆρα
529 3593 666 3666 inscripta
680 3593 749 3664 fnit,
764 3597 805 3651 di·
849 3596 915 3670 gula
924 3599 1057 3672 persequi
1068 3599 1137 3652 mibi
1147 3617 1205 3653 non
1219 3599 1298 3655 libet.
1312 3598 1423 3655 Incerta
1433 3617 1490 3653 esse
1499 3609 1632 3676 putamus

33 3673 329 3751 stinguantl,anpol,
349 3675 484 3753 Κύκλωψ,
505 3676 685 3752 Κωμασταὶῆ
706 3677 803 3758 Ἥραι-
850 3683 932 3739 effata
952 3703 1049 3758 quaea
1075 3686 1219 3744 Clemente
1240 3687 1342 3742 Strom.
1368 3686 1403 3743 lV
1424 3705 1455 3760 p.
1480 3686 1538 3750 640
1557 3695 1586 3740 et
1608 3688 1630 3742 V

34 3777 104 3834 νῖνι,
118 3759 205 3834 Λόγος
219 3759 265 3816 καὶ
280 3758 426 3836 horstius,
449 3761 586 3842 Μεγαρίς,
603 3765 708 3836 Μῆνει,
728 3769 806 3826 Μοῦ-
849 3792 878 3846 ρ.
892 3772 948 3842 708
962 3769 1029 3850 (ass.
1044 3771 1170 3849 α95-α96
1183 3785 1211 3829 et
1221 3793 1274 3831 ass.
1292 3774 1423 3847 297-298
1431 3781 1441 3848 )
1458 3773 1630 3845 afferuntur,

34 3863 87 3913 ττι,
101 3842 247 3914 Ὀδυσσεὺς
261 3847 418 3923 αὐτόμολοι,
429 3848 571 3917 Ὀδυσσεὺς
579 3851 700 3931 ννντγός,
711 3853 804 3932 Ὀρόα,
849 3859 899 3915 sed
918 3861 1033 3916 obelum
1054 3863 1088 3917 iis
1101 3879 1247 3936 apponere
1263 3882 1323 3918 non
1342 3865 1400 3918 ausi
1423 3880 1527 3917 sumus.
1541 3862 1631 3917 Paro·

34 3929 192 4010 Περίαλλα,
220 3931 340 4010 Πὲρνῦν,
358 3935 463 4014 Πίθων,
479 3935 609 4017 Hippoi
633 3940 803 4018 Προμαθεός,
850 3947 961 4003 diarum
982 3949 1086 4021 quibus
1109 3967 1175 4004 raro
1197 3967 1263 4003 usus
1284 3961 1325 4004 est
1353 3950 1538 4023 Epicharmus
1563 3960 1632 4004 teste

32 4017 162 4097 Σῑῑρῆνῑς,
178 4022 300 4098 Σκίρων,
313 4020 413 4101 Σφίγξ,
427 4025 592 4102 Τρνννᾶδες,
608 4027 712 4104 Τρῶες,
723 4029 805 4087 Φιλο-
849 4035 984 4090 Athenaeo
997 4037 1050 4091 XV
1063 4055 1130 4111 pag.
1154 4036 1224 4112 698,
1239 4037 1269 4104 C,
1281 4039 1390 4091 nullum
1409 4038 1439 4091 in
1455 4038 1498 4092 his
1514 4037 1563 4109 qui
1582 4056 1631 4092 ea·

30 4104 138 4177 tatiane,
155 4106 315 4186 Xopniorsec
328 4114 388 4166 Sive
405 4111 539 4188 Χνρτνταί
552 4115 629 4184 (vid.
646 4115 803 4174 Herodian.
849 4134 923 4178 stant
938 4124 1066 4179 versibus
1090 4127 1238 4200 vestigium
1262 4127 1393 4180 relictum
1422 4143 1479 4180 esse
1504 4137 1631 4199 apparet

31 4193 329 4274 atpiposripsogls'fisma
345 4219 376 4274 P·
395 4201 513 4282 1²37),
531 4200 645 4281 Χότραι.
852 4211 990 4266 Versuum
1014 4211 1122 4284 duplex
1144 4213 1217 4266 ratio
1236 4223 1294 4277 est,
1320 4212 1460 4285 siquidem
1486 4212 1533 4266 alii
1552 4214 1632 4285 quasi

62 4283 103 4338 Ex
118 4285 190 4358 ipsis
204 4303 273 4341 vero
288 4287 492 4343 comoediarum
506 4292 634 4364 reliquiis
646 4303 725 4364 patet
739 4293 807 4366 Epi·
850 4296 907 4352 leni
922 4297 1046 4370 quodam
1061 4310 1089 4354 ot
1114 4299 1246 4372 aequabili
1265 4300 1419 4355 verborum
1441 4297 1557 4354 flumine
1578 4300 1632 4355 de-

29 4368 169 4428 charnanm
185 4373 216 4428 in
230 4374 292 4429 aliis
307 4373 409 4431 fabulis
423 4396 467 4433 res
483 4377 593 4436 divinas
614 4392 642 4434 et
663 4383 806 4454 sapientiae
852 4395 987 4453 currunt,
1002 4386 1049 4439 alii
1067 4406 1199 4460 asperum
1219 4387 1289 4460 quid
1310 4398 1338 4442 et
1351 4389 1457 4462 pingue
1470 4397 1586 4456 sonant,
1601 4399 1633 4442 ut

29 4461 153 4528 mysteria
180 4462 319 4535 attigisse,
334 4463 364 4517 in
377 4465 438 4520 aliis
457 4484 503 4521 res
523 4468 660 4522 humanas
675 4479 703 4522 et
721 4470 806 4524 vitam
851 4488 932 4544 paene
945 4473 1106 4528 inconditos
1115 4492 1173 4529 esse
1186 4474 1344 4548 perhibeas.
1359 4476 1458 4546 ltaque
1472 4475 1633 4548 promiscue

32 4560 211 4603 communem
232 4547 421 4608 adumbrasse.
456 4555 520 4624 Quo
546 4557 576 4608 in
603 4574 706 4630 genere
737 4558 807 4611 nihil
852 4559 911 4615 fere
935 4561 965 4614 in
994 4562 1183 4617 trochaeorum
1210 4564 1305 4617 locum
1332 4562 1480 4636 anapaesti,
1509 4561 1632 4634 dactyli,

26 4665 1625 4708 Μ

43 4740 79 4824 ¹lt)
91 4745 281 4831 Grammplicttt
297 4745 327 4795 de
340 4747 443 4796 oontoed.
458 4749 534 4812 antiq.
547 4762 586 4812 ap.
601 4751 672 4800 Dind.
694 4766 717 4814 p.
733 4756 781 4803 Xll
799 4769 805 4802 ι
850 4761 926 4806 ταῦτα
935 4758 1092 4817 πεποιήκασιν
1103 4760 1181 4822 ἄνδρες
1196 4759 1485 4824 ἔνδυξοι,Χρυσόγονόςτε
1496 4761 1510 4808 ό
1521 4758 1631 4816 αὐλητής,

22 4808 118 4868 Mnus
135 4815 163 4864 ἃ
177 4820 253 4865 αυτοῦ
265 4815 374 4880 δράματα
391 4817 429 4900 μ’,
439 4819 473 4866 ὧν
489 4821 646 4882 ἀντιλέγονται
656 4823 682 4872 δ’.
852 4827 884 4884 ὥς
896 4843 965 4890 ρησιυ
978 4827 1130 4889 Ἀριστόξενος
1144 4831 1168 4878 ἐν
1184 4829 1261 4892 ὀγδόῳ
1273 4833 1401 4880 πολιτικῶν
1416 4831 1508 4892 νόμων,
1523 4829 1565 4886 τήν
1581 4829 1631 4876 [1ο-

44 4885 77 4964 (a)
102 4886 198 4934 Surdas
216 4899 238 4947 p.
257 4890 318 4972 tata
329 4886 368 4936 ed.
385 4889 480 4972 Garsi:
500 4891 764 4956 Ἐπίχαρμος-ἐδίδαξε
781 4896 806 4944 δὲ
854 4897 939 4946 λιιείαν
953 4899 1145 4961 ίπιγραρομὲνπν.
1160 4901 1291 4964 Φιλόχορος
1302 4901 1322 4950 δ’
1336 4903 1360 4950 ἐν
1381 4905 1428 4955 τοῖς
1445 4901 1496 4963 περὶ
1519 4903 1630 4960 μαντικῆς

18 4945 122 5014 damen
133 4957 182 5014 ν6’,
197 4956 265 5038 ὡςιδιὲ
278 4959 365 5005 Aaron
376 4973 447 5019 φησι,
457 4960 580 5024 τριάκοντα
590 4963 665 5010 πέντε.
850 4967 992 5023 Ἀξιόπιστον
1004 4970 1044 5017 τὸν
1058 4969 1105 5018 εἴτε
1119 4971 1211 5032 Λοκρὸν
1224 4971 1288 5032 γένος
1306 4971 1321 5028 ἣ
1335 4969 1461 5018 Σικυώνιον
1474 4969 1513 5017 τὸν
1536 4966 1629 5015 Κανόνα

41 5024 94 5084 (ιο)
108 5027 397 5088 Supposttnaquertam
408 5029 498 5090 scripta
513 5031 586 5081 tuisse
602 5045 705 5092 quorum
722 5037 806 5083 auctor
849 5037 889 5086 καὶ
901 5037 943 5092 τὰς
957 5039 1056 5100 Γνώμας
1071 5040 1224 5096 πεποιηκέναι
1241 5040 1318 5104 φησίν.

17 5093 82 5152 mtgo
100 5097 270 5156 Epicharmus
283 5097 420 5158 laberetur,
437 5103 519 5160 aperte
535 5100 593 5149 dicit
606 5102 736 5152 Atlrenoeus
748 5107 804 5154 ltlv
881 5107 930 5168 (tt)
941 5108 1018 5158 cicer.
1027 5109 1125 5159 Tuscul.
1136 5111 1157 5168 l,
1169 5115 1191 5157 a.

16 5169 33 5216 t·
44 5167 106 5226 ota,
121 5168 144 5214 D
161 5180 168 5212 :
181 5165 234 5224 Τὴυ
251 5167 294 5229 μὲν
306 5167 391 5229 ἡμίναν
406 5171 430 5218 ol
443 5173 472 5220 τὰ
486 5173 517 5227 εἰς
530 5170 675 5235 Ἐπίχαρμον
691 5175 803 5238 ἀναριρό-
880 5179 929 5240 (ta)
939 5176 1072 5242 Caeliusap.
1084 5179 1224 5238 Quintilian.
1237 5181 1361 5239 t⁷1,a‚tr.

16 5243 65 5288 ten
82 5251 218 5298 ποιηματιι
225 5237 381 5294 πεποιηκότες
389 5239 557 5290 οῖδασι......τὰ
567 5243 591 5290 δὲ
602 5244 803 5308 ψευδεπιχάρμεια
