3838 5926
687 355 739 418 1111
761 355 998 422 Plaustrum.
1596 376 1648 430 111

24 508 94 548 mas
108 498 197 564 atque
208 489 307 546 omnia
320 487 411 546 cordia
424 490 623 562 contulerunt,
640 492 820 564 Heraclitus,
868 491 989 550 deomm
1002 495 1185 570 generatione
1201 514 1234 552 ae
1246 495 1384 556 similibus
1401 500 1573 574 argumentis
1588 519 1651 558 car·

24 579 419 654 Anaxagoranbeoeippus,
431 578 629 654 Empedocles,
638 580 696 636 alii.
711 583 823 636 Horum
867 583 943 638 minc
956 584 1100 640 vaticinati
1116 594 1182 640 sont
1193 583 1265 662 (ογ).
1279 587 1348 642 Euat
1361 596 1423 642 tum
1435 605 1527 662 prosae
1542 591 1653 647 oratio·

25 669 183 722 nonnullis
200 666 379 722 familiariter
392 685 459 722 usos
472 685 532 724 esse
545 664 660 724 ridetur
673 665 824 724 Parmeni-
867 670 911 725 nis
925 671 1041 744 scriptio
1062 671 1192 728 nondum
1209 691 1383 749 magnopere
1396 674 1543 749 frequens,
1562 677 1602 732 ita
1619 687 1653 734 ut

26 753 95 824 des,
109 765 145 809 ut
159 753 598 830 Empedocle(18)etLeucippo
614 753 685 830 (ι9),
700 755 750 830 qui
764 755 824 828 ejus
868 755 1041 814 difficillime
1070 759 1310 835 pbilosophorum
1340 762 1508 834 quaeshones
1532 766 1653 838 poeticae

26 844 78 897 vel
93 841 245 898 auditores
256 843 303 898 rel
313 842 408 898 aemuli
418 841 502 899 luisse
515 854 719 900 memorantur.
744 844 824 899 Prae-
869 845 1000 902 dictionis
1018 858 1123 904 ornatu
1142 866 1202 904 non
1220 849 1432 924 commendari,
1444 850 1495 906 sed
1515 853 1653 927 explicari

27 931 115 1003 eipui
129 948 202 986 vero
217 928 326 986 sodales
350 927 410 1001 ejus
433 939 463 985 et
483 929 614 1004 discipuli
639 931 824 999 nominantur
868 943 978 990 tantum
988 935 1253 1011 posseviderentor.

27 1027 110 1080 Zeno
137 1036 168 1080 et
182 1025 308 1080 Melissus
329 1021 408 1101 (ao),
424 1033 546 1098 uterque
563 1023 719 1100 disciplinas
741 1044 824 1082 com·
907 1023 976 1098 Ipsa
986 1041 1055 1080 vero
1070 1023 1223 1080 dialectmae
1234 1023 1419 1079 infantianon
1426 1023 1515 1080 modo
1525 1025 1652 1100 pulchris

26 1113 176 1168 munione
198 1122 227 1167 et
248 1113 382 1168 societate
404 1129 470 1166 eom
491 1112 645 1186 magistro,
669 1113 714 1169 ille
738 1114 824 1168 etium
867 1113 1022 1168 verborum
1037 1113 1192 1169 luminibus
1210 1113 1368 1187 tegebatur,
1382 1112 1433 1168 sed
1451 1114 1536 1169 etiarn
1549 1115 1653 1190 imagi-

28 1200 164 1254 amicitia
173 1210 203 1254 ct
217 1198 418 1254 familiaritatis
431 1199 485 1253 usu
498 1197 677 1270 conjunctus.
693 1203 762 1273 Quae
780 1220 825 1258 res
869 1217 938 1254 num
947 1197 1091 1272 majestate
1100 1199 1244 1256 interdurn
1254 1201 1365 1256 exculta
1377 1211 1576 1257 consummata
1587 1203 1656 1258 artis
1738 1195 1741 1200 ’

30 1305 67 1342 eo
75 1287 182 1354 valuit,
190 1285 269 1360 quod
280 1287 424 1341 al'latone
433 1295 579 1340 narratum
587 1305 673 1362 snpra
684 1288 820 1364 dimotus,
867 1288 992 1361 speciem
1006 1287 1162 1360 praebebat.
1178 1287 1235 1343 Sed
1249 1279 1447 1344 Parmeniden
1461 1290 1585 1362 exceptis
1597 1309 1654 1345 nu-

30 1386 65 1430 nt
80 1377 110 1429 ei
126 1377 157 1428 in
172 1374 282 1430 deliciis
295 1383 382 1446 atque
395 1374 426 1427 in
442 1373 589 1430 amoribus
609 1376 691 1433 luisse
706 1385 822 1452 putare·
868 1375 954 1430 meris
971 1375 1093 1432 οιιιιείεοο
1113 1375 1326 1450 propemodum
1344 1377 1422 1432 omui
1443 1378 1579 1433 orafionis
1601 1396 1655 1434 re-

32 1473 80 1518 tur
94 1461 173 1540 (ar).
506 1463 513 1476 '
868 1473 978 1520 nmtate
998 1474 1026 1520 et
1048 1465 1165 1538 poetico
1192 1465 1294 1538 spiritu
1315 1474 1392 1520 recte
1413 1466 1510 1538 plures
1526 1477 1654 1522 reterorn

72 1547 261 1604 Parmenides
288 1547 500 1622 philosophiam
524 1565 603 1604 suam
633 1557 691 1603 tam
712 1552 824 1626 scriptis
869 1549 1138 1608 munadverrerunt.
1155 1552 1336 1626 Quapropter
1356 1549 1475 1607 Proclos
1492 1550 1551 1628 (ab)
1566 1555 1605 1609 sie
1620 1553 1655 1609 de

32 1657 122 1712 quarn
138 1635 319 1692 sermonibus
333 1637 473 1709 exposuit.
489 1635 525 1693 ln
537 1636 716 1692 sermonibus
733 1639 824 1695 inter·
870 1655 905 1693 eo
915 1635 1029 1709 judicat
1045 1658 1051 1693 :
1070 1635 1105 1698 ‘0
1119 1638 1290 1716 Παρμενίδης
1304 1640 1331 1696 ts
1344 1641 1378 1716 τῇ
1392 1637 1512 1710 ποιήσει,
1521 1638 1608 1698 καίτοι
1621 1637 1654 1696 δι’

32 1725 167 1801 rogando
181 1743 282 1780 rerum
300 1725 437 1800 reperire,
448 1724 536 1798 idque
552 1742 570 1779 a
582 1723 651 1779 tatso
666 1721 834 1783 discernere
871 1724 934 1784 αὐτὸ
957 1723 1041 1796 δήπου
1062 1726 1093 1784 τὸ
1116 1727 1252 1800 ποιητικὸν
1271 1717 1337 1794 εἶδος
1358 1732 1472 1807 χρῆσθαι
1496 1737 1656 1808 μεταφοραῖς

33 1814 208 1870 conabatur.
220 1814 286 1884 Quo
301 1814 331 1866 in
344 1829 446 1886 genere
457 1811 681 1887 disputationum
692 1813 752 1885 ejus
762 1816 824 1890 pul·
870 1811 1006 1888 ὀνομάτων
1019 1813 1065 1872 καί
1078 1815 1199 1893 σχήμασι
1212 1815 1258 1874 καί
1272 1815 1378 1894 τρόποις
1393 1817 1514 1896 toruos,
1532 1816 1603 1892 ὅμως
1624 1816 1655 1875 τὸ

33 1902 230 1958 chritudinem
254 1900 486 1975 Socrates-apud
510 1901 658 1960 Platonem
684 1897 743 1980 (aa)
769 1903 824 1982 ad·
871 1898 1074 1961 ἀκαλλώπιστον
1088 1901 1134 1962 καί
1148 1903 1237 1981 ἰσχνὸν
1251 1903 1295 1961 καί
1309 1903 1425 1984 καθαρὸν
1436 1894 1502 1970 elbo<
1512 1907 1657 1982 τῆςοίααγ·

33 1993 155 2046 meatus
181 2000 232 2045 est
260 1989 327 2045 Fuit
353 1989 412 2044 lraec
438 1990 590 2044 dialectiea
611 1991 699 2059 ratio,
723 2009 785 2064 qnae
810 2009 827 2048 a
870 1987 958 2066 γελίας
971 1987 1149 2058 ἠσπάσατο...
1166 1988 1234 2048 ὥστε
1250 1992 1350 2066 μᾶλλον
1364 1991 1442 2059 πεζὸν
1456 1983 1523 2050 εἷναι
1538 1990 1655 2064 δοκείνῆ

33 2078 233 2152 colloquendo
245 2089 273 2134 et
282 2077 468 2152 disceptando
480 2097 585 2134 nomen
596 2079 827 2136 invenitetElea·
870 2073 1006 2146 ποιητικὸν
1020 2075 1108 2153 λόγον.
1125 2079 1225 2136 Cicero
1240 2080 1328 2137 head.
1343 2083 1400 2153 Qu.
1417 2085 1466 2152 lV,
1481 2081 1517 2138 23
1540 2085 1655 2138 Parme·

32 2170 163 2222 ticorum
178 2168 298 2240 propria
317 2177 360 2221 est
381 2165 479 2221 habita
501 2177 533 2222 ot
552 2167 752 2222 mathematica
772 2169 825 2242 Py·
870 2163 967 2220 uidem
989 2166 1132 2238 sapientiae
1150 2178 1292 2240 praecepta
1312 2169 1405 2224 minus
1424 2169 1508 2225 bonis
1529 2171 1657 2226 versibus

33 2255 261 2329 tiragoreorum,
286 2253 461 2328 etymologia
488 2255 728 2309 Heracliticorurn
748 2253 823 2330 (αδ).
871 2251 1017 2307 tradidisse
1031 2253 1080 2310 ait.
1095 2254 1160 2324 Quo
1174 2254 1482 2310 nomineaPlutarebo
1499 2253 1556 2330 (29)
1570 2256 1657 2310 etiarn

31 2344 201 2399 Dialecticae
217 2343 395 2398 bruentorem
407 2340 576 2398 Aristoteles
590 2341 734 2400 Ζτῑιοιιειιι
754 2343 823 2412 1οι·ι;
871 2341 1049 2412 vituperatus
1060 2350 1116 2414 est,
1131 2342 1180 2413 qui
1194 2359 1259 2396 eum
1270 2341 1350 2397 haud
1361 2360 1440 2398 secus
1452 2353 1538 2416 atque
1552 2345 1658 2418 Empe·-

33 2429 238 2487 Parroenidern
252 2441 346 2485 tamen
358 2448 419 2484 non
430 2430 572 2504 ignorasse
585 2447 648 2484 earn
662 2440 751 2486 artmn
762 2431 827 2486 Ser·
872 2424 985 2482 doclem
995 2427 1097 2500 poesin
1111 2437 1247 2502 tanquam
1260 2429 1421 2484 vehiculum
1431 2447 1489 2503 quo
1499 2430 1658 2504 pedestrem

33 2530 81 2574 tus
103 2519 266 2592 Empiricos
294 2516 353 2592 (οἱ.)
377 2516 505 2574 adnotat.
527 2518 657 2588 Quocum
688 2518 827 2572 consentit
873 2515 1012 2571 incessum
1033 2515 1138 2571 ritaret
1162 2533 1313 2590 usurpasse
1336 2519 1460 2592 putarit.
1479 2522 1584 2574 Verum
1598 2519 1658 2575 haee

32 2607 130 2674 Plato,
140 2604 229 2681 (abja
246 2625 305 2680 quo
317 2605 403 2662 ambo
417 2602 562 2679 ελεγκτικολ
575 2614 604 2660 et
615 2601 828 2682 τιρίτδςέριδας
872 2599 936 2676 ipsa
952 2620 998 2659 rea
1016 2613 1184 2678 argumento
1198 2614 1240 2660 est
1256 2604 1452 2661 Parmeniden
1471 2607 1561 2680 magis
1574 2612 1660 2662 atros

34 2691 232 2758 ίσιιουδακιίτες
242 2695 345 2749 merito
359 2701 510 2750 voemrurr.
519 2691 661 2749 Ceterum
668 2692 827 2765 Xenopha-
872 2708 983 2747 morem
996 2703 1124 2748 secutum
1139 2709 1225 2765 quam
1238 2693 1337 2752 lurore
1347 2693 1446 2750 divino
1458 2695 1604 2750 incensum
1614 2695 1658 2750 fo·

34 2778 638 2858 nesparensrideturluisseejnsartisquam
646 2780 827 2837 Parmenides
874 2777 949 2835 disse
961 2797 1076 2852 versus,
1090 2797 1185 2854 neque
1200 2778 1343 2837 delectare
1361 2783 1482 2838 lectores
1500 2784 1658 2839 carminum

35 2871 151 2926 idoneis
162 2871 346 2926 nutrimentis
352 2870 434 2942 aluit,
444 2871 522 2926 Zeno
533 2869 733 2935 corroborarit
744 2875 829 2942 atqoe
874 2865 1024 2924 dulcedine
1039 2885 1125 2942 qoam
1140 2866 1245 2924 doecre
1260 2867 1443 2924 decretorum
1452 2871 1592 2944 gravitate
1605 2888 1658 2925 vo-

35 2960 65 3012 in
77 2960 169 3014 aciem
185 2967 216 3013 et
228 2973 339 3032 pugnas
352 2956 463 3014 eduxit.
476 2959 511 3012 ln
522 2956 737 3012 dialecticorum
755 2973 828 3010 eon·
874 2954 966 3015 luisse.
982 2947 1053 3011 suut
1067 2965 1161 3011 tamen
1173 2956 1230 3012 loci
1244 2955 1349 3029 quibus
1359 2957 1547 3032 philosophus
1557 2957 1660 3014 relicto

36 3046 222 3103 clusiunculis
257 3054 357 3100 ornata
385 3043 519 3100 laudibus
553 3055 595 3100 est
618 3041 829 3118 argumentatio
874 3043 986 3118 vulgari
1005 3042 1120 3099 dicendi
1140 3061 1243 3118 genus
1257 3060 1354 3100 rernm
1374 3061 1444 3119 quas
1460 3044 1597 3127 informot
1610 3064 1660 3102 su-

36 3131 177 3212 Ἀχιλλιὺς
190 3133 332 3210 appellata
351 3133 482 3189 etaltera
495 3127 634 3209 διχοτομία
650 3131 741 3205 dicta,
755 3149 829 3204 qua·
874 3131 1014 3187 blimitate
1027 3129 1128 3187 duetus
1138 3139 1168 3186 et
1179 3131 1284 3206 ingenii
1301 3143 1369 3188 astu
1389 3132 1525 3207 abreptus
1543 3143 1604 3188 tum
1618 3152 1661 3194 as·

38 3241 105 3277 rum
119 3223 199 3277 illum
209 3216 829 3296 Phanorinus,hanePorphyriusl‘annenidi
875 3219 982 3292 surgit,
1002 3227 1063 3273 tum
1084 3217 1229 3273 incitatior
1254 3217 1345 3274 fertur
1368 3219 1581 3293 verborumque
1604 3230 1661 3276 tarn

38 3310 230 3384 asmipserum
240 3309 298 3382 (16)
306 3328 314 3378 ;
322 3319 473 3382 unamque
484 3319 579 3364 umen
589 3308 698 3364 Ζεοοαί
708 3307 831 3362 tribuam·
875 3305 1036 3381 granditate
1048 3323 1136 3379 quam
1146 3306 1268 3361 elatiorm
1280 3308 1407 3360 omnium
1425 3309 1534 3362 animos
1547 3316 1576 3362 et
1587 3309 1663 3382 capit

40 3396 175 3454 damme
189 3396 383 3453 Aristoteliset
394 3395 532 3470 Simplicii
545 3396 717 3458 auctoritate
728 3405 830 3450 notum
877 3403 905 3450 et
915 3393 1084 3469 permulcet.
1101 3391 1273 3464 liujusrnodi
1293 3403 1335 3448 est
1346 3393 1476 3450 mirabile
1490 3392 1564 3450 illud
1581 3393 1662 3466 quod

41 3494 293 3559 testatumqneest.
878 3481 979 3537 Sextum
995 3481 1154 3554 Empiricos
1177 3481 1299 3536 serravit
1322 3481 1456 3544 carminis
1474 3481 1669 3558 prooenrium,

79 3575 124 3628 De
142 3571 328 3646 philosophia
349 3571 478 3627 versibus
498 3572 611 3645 scripsit
629 3570 828 3637 Parmenides,
877 3569 908 3624 in
922 3587 980 3642 quo
993 3585 1027 3624 ea
1041 3577 1161 3642 apparet
1182 3566 1313 3622 dictionis
1331 3568 1476 3640 animique
1500 3566 1663 3642 amplitudo
1747 3633 1751 3642 ι

41 3660 269 3735 Xenophanem,
279 3658 437 3716 Hesiodum
449 3669 478 3714 et
495 3659 567 3714 alios
583 3659 724 3727 imitatus,
739 3658 832 3731 quiin
878 3665 908 3710 et
925 3656 1118 3731 exaggeratio,
1136 3665 1170 3709 ut
1189 3651 1389 3710 Parmeniden
1405 3671 1464 3710 non
1484 3671 1601 3730 prorsus
1615 3653 1662 3710 di-

44 3748 186 3804 didactico
196 3765 302 3824 genem
314 3746 500 3803 elaborarunt
511 3763 543 3802 ac
556 3745 591 3802 de
604 3764 702 3802 rerum
715 3755 829 3813 natura,
878 3743 958 3798 tionis
969 3761 1047 3799 senae
1060 3751 1201 3798 exsortem
1213 3742 1295 3798 luisse
1308 3751 1428 3802 constet.

75 3997 123 4056 (18)
140 3996 261 4057 Diogmes
273 3996 380 4046 [Δαίίιια
398 3999 471 4058 1111,
484 4003 528 4060 bb,
543 4003 590 4048 bor
604 3998 633 4047 '0
647 3997 672 4046 δδ
684 3997 830 4061 θεόφραστος
876 3993 1090 4058 .....1Εσίρετον
1102 3991 1175 4042 οὖσαν
1194 3997 1237 4042 τοῦ
1250 3991 1386 4043 Ἐλεατικοῦ
1398 3991 1577 4054 διδασκαλείου,
1589 3993 1663 4044 καθά·

47 4067 193 4128 Παρμενίδου
204 4067 262 4128 φησί
278 4067 384 4124 ζηλωτὴν
397 4068 469 4116 αὐτὸν
483 4067 533 4131 (τὸν
544 4067 712 4130 Ἐμπεδοκλέα)
725 4068 831 4130 γινίσθαι
874 4081 918 4127 κερ
931 4063 987 4113 ἄλλο
998 4079 1021 4113 τι
1033 4067 1076 4112 τοῦ
1087 4062 1248 4125 Πυθαγορείου
1259 4064 1377 4124 λέγουσιν,
1397 4065 1430 4119 ὥς
1446 4064 1489 4121 τὴν
1506 4063 1545 4112 διὰ
1556 4068 1605 4114 τῶν
1618 4081 1663 4128 μα·

47 4139 85 4184 καί
103 4137 208 4198 μιμνγε1ςι
224 4137 251 4185 ὲν
262 4141 310 4193 τοῖς
326 4137 444 4200 ποιήμασι
458 4171 548 4189 .....
562 4138 699 4201 Ἀλκιδάμας
719 4138 744 4186 δὲ
759 4137 783 4187 ht
797 4139 831 4200 τῷ
876 4133 986 4198 aanor
998 4134 1139 4197 &wlton-
1149 4135 1190 4182 ”l
1202 4133 1259 4182 ἄλλο
1271 4133 1558 4198 iell'flPssiid‘W‘ll’usl'lll
1569 4134 1665 4186 8111τῦ1

48 4211 135 4270 σιαικιῑι
154 4221 213 4269 pras
232 4209 295 4256 κατὰ
312 4207 366 4264 τοὺς
385 4210 469 4264 αὐτοὺς
486 4209 583 4272 χρόνους
605 4210 702 4268 Ζήνωνα
722 4209 763 4257 καὶ
775 4205 831 4271 ‘lip-
877 4211 998 4274 ὀνομάτων
1011 4211 1049 4260 eo
1061 4211 1103 4276 rhu
1114 4215 1161 4260 τῶν
1172 4209 1246 4260 ὄντων
1257 4215 1345 4271 γνῶσιν
1357 4208 1423 4259 δδὸν.

49 4278 159 4327 demta
173 4278 276 4327 ἀκοῦσαι
292 4280 448 4342 Παρμενίδου.
462 4280 499 4329 ct.
517 4279 603 4330 suidas
619 4293 643 4328 ν.
657 4279 810 4344 Παρμενίδης.
909 4282 960 4343 (tl)
977 4281 1067 4330 sextos
1080 4280 1216 4342 Empiricos
1227 4279 1284 4330 adt.
1299 4279 1376 4332 blatis.
1387 4281 1443 4342 Vll,
1454 4285 1479 4330 5.

79 4349 128 4409 (19)
146 4348 186 4398 ci·
202 4348 341 4410 simplicius
352 4350 377 4399 in
389 4351 524 4401 aristotelis
535 4351 606 4413 Phys.
617 4350 634 4399 1.
646 4353 669 4409 t,
678 4363 700 4400 a.
911 4352 962 4414 (15)
980 4352 1049 4402 ΡΙιι1ο
1060 4351 1164 4412 sophist.
1180 4351 1234 4399 init.

78 4419 128 4478 (11)
138 4419 258 4480 Diuum
265 4419 374 4470 uastius
383 4422 426 4484 lx,
436 4425 465 4470 11
476 4421 568 4479 :obsec
578 4421 602 4485 [δ
611 4419 738 4484 Μέλισσος]
745 4421 834 4480 ἥκουσι
911 4423 961 4486 (to)
976 4421 1126 4473 Piratorinus
1137 4421 1200 4484 spot
1211 4419 1332 4469 Laenium
1342 4421 1386 4480 lx,
1397 4421 1436 4479 11,
1446 4417 1487 4467 obt
1499 4417 1549 4470 tid.
1559 4421 1666 4480 Mousge

50 4491 204 4551 Παρμενίδου.
286 4541 290 4548 ,
506 4497 514 4512 ·
880 4493 1027 4556 Porphyrius
1038 4491 1103 4554 apud
1118 4490 1269 4552 simplicium
1286 4489 1310 4538 io
1324 4490 1394 4551 Phys.
1411 4488 1427 4538 1.
1440 4492 1480 4537 30.

79 4560 129 4621 (11)
147 4559 216 4610 ΡΙε1ο
228 4562 339 4610 Parmam
353 4566 405 4622 117,
418 4564 450 4622 Bt
465 4562 584 4624 Diogenes
594 4561 635 4612 lib.
645 4563 688 4622 lx,
699 4567 738 4612 15.
749 4565 834 4624 Repre·
908 4564 961 4625 (17)
980 4561 1124 4612 Plutarchus
1135 4559 1166 4610 de
1176 4560 1248 4622 Pytlr.
1263 4562 1335 4609 orac.
1347 4572 1369 4620 ρ.
1379 4561 1435 4620 tou
1446 4558 1515 4621 Πίος.
1530 4559 1610 4608 baert
1622 4559 1665 4620 111,

51 4625 163 4678 horditus
173 4629 243 4678 Pisto
254 4629 345 4678 ideireo
363 4631 394 4680 ab
412 4631 529 4681 Αίδοοιοο
543 4631 585 4682 lib.
597 4634 631 4682 ill
643 4645 668 4695 p.
682 4637 737 4692 505,
754 4633 784 4694 F,
800 4630 836 4681 lt'u
881 4639 925 4693 tt;
937 4631 1024 4682 suidas
1036 4644 1060 4681 τ.
1073 4633 1150 4692 Παρμ.

51 4703 127 4752 serbis
140 4717 147 4751 :
159 4704 195 4753 Τὸ
206 4705 233 4754 dl
244 4703 340 4754 πάντων
354 4707 526 4769 σχετλιώτατον
539 4708 580 4755 καὶ
595 4707 623 4756 τὸ
635 4709 716 4768 alecto,
728 4707 836 4769 οὐδεμιᾶς
912 4703 962 4765 (to)
980 4701 1079 4752 Procius
1088 4700 1113 4749 io
1126 4702 1206 4749 Parm.
1223 4701 1252 4749 Τ.
1267 4701 1312 4761 lv,
1322 4711 1346 4761 p.
1357 4703 1395 4748 51.

52 4775 235 4838 κατεπειγούσας
253 4775 349 4840 χρείας,
362 4776 399 4826 δτι
412 4777 512 4826 παιδικὰ
525 4777 616 4840 γεγόνοι
630 4781 673 4827 τοῦ
691 4777 836 4842 Παρμενίδου
913 4773 962 4837 (11)
978 4770 1121 4822 Plutarchus
1130 4769 1161 4819 da
1174 4768 1238 4818 And.
1249 4775 1312 4831 poet.
1324 4783 1347 4832 p,
1362 4775 1399 4830 te,
1414 4769 1433 4818 c
1447 4781 1453 4816 :
1468 4767 1505 4817 Τδ
1517 4765 1667 4827 δδἘμπεδο·

52 4847 128 4904 utrm
140 4848 155 4895 b
166 4846 265 4904 πολίτας
276 4846 360 4896 αὐτοῦ.
374 4847 449 4897 Aliter
462 4847 554 4910 aeccpll
570 4847 670 4897 Procius
681 4848 706 4897 ln
718 4848 838 4899 Parmeni-
882 4847 962 4901 κλέους
969 4843 1014 4901 ἔτη
1020 4844 1060 4891 καὶ
1069 4841 1224 4906 Παρμενίδου,
1229 4842 1269 4889 καί
1276 4841 1383 4903 Θηριακίι
1388 4839 1518 4902 Νικάνδρου
1527 4839 1566 4887 καὶ
1573 4839 1666 4899 Γνωμο·

52 4919 104 4965 dem
120 4918 151 4967 'l'.
168 4917 202 4965 [V
217 4929 272 4978 pag.
286 4921 316 4968 88
331 4917 366 4966 sic
377 4917 537 4979 interpretans
548 4936 556 4969 ε
569 4919 673 4968 Παιδικὰ
686 4924 728 4969 τοῦ
744 4922 836 4982 Παρμε·
882 4914 959 4977 λογίαι
969 4913 1091 4975 empto«
1104 4911 1169 4974 16101
1180 4911 1226 4961 ⁸1⁶1
1235 4912 1373 4974 ῑῑχρημὲνθῑ
1383 4911 1447 4972 παρὰ
1456 4913 1578 4968 mimi<
1587 4909 1667 4988 ὥῦπξρ

52 4987 113 5036 ruso
123 4989 217 5050 γέγονεν
226 4989 240 5036 δ
250 4988 344 5047 Ζήνων,
356 4988 425 5046 δῆλον
438 4987 474 5037 ὅτι
486 4988 543 5052 πρὸς
553 4989 595 5039 1να
603 4989 643 5038 καί
654 4991 693 5039 τδν
705 4990 775 5039 αὐτὸν
787 4989 838 5038 θεὸν
882 4985 922 5034 τὸν
929 4984 999 5044 beros
1007 4984 1048 5032 καί
1059 4983 1087 5032 εδ
1097 4982 1189 5047 μίτραν,
1197 4983 1237 5031 ἵνα
1247 4983 1274 5030 τὸ
1281 4983 1349 5038 πεζὸν
1355 4981 1504 5041 διαφύγωσιν.
1514 4977 1550 5028 Id.
1558 4977 1588 5026 dc
1598 4975 1665 5024 audr-

53 5058 186 5121 ἀμφοτέροις
196 5061 212 5118 ἡ
223 5058 307 5114 ἄνοδος
316 5057 356 5119 ἦν.
884 5057 950 5106 lione
959 5067 1012 5118 pag.
1024 5056 1053 5103 tt
1064 5054 1206 5116 ιΠίμψαιεο
1217 5051 1238 5101 δ’
1249 5051 1277 5101 ἄν
1285 5069 1320 5108 τις
1331 5051 1466 5114 Ἀρχιλόχου
1475 5048 1517 5110 μίν
1527 5048 1569 5105 vlt
1580 5045 1666 5096 ὑπόδε-

83 5129 132 5188 (²²)
148 5129 216 5180 Phio
228 5129 340 5190 Supblsi.
353 5140 379 5190 p.
392 5129 446 5176 att.
458 5129 487 5178 (1.
884 5144 932 5189 σιν,
947 5126 1092 5190 Παρμενίδου
1105 5125 1130 5174 dl
1142 5128 1184 5184 τήν
1195 5125 1354 5189 στιχοποιίαν,
1366 5120 1505 5174 Φωκυλίδου
1517 5120 1542 5169 bl
1552 5119 1594 5177 τὴν
1604 5119 1665 5168 εὐεί-
1763 5123 1765 5130 ’

83 5199 132 5261 (11)
150 5201 248 5252 hoelus
259 5200 287 5250 ln
300 5199 415 5248 Paeneo
431 5199 459 5247 'l'.
473 5199 516 5261 ll',
530 5212 554 5262 p.
572 5205 600 5250 11
614 5220 620 5251 :
633 5199 681 5258 rto
692 5198 838 5257 διαλεκτικὴν
884 5197 1121 5262 oeconomorum
1132 5197 1173 5256 τήν
1183 5197 1274 5257 λαλιάν,
1288 5195 1429 5258 Σοφοκλέους
1441 5193 1516 5250 δὲτὴν
1524 5191 1667 5253 ἀνωμαλίαν.
