<?xml version="1.0" encoding="UTF-8"?>
<!DOCTYPE html PUBLIC "-//W3C//DTD XHTML 1.0 Transitional//EN"
    "http://www.w3.org/TR/xhtml1/DTD/xhtml1-transitional.dtd">
<html xmlns="http://www.w3.org/1999/xhtml" xml:lang="en" lang="en">
 <head>
  <title>
</title>
<meta http-equiv="Content-Type" content="text/html;charset=utf-8" />
  <meta name='ocr-system' content='tesseract 3.04.00' />
  <meta name='ocr-capabilities' content='ocr_page ocr_carea ocr_par ocr_line ocrx_word'/>
</head>
<body>
  <div class='ocr_page' id='page_1' title='image "./fragmentaphilos03mullgoog/fragmentaphilos03mullgoog_0221.png"; bbox 0 0 3776 5926; ppageno 0'>
   <div class='ocr_carea' id='block_1_1' title="bbox 291 335 1003 537">
    <p class='ocr_par' dir='ltr' id='par_1_1' title="bbox 291 335 1003 537">
     <span class='ocr_line' id='line_1_1' title="bbox 291 335 345 384; baseline 0.037 -2"><span class='ocrx_word' id='word_1_1' title='bbox 291 335 345 384; x_wconf 68' lang='lat'>180</span> 
     </span>
     <span class='ocr_line' id='line_1_2' title="bbox 342 451 1003 537; baseline 0 -23"><span class='ocrx_word' id='word_1_2' title='bbox 342 451 458 522; x_wconf 86' lang='grc' dir='ltr'>Ὄπλοις</span> <span class='ocrx_word' id='word_1_3' title='bbox 473 457 645 533; x_wconf 72' lang='grc' dir='ltr'>λαμπομένην</span> <span class='ocrx_word' id='word_1_4' title='bbox 660 457 787 537; x_wconf 74' lang='grc' dir='ltr'>χαλκήιον</span> <span class='ocrx_word' id='word_1_5' title='bbox 805 459 879 524; x_wconf 80' lang='grc' dir='ltr'>ἄνθος</span> <span class='ocrx_word' id='word_1_6' title='bbox 894 458 1003 516; x_wconf 79' lang='grc' dir='ltr'>ἰδέσθαι.</span> 
     </span>
    </p>
   </div>
   <div class='ocr_carea' id='block_1_2' title="bbox 338 574 1066 1024">
    <p class='ocr_par' dir='ltr' id='par_1_2' title="bbox 341 574 1066 915">
     <span class='ocr_line' id='line_1_3' title="bbox 397 574 1066 652; baseline 0.006 -24"><span class='ocrx_word' id='word_1_7' title='bbox 397 575 530 647; x_wconf 88' lang='lat' dir='ltr'>(Procius</span> <span class='ocrx_word' id='word_1_8' title='bbox 550 577 578 628; x_wconf 94' lang='lat' dir='ltr'>in</span> <span class='ocrx_word' id='word_1_9' title='bbox 601 577 675 633; x_wconf 86' lang='lat' dir='ltr'>Tim.</span> <span class='ocrx_word' id='word_1_10' title='bbox 687 574 699 631; x_wconf 93' lang='lat' dir='ltr'>l</span> <span class='ocrx_word' id='word_1_11' title='bbox 712 597 742 650; x_wconf 93' lang='lat' dir='ltr'>p.</span> <span class='ocrx_word' id='word_1_12' title='bbox 759 576 792 631; x_wconf 79' lang='lat' dir='ltr'>tr</span> <span class='ocrx_word' id='word_1_13' title='bbox 809 581 834 632; x_wconf 93' lang='lat' dir='ltr'>D</span> <span class='ocrx_word' id='word_1_14' title='bbox 853 594 859 633; x_wconf 92' lang='lat'><strong>:</strong></span> <span class='ocrx_word' id='word_1_15' title='bbox 875 575 923 635; x_wconf 79' lang='grc' dir='ltr'>Διὸ</span> <span class='ocrx_word' id='word_1_16' title='bbox 936 575 981 632; x_wconf 81' lang='grc' dir='ltr'>καὶ</span> <span class='ocrx_word' id='word_1_17' title='bbox 1002 575 1066 652; x_wconf 68' lang='lat'>&#39;09-</span> 
     </span>
     <span class='ocr_line' id='line_1_4' title="bbox 342 657 1065 741; baseline 0.007 -26"><span class='ocrx_word' id='word_1_18' title='bbox 342 657 402 738; x_wconf 80' lang='grc' dir='ltr'>ρεθς</span> <span class='ocrx_word' id='word_1_19' title='bbox 416 665 476 740; x_wconf 75' lang='grc' dir='ltr'>περὶ</span> <span class='ocrx_word' id='word_1_20' title='bbox 489 663 568 730; x_wconf 75' lang='grc' dir='ltr'>αὐτῆς</span> <span class='ocrx_word' id='word_1_21' title='bbox 583 661 738 738; x_wconf 85' lang='grc' dir='ltr'>τικτομένης</span> <span class='ocrx_word' id='word_1_22' title='bbox 752 663 845 741; x_wconf 79' lang='grc' dir='ltr'>φησίν,</span> <span class='ocrx_word' id='word_1_23' title='bbox 862 663 901 722; x_wconf 82' lang='grc' dir='ltr'>ὅτι</span> <span class='ocrx_word' id='word_1_24' title='bbox 918 664 968 741; x_wconf 80' lang='grc' dir='ltr'>ἄρα</span> <span class='ocrx_word' id='word_1_25' title='bbox 984 665 1065 736; x_wconf 70' lang='grc' dir='ltr'>αὐτὴν</span> 
     </span>
     <span class='ocr_line' id='line_1_5' title="bbox 342 748 1061 832; baseline 0.01 -28"><span class='ocrx_word' id='word_1_26' title='bbox 342 753 355 804; x_wconf 83' lang='grc' dir='ltr'>ὁ</span> <span class='ocrx_word' id='word_1_27' title='bbox 373 749 436 814; x_wconf 82' lang='grc' dir='ltr'>Ζεύς</span> <span class='ocrx_word' id='word_1_28' title='bbox 449 748 624 826; x_wconf 81' lang='grc' dir='ltr'>ἀπεγέννησεν</span> <span class='ocrx_word' id='word_1_29' title='bbox 636 752 666 808; x_wconf 79' lang='grc' dir='ltr'>ἐκ</span> <span class='ocrx_word' id='word_1_30' title='bbox 680 755 726 820; x_wconf 78' lang='grc' dir='ltr'>τῆς</span> <span class='ocrx_word' id='word_1_31' title='bbox 744 755 867 832; x_wconf 75' lang='grc' dir='ltr'>κεραλῆς·</span> <span class='ocrx_word' id='word_1_32' title='bbox 884 753 972 818; x_wconf 78' lang='grc' dir='ltr'>ὅπλοις</span> <span class='ocrx_word' id='word_1_33' title='bbox 991 754 1061 826; x_wconf 84' lang='grc' dir='ltr'>λαμ-</span> 
     </span>
     <span class='ocr_line' id='line_1_6' title="bbox 341 835 547 915; baseline 0.015 -23"><span class='ocrx_word' id='word_1_34' title='bbox 341 835 455 907; x_wconf 85' lang='grc' dir='ltr'>πομένην</span> <span class='ocrx_word' id='word_1_35' title='bbox 469 839 547 915; x_wconf 87' lang='grc' dir='ltr'>κτλ.)</span> 
     </span>
    </p>

    <p class='ocr_par' dir='ltr' id='par_1_3' title="bbox 338 939 1029 1024">
     <span class='ocr_line' id='line_1_7' title="bbox 338 939 1029 1024; baseline 0.006 -25"><span class='ocrx_word' id='word_1_36' title='bbox 338 939 417 1021; x_wconf 81' lang='grc' dir='ltr'>Ὁρρ’</span> <span class='ocrx_word' id='word_1_37' title='bbox 434 942 505 1021; x_wconf 83' lang='grc' dir='ltr'>αύτῷ</span> <span class='ocrx_word' id='word_1_38' title='bbox 522 944 643 1020; x_wconf 80' lang='grc' dir='ltr'>μεγάλων</span> <span class='ocrx_word' id='word_1_39' title='bbox 660 943 742 1023; x_wconf 84' lang='grc' dir='ltr'>ἔργων</span> <span class='ocrx_word' id='word_1_40' title='bbox 757 944 898 1024; x_wconf 86' lang='grc' dir='ltr'>κράντειρα</span> <span class='ocrx_word' id='word_1_41' title='bbox 912 943 1029 1003; x_wconf 85' lang='grc' dir='ltr'>πέλοιτο.</span> 
     </span>
    </p>
   </div>
   <div class='ocr_carea' id='block_1_3' title="bbox 325 1049 1061 2334">
    <p class='ocr_par' dir='ltr' id='par_1_4' title="bbox 336 1049 1061 1310">
     <span class='ocr_line' id='line_1_8' title="bbox 379 1049 1060 1138; baseline 0.003 -25"><span class='ocrx_word' id='word_1_42' title='bbox 379 1060 516 1131; x_wconf 77' lang='lat' dir='ltr'>(Procius</span> <span class='ocrx_word' id='word_1_43' title='bbox 534 1061 565 1114; x_wconf 94' lang='lat' dir='ltr'>in</span> <span class='ocrx_word' id='word_1_44' title='bbox 578 1060 649 1116; x_wconf 86' lang='lat' dir='ltr'>Tim.</span> <span class='ocrx_word' id='word_1_45' title='bbox 667 1081 697 1135; x_wconf 87' lang='lat' dir='ltr'>p.</span> <span class='ocrx_word' id='word_1_46' title='bbox 718 1060 787 1116; x_wconf 77' lang='lat'>5213</span> <span class='ocrx_word' id='word_1_47' title='bbox 805 1082 810 1115; x_wconf 94' lang='lat'>:</span> <span class='ocrx_word' id='word_1_48' title='bbox 831 1059 909 1138; x_wconf 83' lang='grc' dir='ltr'>Λέγει</span> <span class='ocrx_word' id='word_1_49' title='bbox 925 1049 968 1116; x_wconf 75' lang='grc' dir='ltr'>οῦν</span> <span class='ocrx_word' id='word_1_50' title='bbox 984 1060 1030 1116; x_wconf 83' lang='grc' dir='ltr'>καὶ</span> <span class='ocrx_word' id='word_1_51' title='bbox 1047 1063 1060 1116; x_wconf 82' lang='grc' dir='ltr'>ὁ</span> 
     </span>
     <span class='ocr_line' id='line_1_9' title="bbox 338 1142 1061 1226; baseline 0.01 -28"><span class='ocrx_word' id='word_1_52' title='bbox 338 1142 471 1222; x_wconf 88' lang='grc' dir='ltr'>θεολόγος,</span> <span class='ocrx_word' id='word_1_53' title='bbox 498 1143 538 1201; x_wconf 84' lang='grc' dir='ltr'>ότι</span> <span class='ocrx_word' id='word_1_54' title='bbox 560 1143 712 1223; x_wconf 76' lang='grc' dir='ltr'>παρήγαγεν</span> <span class='ocrx_word' id='word_1_55' title='bbox 729 1145 810 1216; x_wconf 82' lang='grc' dir='ltr'>αὐτήν</span> <span class='ocrx_word' id='word_1_56' title='bbox 836 1149 849 1203; x_wconf 86' lang='grc' dir='ltr'><strong>ὁ</strong></span> <span class='ocrx_word' id='word_1_57' title='bbox 872 1147 977 1226; x_wconf 84' lang='grc' dir='ltr'>πατήρ,</span> <span class='ocrx_word' id='word_1_58' title='bbox 1002 1145 1061 1224; x_wconf 71' lang='grc' dir='ltr'>ὄφρ’-</span> 
     </span>
     <span class='ocr_line' id='line_1_10' title="bbox 336 1233 495 1310; baseline 0.031 -24"><span class='ocrx_word' id='word_1_59' title='bbox 336 1233 408 1310; x_wconf 83' lang='grc' dir='ltr'>αὐτῷ</span> <span class='ocrx_word' id='word_1_60' title='bbox 422 1233 495 1310; x_wconf 88' lang='grc' dir='ltr'>κτλ.)</span> 
     </span>
    </p>

    <p class='ocr_par' dir='ltr' id='par_1_5' title="bbox 333 1337 823 1504">
     <span class='ocr_line' id='line_1_11' title="bbox 497 1337 823 1416; baseline 0.003 -22"><span class='ocrx_word' id='word_1_61' title='bbox 497 1339 591 1416; x_wconf 84' lang='grc' dir='ltr'>ἀρετῆς</span> <span class='ocrx_word' id='word_1_62' title='bbox 604 1341 628 1396; x_wconf 90' lang='grc' dir='ltr'>τ’</span> <span class='ocrx_word' id='word_1_63' title='bbox 643 1337 717 1414; x_wconf 81' lang='grc' dir='ltr'>ὄνομ’</span> <span class='ocrx_word' id='word_1_64' title='bbox 734 1338 823 1398; x_wconf 85' lang='grc' dir='ltr'>ε’σθλὸν</span> 
     </span>
     <span class='ocr_line' id='line_1_12' title="bbox 333 1425 468 1504; baseline 0 -22"><span class='ocrx_word' id='word_1_65' title='bbox 333 1425 468 1504; x_wconf 75' lang='grc' dir='ltr'>κλῄζεται.</span> 
     </span>
    </p>

    <p class='ocr_par' dir='ltr' id='par_1_6' title="bbox 325 1531 1056 2224">
     <span class='ocr_line' id='line_1_13' title="bbox 373 1531 1056 1612; baseline 0.007 -25"><span class='ocrx_word' id='word_1_66' title='bbox 373 1531 537 1610; x_wconf 88' lang='lat' dir='ltr'>(Prociusin</span> <span class='ocrx_word' id='word_1_67' title='bbox 543 1534 639 1591; x_wconf 87' lang='lat' dir='ltr'>Timl</span> <span class='ocrx_word' id='word_1_68' title='bbox 652 1553 681 1607; x_wconf 93' lang='lat' dir='ltr'>p.</span> <span class='ocrx_word' id='word_1_69' title='bbox 694 1532 765 1590; x_wconf 79' lang='lat'><strong>521)</strong></span> <span class='ocrx_word' id='word_1_70' title='bbox 780 1535 901 1592; x_wconf 80' lang='lat' dir='ltr'>:Oixeior</span> <span class='ocrx_word' id='word_1_71' title='bbox 910 1532 961 1612; x_wconf 76' lang='grc' dir='ltr'>γὰρ</span> <span class='ocrx_word' id='word_1_72' title='bbox 970 1532 1000 1592; x_wconf 78' lang='grc' dir='ltr'>τὸ</span> <span class='ocrx_word' id='word_1_73' title='bbox 1010 1537 1056 1605; x_wconf 78' lang='grc' dir='ltr'>τῆς</span> 
     </span>
     <span class='ocr_line' id='line_1_14' title="bbox 332 1619 1053 1698; baseline 0.004 -22"><span class='ocrx_word' id='word_1_74' title='bbox 332 1622 424 1697; x_wconf 74' lang='grc' dir='ltr'>ἀρετῆς</span> <span class='ocrx_word' id='word_1_75' title='bbox 433 1619 505 1696; x_wconf 86' lang='grc' dir='ltr'>γένος</span> <span class='ocrx_word' id='word_1_76' title='bbox 514 1621 579 1698; x_wconf 84' lang='grc' dir='ltr'>πρὸς</span> <span class='ocrx_word' id='word_1_77' title='bbox 590 1621 638 1692; x_wconf 78' lang='grc' dir='ltr'>τήν</span> <span class='ocrx_word' id='word_1_78' title='bbox 652 1619 777 1697; x_wconf 77' lang='grc' dir='ltr'>μεγίστην</span> <span class='ocrx_word' id='word_1_79' title='bbox 785 1620 957 1694; x_wconf 84' lang='grc' dir='ltr'>ταύτηνθεόν,</span> <span class='ocrx_word' id='word_1_80' title='bbox 965 1625 1000 1688; x_wconf 83' lang='grc' dir='ltr'>ὡς</span> <span class='ocrx_word' id='word_1_81' title='bbox 1008 1623 1053 1680; x_wconf 81' lang='grc' dir='ltr'>καὶ</span> 
     </span>
     <span class='ocr_line' id='line_1_15' title="bbox 331 1700 1053 1790; baseline 0.008 -29"><span class='ocrx_word' id='word_1_82' title='bbox 331 1705 412 1776; x_wconf 81' lang='grc' dir='ltr'>αὐτήν</span> <span class='ocrx_word' id='word_1_83' title='bbox 423 1707 517 1784; x_wconf 76' lang='grc' dir='ltr'>ἀρετήν</span> <span class='ocrx_word' id='word_1_84' title='bbox 526 1700 615 1766; x_wconf 69' lang='grc' dir='ltr'>οὖσαν·</span> <span class='ocrx_word' id='word_1_85' title='bbox 629 1712 656 1766; x_wconf 82' lang='grc' dir='ltr'>ἓν</span> <span class='ocrx_word' id='word_1_86' title='bbox 669 1711 765 1788; x_wconf 79' lang='grc' dir='ltr'>γὰρτῷ</span> <span class='ocrx_word' id='word_1_87' title='bbox 777 1711 928 1790; x_wconf 84' lang='grc' dir='ltr'>δημιουργῷ</span> <span class='ocrx_word' id='word_1_88' title='bbox 939 1711 1053 1788; x_wconf 90' lang='grc' dir='ltr'>μένουσα</span> 
     </span>
     <span class='ocr_line' id='line_1_16' title="bbox 330 1793 1052 1875; baseline 0.01 -26"><span class='ocrx_word' id='word_1_89' title='bbox 330 1793 408 1873; x_wconf 74' lang='lat' dir='ltr'>copie</span> <span class='ocrx_word' id='word_1_90' title='bbox 421 1795 465 1854; x_wconf 77' lang='grc' dir='ltr'>καί</span> <span class='ocrx_word' id='word_1_91' title='bbox 480 1795 566 1866; x_wconf 87' lang='grc' dir='ltr'>νόησίς</span> <span class='ocrx_word' id='word_1_92' title='bbox 580 1800 649 1854; x_wconf 75' lang='grc' dir='ltr'>ἐστιν</span> <span class='ocrx_word' id='word_1_93' title='bbox 666 1797 811 1874; x_wconf 80' lang='grc' dir='ltr'>ἄτρεπτος,</span> <span class='ocrx_word' id='word_1_94' title='bbox 828 1797 873 1856; x_wconf 75' lang='grc' dir='ltr'>καὶ</span> <span class='ocrx_word' id='word_1_95' title='bbox 886 1801 911 1856; x_wconf 80' lang='grc' dir='ltr'>ἐν</span> <span class='ocrx_word' id='word_1_96' title='bbox 926 1802 980 1864; x_wconf 83' lang='grc' dir='ltr'>τοῖς</span> <span class='ocrx_word' id='word_1_97' title='bbox 994 1804 1052 1875; x_wconf 78' lang='grc' dir='ltr'>ἡγε·</span> 
     </span>
     <span class='ocr_line' id='line_1_17' title="bbox 330 1883 1049 1965; baseline 0.004 -26"><span class='ocrx_word' id='word_1_98' title='bbox 330 1890 444 1956; x_wconf 85' lang='grc' dir='ltr'>μανικοῖς</span> <span class='ocrx_word' id='word_1_99' title='bbox 464 1884 529 1949; x_wconf 80' lang='grc' dir='ltr'>θεοῖς</span> <span class='ocrx_word' id='word_1_100' title='bbox 543 1883 660 1962; x_wconf 77' lang='grc' dir='ltr'>ἐκραίνει</span> <span class='ocrx_word' id='word_1_101' title='bbox 682 1886 729 1955; x_wconf 85' lang='grc' dir='ltr'>τήν</span> <span class='ocrx_word' id='word_1_102' title='bbox 744 1890 791 1954; x_wconf 79' lang='grc' dir='ltr'>τῆς</span> <span class='ocrx_word' id='word_1_103' title='bbox 814 1889 908 1965; x_wconf 78' lang='grc' dir='ltr'>ἀρετῆς</span> <span class='ocrx_word' id='word_1_104' title='bbox 927 1885 1049 1963; x_wconf 89' lang='grc' dir='ltr'>δύναμιν,</span> 
     </span>
     <span class='ocr_line' id='line_1_18' title="bbox 328 1970 1049 2053; baseline 0.012 -29"><span class='ocrx_word' id='word_1_105' title='bbox 328 1971 421 2047; x_wconf 84' lang='grc' dir='ltr'>ἀρετῆς</span> <span class='ocrx_word' id='word_1_106' title='bbox 444 1994 472 2028; x_wconf 93' lang='grc' dir='ltr'>τε</span> <span class='ocrx_word' id='word_1_107' title='bbox 495 1970 583 2047; x_wconf 80' lang='grc' dir='ltr'>οὔνομ’</span> <span class='ocrx_word' id='word_1_108' title='bbox 609 1973 699 2032; x_wconf 82' lang='grc' dir='ltr'>ἔσθλδν</span> <span class='ocrx_word' id='word_1_109' title='bbox 720 1975 860 2052; x_wconf 77' lang='grc' dir='ltr'>κλῄζεται,</span> <span class='ocrx_word' id='word_1_110' title='bbox 886 1975 963 2053; x_wconf 81' lang='grc' dir='ltr'>φησὶν</span> <span class='ocrx_word' id='word_1_111' title='bbox 986 1973 1049 2050; x_wconf 84' lang='grc' dir='ltr'>Ὀρ·</span> 
     </span>
     <span class='ocr_line' id='line_1_19' title="bbox 328 2056 1048 2139; baseline 0.01 -26"><span class='ocrx_word' id='word_1_112' title='bbox 328 2056 399 2134; x_wconf 79' lang='grc' dir='ltr'>ρούς.</span> <span class='ocrx_word' id='word_1_113' title='bbox 417 2063 523 2136; x_wconf 84' lang='lat' dir='ltr'>Recepi</span> <span class='ocrx_word' id='word_1_114' title='bbox 543 2063 680 2117; x_wconf 81' lang='lat' dir='ltr'>Lobeclrii</span> <span class='ocrx_word' id='word_1_115' title='bbox 702 2064 930 2119; x_wconf 83' lang='lat' dir='ltr'>emendationem</span> <span class='ocrx_word' id='word_1_116' title='bbox 946 2066 1048 2139; x_wconf 82' lang='lat' dir='ltr'>Aglao-</span> 
     </span>
     <span class='ocr_line' id='line_1_20' title="bbox 325 2149 559 2224; baseline 0.017 -24"><span class='ocrx_word' id='word_1_117' title='bbox 325 2149 376 2221; x_wconf 87' lang='lat' dir='ltr'>ph.</span> <span class='ocrx_word' id='word_1_118' title='bbox 394 2151 406 2203; x_wconf 95' lang='lat' dir='ltr'>I</span> <span class='ocrx_word' id='word_1_119' title='bbox 426 2149 559 2224; x_wconf 66' lang='lat' dir='ltr'>phur.)</span> 
     </span>
    </p>

    <p class='ocr_par' dir='ltr' id='par_1_7' title="bbox 326 2249 993 2334">
     <span class='ocr_line' id='line_1_21' title="bbox 326 2249 993 2334; baseline 0.009 -26"><span class='ocrx_word' id='word_1_120' title='bbox 326 2249 404 2321; x_wconf 86' lang='grc' dir='ltr'>Δεινὴ</span> <span class='ocrx_word' id='word_1_121' title='bbox 419 2251 470 2330; x_wconf 82' lang='grc' dir='ltr'>γδρ</span> <span class='ocrx_word' id='word_1_122' title='bbox 484 2253 615 2330; x_wconf 83' lang='grc' dir='ltr'>Κρονίδαο</span> <span class='ocrx_word' id='word_1_123' title='bbox 629 2253 687 2313; x_wconf 87' lang='grc' dir='ltr'>νόου</span> <span class='ocrx_word' id='word_1_124' title='bbox 702 2255 843 2334; x_wconf 85' lang='grc' dir='ltr'>κρόντειρα</span> <span class='ocrx_word' id='word_1_125' title='bbox 858 2254 993 2315; x_wconf 73' lang='grc' dir='ltr'>τέτυκται.</span> 
     </span>
    </p>
   </div>
   <div class='ocr_carea' id='block_1_4' title="bbox 274 2357 1048 3088">
    <p class='ocr_par' dir='ltr' id='par_1_8' title="bbox 324 2357 1048 2706">
     <span class='ocr_line' id='line_1_22' title="bbox 366 2357 1047 2436; baseline 0.01 -25"><span class='ocrx_word' id='word_1_126' title='bbox 366 2357 498 2432; x_wconf 87' lang='lat' dir='ltr'>(Procius</span> <span class='ocrx_word' id='word_1_127' title='bbox 517 2358 627 2416; x_wconf 86' lang='lat' dir='ltr'>inPlat.</span> <span class='ocrx_word' id='word_1_128' title='bbox 644 2362 728 2418; x_wconf 86' lang='lat' dir='ltr'>l‘olit.</span> <span class='ocrx_word' id='word_1_129' title='bbox 740 2381 806 2436; x_wconf 87' lang='lat' dir='ltr'>pag.</span> <span class='ocrx_word' id='word_1_130' title='bbox 822 2363 878 2434; x_wconf 85' lang='lat'>377</span> <span class='ocrx_word' id='word_1_131' title='bbox 895 2363 930 2418; x_wconf 86' lang='lat' dir='ltr'>de</span> <span class='ocrx_word' id='word_1_132' title='bbox 950 2363 1047 2420; x_wconf 86' lang='lat' dir='ltr'>eadem</span> 
     </span>
     <span class='ocr_line' id='line_1_23' title="bbox 327 2443 1047 2528; baseline 0.007 -28"><span class='ocrx_word' id='word_1_133' title='bbox 327 2445 389 2516; x_wconf 82' lang='lat' dir='ltr'>dea,</span> <span class='ocrx_word' id='word_1_134' title='bbox 399 2443 468 2514; x_wconf 81' lang='grc' dir='ltr'>δεινή</span> <span class='ocrx_word' id='word_1_135' title='bbox 479 2443 529 2522; x_wconf 80' lang='grc' dir='ltr'>γλιρ</span> <span class='ocrx_word' id='word_1_136' title='bbox 540 2447 596 2502; x_wconf 87' lang='grc' dir='ltr'>κτλ.</span> <span class='ocrx_word' id='word_1_137' title='bbox 606 2448 684 2503; x_wconf 89' lang='lat' dir='ltr'>Idem</span> <span class='ocrx_word' id='word_1_138' title='bbox 698 2469 727 2522; x_wconf 88' lang='lat' dir='ltr'>p.</span> <span class='ocrx_word' id='word_1_139' title='bbox 738 2452 810 2520; x_wconf 84' lang='lat'>387:</span> <span class='ocrx_word' id='word_1_140' title='bbox 827 2449 881 2507; x_wconf 82' lang='grc' dir='ltr'>Καὶ</span> <span class='ocrx_word' id='word_1_141' title='bbox 890 2448 940 2527; x_wconf 76' lang='grc' dir='ltr'>γδρ</span> <span class='ocrx_word' id='word_1_142' title='bbox 948 2449 1047 2528; x_wconf 85' lang='grc' dir='ltr'>οίπρώ-</span> 
     </span>
     <span class='ocr_line' id='line_1_24' title="bbox 324 2534 1048 2614; baseline 0.011 -26"><span class='ocrx_word' id='word_1_143' title='bbox 324 2554 408 2590; x_wconf 83' lang='grc' dir='ltr'>τιστοι</span> <span class='ocrx_word' id='word_1_144' title='bbox 428 2535 561 2610; x_wconf 77' lang='grc' dir='ltr'>Κουρῆτες</span> <span class='ocrx_word' id='word_1_145' title='bbox 577 2534 641 2608; x_wconf 84' lang='grc' dir='ltr'>τόγε</span> <span class='ocrx_word' id='word_1_146' title='bbox 657 2535 725 2594; x_wconf 82' lang='grc' dir='ltr'>ἀλλα</span> <span class='ocrx_word' id='word_1_147' title='bbox 740 2541 772 2614; x_wconf 72' lang='grc' dir='ltr'>τῇ</span> <span class='ocrx_word' id='word_1_148' title='bbox 789 2535 863 2602; x_wconf 77' lang='grc' dir='ltr'>τάξει</span> <span class='ocrx_word' id='word_1_149' title='bbox 877 2542 922 2606; x_wconf 75' lang='grc' dir='ltr'>τῆς</span> <span class='ocrx_word' id='word_1_150' title='bbox 940 2538 1048 2609; x_wconf 77' lang='grc' dir='ltr'>Ἀθηνᾶς</span> 
     </span>
     <span class='ocr_line' id='line_1_25' title="bbox 324 2620 1048 2706; baseline 0.01 -30"><span class='ocrx_word' id='word_1_151' title='bbox 324 2621 455 2694; x_wconf 76' lang='grc' dir='ltr'>ἀνεῖνται,</span> <span class='ocrx_word' id='word_1_152' title='bbox 469 2623 513 2679; x_wconf 86' lang='grc' dir='ltr'>καί</span> <span class='ocrx_word' id='word_1_153' title='bbox 526 2620 710 2702; x_wconf 78' lang='grc' dir='ltr'>περιεστέφθοιι</span> <span class='ocrx_word' id='word_1_154' title='bbox 722 2622 843 2702; x_wconf 88' lang='grc' dir='ltr'>λέγονται</span> <span class='ocrx_word' id='word_1_155' title='bbox 855 2627 892 2702; x_wconf 82' lang='grc' dir='ltr'>τῷ</span> <span class='ocrx_word' id='word_1_156' title='bbox 903 2627 990 2706; x_wconf 86' lang='grc' dir='ltr'>θαλλῷ</span> <span class='ocrx_word' id='word_1_157' title='bbox 1003 2631 1048 2697; x_wconf 75' lang='grc' dir='ltr'>τῆς</span> 
     </span>
    </p>

    <p class='ocr_par' dir='ltr' id='par_1_9' title="bbox 274 2705 965 3088">
     <span class='ocr_line' id='line_1_26' title="bbox 274 2705 727 2789; baseline 0.009 -27"><span class='ocrx_word' id='word_1_158' title='bbox 274 2769 282 2786; x_wconf 43' lang='lat'><em>⁶</em></span> <span class='ocrx_word' id='word_1_159' title='bbox 324 2705 426 2779; x_wconf 76' lang='grc' dir='ltr'>ἐλαίας,</span> <span class='ocrx_word' id='word_1_160' title='bbox 441 2706 476 2774; x_wconf 80' lang='grc' dir='ltr'>ὥς</span> <span class='ocrx_word' id='word_1_161' title='bbox 490 2731 568 2789; x_wconf 81' lang='grc' dir='ltr'>ρησιν</span> <span class='ocrx_word' id='word_1_162' title='bbox 585 2708 727 2788; x_wconf 72' lang='grc' dir='ltr'>Ὀρφεύς.)</span> 
     </span>
     <span class='ocr_line' id='line_1_27' title="bbox 608 2817 701 2875; baseline -0.022 -1"><span class='ocrx_word' id='word_1_163' title='bbox 608 2817 701 2875; x_wconf 84' lang='grc' dir='ltr'>ΧΧΧ.</span> 
     </span>
     <span class='ocr_line' id='line_1_28' title="bbox 323 2918 965 3004; baseline 0.006 -26"><span class='ocrx_word' id='word_1_164' title='bbox 323 2919 377 2978; x_wconf 84' lang='grc' dir='ltr'>Ζεῦ</span> <span class='ocrx_word' id='word_1_165' title='bbox 391 2918 510 2996; x_wconf 80' lang='grc' dir='ltr'>κύδιστε,</span> <span class='ocrx_word' id='word_1_166' title='bbox 527 2919 634 2998; x_wconf 88' lang='grc' dir='ltr'>μέγιστε</span> <span class='ocrx_word' id='word_1_167' title='bbox 651 2925 726 2995; x_wconf 84' lang='grc' dir='ltr'>θεῶν,</span> <span class='ocrx_word' id='word_1_168' title='bbox 741 2922 859 3000; x_wconf 77' lang='grc' dir='ltr'>εἰλυμένα</span> <span class='ocrx_word' id='word_1_169' title='bbox 875 2923 965 3004; x_wconf 87' lang='grc' dir='ltr'>κόπρῳ</span> 
     </span>
     <span class='ocr_line' id='line_1_29' title="bbox 322 3007 833 3088; baseline 0.004 -22"><span class='ocrx_word' id='word_1_170' title='bbox 322 3007 418 3088; x_wconf 82' lang='grc' dir='ltr'>μηλείη</span> <span class='ocrx_word' id='word_1_171' title='bbox 434 3009 519 3068; x_wconf 83' lang='grc' dir='ltr'>τεκαὶ</span> <span class='ocrx_word' id='word_1_172' title='bbox 534 3010 628 3087; x_wconf 82' lang='grc' dir='ltr'>ίππείῃ</span> <span class='ocrx_word' id='word_1_173' title='bbox 645 3011 689 3067; x_wconf 81' lang='grc' dir='ltr'>καὶ</span> <span class='ocrx_word' id='word_1_174' title='bbox 703 3008 833 3088; x_wconf 83' lang='grc' dir='ltr'>ἡμιονείῃ.</span> 
     </span>
    </p>
   </div>
   <div class='ocr_carea' id='block_1_5' title="bbox 289 3123 1045 4084">
    <p class='ocr_par' dir='ltr' id='par_1_10' title="bbox 319 3123 1045 3552">
     <span class='ocr_line' id='line_1_30' title="bbox 363 3123 1043 3198; baseline 0.009 -18"><span class='ocrx_word' id='word_1_175' title='bbox 363 3123 534 3198; x_wconf 80' lang='lat' dir='ltr'>(Gregorius</span> <span class='ocrx_word' id='word_1_176' title='bbox 555 3127 685 3181; x_wconf 85' lang='lat' dir='ltr'>Nazianz.</span> <span class='ocrx_word' id='word_1_177' title='bbox 710 3126 740 3179; x_wconf 92' lang='lat' dir='ltr'>in</span> <span class='ocrx_word' id='word_1_178' title='bbox 757 3126 862 3184; x_wconf 84' lang='lat' dir='ltr'>Julian.</span> <span class='ocrx_word' id='word_1_179' title='bbox 886 3146 909 3182; x_wconf 89' lang='lat' dir='ltr'>s.</span> <span class='ocrx_word' id='word_1_180' title='bbox 932 3129 983 3186; x_wconf 89' lang='lat' dir='ltr'>Or.</span> <span class='ocrx_word' id='word_1_181' title='bbox 1001 3129 1043 3186; x_wconf 89' lang='lat' dir='ltr'>tll</span> 
     </span>
     <span class='ocr_line' id='line_1_31' title="bbox 320 3207 1045 3291; baseline 0.01 -26"><span class='ocrx_word' id='word_1_182' title='bbox 320 3229 350 3283; x_wconf 88' lang='lat' dir='ltr'>p.</span> <span class='ocrx_word' id='word_1_183' title='bbox 373 3219 422 3276; x_wconf 66' lang='lat' dir='ltr'>rol,</span> <span class='ocrx_word' id='word_1_184' title='bbox 440 3229 446 3268; x_wconf 91' lang='lat'><strong>:</strong></span> <span class='ocrx_word' id='word_1_185' title='bbox 461 3207 571 3289; x_wconf 76' lang='grc' dir='ltr'>Ὀρφεὺς</span> <span class='ocrx_word' id='word_1_186' title='bbox 593 3212 697 3288; x_wconf 85' lang='grc' dir='ltr'>παρίτω</span> <span class='ocrx_word' id='word_1_187' title='bbox 714 3209 782 3287; x_wconf 71' lang='grc' dir='ltr'>μετὰ</span> <span class='ocrx_word' id='word_1_188' title='bbox 802 3216 849 3282; x_wconf 81' lang='grc' dir='ltr'>τῆς</span> <span class='ocrx_word' id='word_1_189' title='bbox 870 3212 979 3291; x_wconf 87' lang='grc' dir='ltr'>κιθάρας</span> <span class='ocrx_word' id='word_1_190' title='bbox 999 3214 1045 3272; x_wconf 82' lang='grc' dir='ltr'>καὶ</span> 
     </span>
     <span class='ocr_line' id='line_1_32' title="bbox 319 3297 1043 3378; baseline 0.008 -25"><span class='ocrx_word' id='word_1_191' title='bbox 319 3302 366 3368; x_wconf 78' lang='grc' dir='ltr'>τῆς</span> <span class='ocrx_word' id='word_1_192' title='bbox 385 3300 472 3358; x_wconf 88' lang='grc' dir='ltr'>πάντα</span> <span class='ocrx_word' id='word_1_193' title='bbox 495 3297 621 3368; x_wconf 80' lang='grc' dir='ltr'>ἑλκούσης</span> <span class='ocrx_word' id='word_1_194' title='bbox 642 3301 727 3378; x_wconf 80' lang='grc' dir='ltr'>ᾠδῆς,</span> <span class='ocrx_word' id='word_1_195' title='bbox 752 3297 917 3378; x_wconf 78' lang='grc' dir='ltr'>ἐπαύρεμέτω</span> <span class='ocrx_word' id='word_1_196' title='bbox 939 3301 982 3360; x_wconf 79' lang='grc' dir='ltr'>Διί</span> <span class='ocrx_word' id='word_1_197' title='bbox 1011 3302 1043 3359; x_wconf 78' lang='grc' dir='ltr'>τὰ</span> 
     </span>
     <span class='ocr_line' id='line_1_33' title="bbox 321 3385 1042 3466; baseline 0.004 -22"><span class='ocrx_word' id='word_1_198' title='bbox 321 3388 425 3464; x_wconf 88' lang='grc' dir='ltr'>μεγάλα</span> <span class='ocrx_word' id='word_1_199' title='bbox 441 3385 487 3446; x_wconf 84' lang='grc' dir='ltr'>καὶ</span> <span class='ocrx_word' id='word_1_200' title='bbox 504 3389 623 3466; x_wconf 75' lang='grc' dir='ltr'>ὑπερφυῆ</span> <span class='ocrx_word' id='word_1_201' title='bbox 648 3391 694 3457; x_wconf 78' lang='grc' dir='ltr'>τῆς</span> <span class='ocrx_word' id='word_1_202' title='bbox 720 3385 853 3465; x_wconf 74' lang='grc' dir='ltr'>θεολογίας</span> <span class='ocrx_word' id='word_1_203' title='bbox 876 3386 982 3466; x_wconf 72' lang='grc' dir='ltr'>ῥήματα</span> <span class='ocrx_word' id='word_1_204' title='bbox 997 3388 1042 3447; x_wconf 82' lang='grc' dir='ltr'>καλ</span> 
     </span>
     <span class='ocr_line' id='line_1_34' title="bbox 320 3474 1041 3552; baseline 0.006 -22"><span class='ocrx_word' id='word_1_205' title='bbox 320 3475 450 3548; x_wconf 79' lang='grc' dir='ltr'>νοήματα·</span> <span class='ocrx_word' id='word_1_206' title='bbox 474 3477 525 3535; x_wconf 91' lang='grc' dir='ltr'>Ζεῦ</span> <span class='ocrx_word' id='word_1_207' title='bbox 547 3474 667 3547; x_wconf 81' lang='grc' dir='ltr'>κύδιστε,</span> <span class='ocrx_word' id='word_1_208' title='bbox 691 3475 799 3552; x_wconf 81' lang='grc' dir='ltr'>μέγιστε</span> <span class='ocrx_word' id='word_1_209' title='bbox 821 3479 899 3548; x_wconf 83' lang='grc' dir='ltr'>θεῶν,</span> <span class='ocrx_word' id='word_1_210' title='bbox 924 3477 1041 3552; x_wconf 87' lang='grc' dir='ltr'>εἶλυμένε</span> 
     </span>
    </p>

    <p class='ocr_par' dir='ltr' id='par_1_11' title="bbox 289 3561 1041 4084">
     <span class='ocr_line' id='line_1_35' title="bbox 289 3561 1041 3643; baseline 0.005 -23"><span class='ocrx_word' id='word_1_211' title='bbox 289 3577 294 3586; x_wconf 89' lang='grc'><strong><em>·</em></strong></span> <span class='ocrx_word' id='word_1_212' title='bbox 319 3563 427 3643; x_wconf 85' lang='grc' dir='ltr'>κόπρῳ,</span> <span class='ocrx_word' id='word_1_213' title='bbox 443 3561 491 3636; x_wconf 84' lang='grc' dir='ltr'>όση</span> <span class='ocrx_word' id='word_1_214' title='bbox 509 3587 538 3622; x_wconf 91' lang='grc' dir='ltr'>τε</span> <span class='ocrx_word' id='word_1_215' title='bbox 562 3563 676 3641; x_wconf 86' lang='grc' dir='ltr'>μηλείη,</span> <span class='ocrx_word' id='word_1_216' title='bbox 700 3564 748 3632; x_wconf 84' lang='grc' dir='ltr'>ὅση</span> <span class='ocrx_word' id='word_1_217' title='bbox 772 3586 801 3622; x_wconf 87' lang='grc' dir='ltr'>τε</span> <span class='ocrx_word' id='word_1_218' title='bbox 823 3563 929 3637; x_wconf 74' lang='grc' dir='ltr'>ἵππων,</span> <span class='ocrx_word' id='word_1_219' title='bbox 950 3564 999 3638; x_wconf 79' lang='grc' dir='ltr'>ὅση</span> <span class='ocrx_word' id='word_1_220' title='bbox 1014 3590 1041 3624; x_wconf 87' lang='grc' dir='ltr'>τε</span> 
     </span>
     <span class='ocr_line' id='line_1_36' title="bbox 318 3644 1040 3732; baseline 0.003 -24"><span class='ocrx_word' id='word_1_221' title='bbox 318 3653 446 3726; x_wconf 78' lang='grc' dir='ltr'>ἡμιόνων,</span> <span class='ocrx_word' id='word_1_222' title='bbox 461 3651 494 3710; x_wconf 78' lang='grc' dir='ltr'>ἵν’</span> <span class='ocrx_word' id='word_1_223' title='bbox 510 3655 636 3729; x_wconf 78' lang='grc' dir='ltr'>ἐντεῦθεν,</span> <span class='ocrx_word' id='word_1_224' title='bbox 658 3644 745 3729; x_wconf 77' lang='grc' dir='ltr'>οἶμαι,</span> <span class='ocrx_word' id='word_1_225' title='bbox 762 3655 852 3732; x_wconf 81' lang='grc' dir='ltr'>δειχθῇ</span> <span class='ocrx_word' id='word_1_226' title='bbox 869 3654 899 3712; x_wconf 80' lang='grc' dir='ltr'>τὸ</span> <span class='ocrx_word' id='word_1_227' title='bbox 916 3653 1040 3731; x_wconf 87' lang='grc' dir='ltr'>ζωογόνον</span> 
     </span>
     <span class='ocr_line' id='line_1_37' title="bbox 318 3739 1041 3819; baseline 0.004 -24"><span class='ocrx_word' id='word_1_228' title='bbox 318 3745 363 3796; x_wconf 88' lang='grc' dir='ltr'>τοῦ</span> <span class='ocrx_word' id='word_1_229' title='bbox 385 3745 442 3797; x_wconf 82' lang='grc' dir='ltr'>θεοῦ</span> <span class='ocrx_word' id='word_1_230' title='bbox 457 3740 502 3798; x_wconf 79' lang='grc' dir='ltr'>καί</span> <span class='ocrx_word' id='word_1_231' title='bbox 524 3739 671 3819; x_wconf 75' lang='grc' dir='ltr'>φερέσθων.</span> <span class='ocrx_word' id='word_1_232' title='bbox 697 3746 826 3818; x_wconf 83' lang='lat' dir='ltr'>integros</span> <span class='ocrx_word' id='word_1_233' title='bbox 843 3743 927 3799; x_wconf 83' lang='lat' dir='ltr'>affert</span> <span class='ocrx_word' id='word_1_234' title='bbox 945 3762 1041 3799; x_wconf 83' lang='lat' dir='ltr'>versus</span> 
     </span>
     <span class='ocr_line' id='line_1_38' title="bbox 319 3829 1040 3906; baseline 0.006 -25"><span class='ocrx_word' id='word_1_235' title='bbox 319 3829 503 3885; x_wconf 79' lang='lat' dir='ltr'>Philostratus</span> <span class='ocrx_word' id='word_1_236' title='bbox 528 3833 645 3888; x_wconf 85' lang='lat' dir='ltr'>Heroic.</span> <span class='ocrx_word' id='word_1_237' title='bbox 663 3832 702 3898; x_wconf 89' lang='grc' dir='ltr'>ΙΙ,</span> <span class='ocrx_word' id='word_1_238' title='bbox 727 3851 762 3905; x_wconf 78' lang='lat'>¹9</span> <span class='ocrx_word' id='word_1_239' title='bbox 782 3851 813 3906; x_wconf 92' lang='lat' dir='ltr'>p.</span> <span class='ocrx_word' id='word_1_240' title='bbox 836 3832 910 3905; x_wconf 76' lang='lat'>693,</span> <span class='ocrx_word' id='word_1_241' title='bbox 925 3849 979 3887; x_wconf 89' lang='lat' dir='ltr'>nec</span> <span class='ocrx_word' id='word_1_242' title='bbox 992 3843 1040 3885; x_wconf 83' lang='lat' dir='ltr'>ta-</span> 
     </span>
     <span class='ocr_line' id='line_1_39' title="bbox 318 3916 1037 3989; baseline 0.006 -21"><span class='ocrx_word' id='word_1_243' title='bbox 318 3935 382 3971; x_wconf 92' lang='lat' dir='ltr'>men</span> <span class='ocrx_word' id='word_1_244' title='bbox 398 3917 514 3989; x_wconf 87' lang='lat' dir='ltr'>Orpheo</span> <span class='ocrx_word' id='word_1_245' title='bbox 528 3919 664 3975; x_wconf 81' lang='lat' dir='ltr'>vindicat.</span> <span class='ocrx_word' id='word_1_246' title='bbox 677 3917 770 3989; x_wconf 88' lang='lat' dir='ltr'>Hujus</span> <span class='ocrx_word' id='word_1_247' title='bbox 784 3920 872 3974; x_wconf 86' lang='lat' dir='ltr'>verba</span> <span class='ocrx_word' id='word_1_248' title='bbox 885 3931 949 3974; x_wconf 87' lang='lat' dir='ltr'>sunt</span> <span class='ocrx_word' id='word_1_249' title='bbox 962 3916 1037 3976; x_wconf 54' lang='lat' dir='ltr'>altat</span> 
     </span>
     <span class='ocr_line' id='line_1_40' title="bbox 320 4003 1036 4084; baseline 0.004 -26"><span class='ocrx_word' id='word_1_250' title='bbox 320 4003 371 4076; x_wconf 78' lang='grc' dir='ltr'>μὴν</span> <span class='ocrx_word' id='word_1_251' title='bbox 393 4004 438 4061; x_wconf 81' lang='grc' dir='ltr'>καὶ</span> <span class='ocrx_word' id='word_1_252' title='bbox 463 4003 568 4077; x_wconf 83' lang='grc' dir='ltr'>Πτμρὼ</span> <span class='ocrx_word' id='word_1_253' title='bbox 585 4008 668 4084; x_wconf 79' lang='grc' dir='ltr'>σορῶς</span> <span class='ocrx_word' id='word_1_254' title='bbox 691 4005 738 4080; x_wconf 77' lang='grc' dir='ltr'>μέν</span> <span class='ocrx_word' id='word_1_255' title='bbox 763 4006 968 4081; x_wconf 81' lang='grc' dir='ltr'>ἐνθυμηθέντος,</span> <span class='ocrx_word' id='word_1_256' title='bbox 995 4005 1036 4064; x_wconf 82' lang='grc' dir='ltr'>ὅτι</span> 
     </span>
    </p>
   </div>
   <div class='ocr_carea' id='block_1_6' title="bbox 257 4171 917 4394">
    <p class='ocr_par' dir='ltr' id='par_1_12' title="bbox 257 4171 917 4394">
     <span class='ocr_line' id='line_1_41' title="bbox 257 4171 917 4234; baseline 0.002 -16"><span class='ocrx_word' id='word_1_257' title='bbox 257 4172 368 4219; x_wconf 79' lang='lat' dir='ltr'>—Armis</span> <span class='ocrx_word' id='word_1_258' title='bbox 380 4171 526 4232; x_wconf 72' lang='lat' dir='ltr'>fulgentem,</span> <span class='ocrx_word' id='word_1_259' title='bbox 540 4185 608 4220; x_wconf 84' lang='grc' dir='ltr'>αιτιοο</span> <span class='ocrx_word' id='word_1_260' title='bbox 622 4172 706 4220; x_wconf 86' lang='lat' dir='ltr'>decore</span> <span class='ocrx_word' id='word_1_261' title='bbox 720 4171 917 4234; x_wconf 81' lang='lat' dir='ltr'>conspicuum--</span> 
     </span>
     <span class='ocr_line' id='line_1_42' title="bbox 259 4259 863 4321; baseline -0.005 -12"><span class='ocrx_word' id='word_1_262' title='bbox 259 4263 289 4309; x_wconf 80' lang='lat' dir='ltr'>ur</span> <span class='ocrx_word' id='word_1_263' title='bbox 301 4260 343 4321; x_wconf 87' lang='lat' dir='ltr'>ipsi</span> <span class='ocrx_word' id='word_1_264' title='bbox 358 4271 499 4321; x_wconf 78' lang='lat' dir='ltr'>magnorum</span> <span class='ocrx_word' id='word_1_265' title='bbox 512 4271 612 4320; x_wconf 86' lang='lat' dir='ltr'>operum</span> <span class='ocrx_word' id='word_1_266' title='bbox 625 4259 734 4307; x_wconf 77' lang='lat' dir='ltr'>effectrix</span> <span class='ocrx_word' id='word_1_267' title='bbox 751 4264 821 4307; x_wconf 89' lang='lat' dir='ltr'>esset.</span> <span class='ocrx_word' id='word_1_268' title='bbox 840 4285 863 4294; x_wconf 94' lang='lat'><em>-</em></span> 
     </span>
     <span class='ocr_line' id='line_1_43' title="bbox 504 4345 839 4394; baseline 0 0"><span class='ocrx_word' id='word_1_269' title='bbox 504 4350 538 4394; x_wconf 81' lang='grc' dir='ltr'>Αο</span> <span class='ocrx_word' id='word_1_270' title='bbox 551 4345 638 4394; x_wconf 87' lang='lat' dir='ltr'>honum</span> <span class='ocrx_word' id='word_1_271' title='bbox 650 4345 743 4394; x_wconf 87' lang='lat' dir='ltr'>rirlufis</span> <span class='ocrx_word' id='word_1_272' title='bbox 753 4359 839 4394; x_wconf 88' lang='lat' dir='ltr'>nomen</span> 
     </span>
    </p>
   </div>
   <div class='ocr_carea' id='block_1_7' title="bbox 256 4439 881 4594">
    <p class='ocr_par' dir='ltr' id='par_1_13' title="bbox 256 4439 881 4594">
     <span class='ocr_line' id='line_1_44' title="bbox 256 4439 526 4502; baseline -0.022 -15"><span class='ocrx_word' id='word_1_273' title='bbox 256 4439 445 4489; x_wconf 77' lang='lat' dir='ltr'>celebratur-</span> <span class='ocrx_word' id='word_1_274' title='bbox 521 4492 526 4502; x_wconf 23' lang='grc' dir='ltr'>γ</span> 
     </span>
     <span class='ocr_line' id='line_1_45' title="bbox 257 4519 881 4594; baseline -0.01 -18"><span class='ocrx_word' id='word_1_275' title='bbox 257 4528 347 4576; x_wconf 81' lang='lat' dir='ltr'>Sollers</span> <span class='ocrx_word' id='word_1_276' title='bbox 356 4523 420 4573; x_wconf 88' lang='lat' dir='ltr'>euim</span> <span class='ocrx_word' id='word_1_277' title='bbox 430 4521 535 4572; x_wconf 84' lang='lat' dir='ltr'>saturnii</span> <span class='ocrx_word' id='word_1_278' title='bbox 549 4519 702 4569; x_wconf 89' lang='lat' dir='ltr'>consiliorum</span> <span class='ocrx_word' id='word_1_279' title='bbox 716 4521 823 4594; x_wconf 79' lang='lat' dir='ltr'>effectrix</span> <span class='ocrx_word' id='word_1_280' title='bbox 838 4526 881 4570; x_wconf 87' lang='lat' dir='ltr'>est.</span> 
     </span>
    </p>
   </div>
   <div class='ocr_carea' id='block_1_8' title="bbox 255 4609 990 4766">
    <p class='ocr_par' dir='ltr' id='par_1_14' title="bbox 255 4609 990 4766">
     <span class='ocr_line' id='line_1_46' title="bbox 625 4609 700 4658; baseline 0 0"><span class='ocrx_word' id='word_1_281' title='bbox 625 4609 700 4658; x_wconf 87' lang='lat' dir='ltr'>lllfll.</span> 
     </span>
     <span class='ocr_line' id='line_1_47' title="bbox 255 4696 990 4766; baseline -0.011 -12"><span class='ocrx_word' id='word_1_282' title='bbox 255 4705 351 4766; x_wconf 71' lang='lat' dir='ltr'>turpiter</span> <span class='ocrx_word' id='word_1_283' title='bbox 366 4697 550 4764; x_wconf 75' lang='lat' dir='ltr'>gloriosissime,</span> <span class='ocrx_word' id='word_1_284' title='bbox 564 4696 669 4745; x_wconf 80' lang='lat' dir='ltr'>maxime</span> <span class='ocrx_word' id='word_1_285' title='bbox 686 4696 800 4757; x_wconf 87' lang='lat' dir='ltr'>deorum,</span> <span class='ocrx_word' id='word_1_286' title='bbox 815 4696 920 4746; x_wconf 83' lang='lat' dir='ltr'>involute</span> <span class='ocrx_word' id='word_1_287' title='bbox 933 4697 990 4747; x_wconf 84' lang='lat' dir='ltr'>luno</span> 
     </span>
    </p>
   </div>
   <div class='ocr_carea' id='block_1_9' title="bbox 256 4784 854 4942">
    <p class='ocr_par' dir='ltr' id='par_1_15' title="bbox 256 4784 854 4942">
     <span class='ocr_line' id='line_1_48' title="bbox 256 4784 651 4850; baseline -0.038 -9"><span class='ocrx_word' id='word_1_288' title='bbox 256 4791 329 4841; x_wconf 82' lang='lat' dir='ltr'>orfito</span> <span class='ocrx_word' id='word_1_289' title='bbox 340 4791 365 4840; x_wconf 86' lang='lat' dir='ltr'>et</span> <span class='ocrx_word' id='word_1_290' title='bbox 374 4789 462 4850; x_wconf 86' lang='lat' dir='ltr'>equino</span> <span class='ocrx_word' id='word_1_291' title='bbox 475 4787 499 4834; x_wconf 89' lang='lat' dir='ltr'>et</span> <span class='ocrx_word' id='word_1_292' title='bbox 511 4784 612 4833; x_wconf 88' lang='lat' dir='ltr'>mulino.</span> <span class='ocrx_word' id='word_1_293' title='bbox 622 4813 651 4826; x_wconf 93' lang='lat'><em>-</em></span> 
     </span>
     <span class='ocr_line' id='line_1_49' title="bbox 256 4871 854 4942; baseline -0.023 -9"><span class='ocrx_word' id='word_1_294' title='bbox 256 4881 353 4942; x_wconf 79' lang='lat' dir='ltr'>Miseri,</span> <span class='ocrx_word' id='word_1_295' title='bbox 369 4880 415 4929; x_wconf 86' lang='lat' dir='ltr'>heu</span> <span class='ocrx_word' id='word_1_296' title='bbox 431 4876 519 4936; x_wconf 87' lang='lat' dir='ltr'>miseri,</span> <span class='ocrx_word' id='word_1_297' title='bbox 531 4887 544 4921; x_wconf 85' lang='lat' dir='ltr'>a</span> <span class='ocrx_word' id='word_1_298' title='bbox 558 4872 617 4921; x_wconf 85' lang='lat' dir='ltr'>fabis</span> <span class='ocrx_word' id='word_1_299' title='bbox 628 4871 744 4921; x_wconf 82' lang='lat' dir='ltr'>abstinete</span> <span class='ocrx_word' id='word_1_300' title='bbox 757 4885 854 4930; x_wconf 79' lang='grc' dir='ltr'>ιιιοιιιιες</span> 
     </span>
    </p>
   </div>
   <div class='ocr_carea' id='block_1_10' title="bbox 256 4960 868 5097">
    <p class='ocr_par' dir='ltr' id='par_1_16' title="bbox 256 4960 868 5097">
     <span class='ocr_line' id='line_1_50' title="bbox 256 4960 868 5024; baseline -0.023 -4"><span class='ocrx_word' id='word_1_301' title='bbox 256 4971 320 5020; x_wconf 85' lang='lat' dir='ltr'>idem</span> <span class='ocrx_word' id='word_1_302' title='bbox 332 4971 368 5018; x_wconf 81' lang='lat' dir='ltr'>est</span> <span class='ocrx_word' id='word_1_303' title='bbox 382 4965 448 5016; x_wconf 80' lang='lat' dir='ltr'>fabas</span> <span class='ocrx_word' id='word_1_304' title='bbox 461 4967 486 5012; x_wconf 90' lang='lat' dir='ltr'>et</span> <span class='ocrx_word' id='word_1_305' title='bbox 498 4961 577 5024; x_wconf 83' lang='lat' dir='ltr'>capita</span> <span class='ocrx_word' id='word_1_306' title='bbox 592 4965 719 5020; x_wconf 86' lang='lat' dir='ltr'>parentum</span> <span class='ocrx_word' id='word_1_307' title='bbox 735 4960 868 5010; x_wconf 82' lang='lat' dir='ltr'>comedere.</span> 
     </span>
     <span class='ocr_line' id='line_1_51' title="bbox 612 5049 699 5097; baseline 0.034 -3"><span class='ocrx_word' id='word_1_308' title='bbox 612 5049 699 5097; x_wconf 88' lang='lat' dir='ltr'>lflflll.</span> 
     </span>
    </p>
   </div>
   <div class='ocr_carea' id='block_1_11' title="bbox 257 5136 726 5285">
    <p class='ocr_par' dir='ltr' id='par_1_17' title="bbox 257 5136 726 5285">
     <span class='ocr_line' id='line_1_52' title="bbox 257 5136 726 5202; baseline -0.017 -8"><span class='ocrx_word' id='word_1_309' title='bbox 257 5144 340 5195; x_wconf 78' lang='lat' dir='ltr'>llultre</span> <span class='ocrx_word' id='word_1_310' title='bbox 350 5143 444 5192; x_wconf 71' lang='lat' dir='ltr'>celitus</span> <span class='ocrx_word' id='word_1_311' title='bbox 456 5141 480 5190; x_wconf 86' lang='lat' dir='ltr'>st</span> <span class='ocrx_word' id='word_1_312' title='bbox 494 5141 582 5202; x_wconf 74' lang='lat' dir='ltr'>parate</span> <span class='ocrx_word' id='word_1_313' title='bbox 594 5152 608 5187; x_wconf 85' lang='grc' dir='ltr'>ε</span> <span class='ocrx_word' id='word_1_314' title='bbox 622 5136 726 5186; x_wconf 83' lang='lat' dir='ltr'>nubibus</span> 
     </span>
     <span class='ocr_line' id='line_1_53' title="bbox 281 5250 300 5285; baseline 0 0"><span class='ocrx_word' id='word_1_315' title='bbox 281 5250 300 5285; x_wconf 74' lang='grc' dir='ltr'><strong>ι</strong></span> 
     </span>
    </p>
   </div>
   <div class='ocr_carea' id='block_1_12' title="bbox 1007 322 1188 385">
    <p class='ocr_par' dir='ltr' id='par_1_18' title="bbox 1007 322 1188 385">
     <span class='ocr_line' id='line_1_54' title="bbox 1007 322 1188 385; baseline 0 -1"><span class='ocrx_word' id='word_1_316' title='bbox 1007 322 1188 385; x_wconf 85' lang='lat' dir='ltr'>ORPlllCA.</span> 
     </span>
    </p>
   </div>
   <div class='ocr_carea' id='block_1_13' title="bbox 1170 452 1860 802">
    <p class='ocr_par' dir='ltr' id='par_1_19' title="bbox 1170 452 1860 802">
     <span class='ocr_line' id='line_1_55' title="bbox 1175 452 1860 544; baseline 0.015 -28"><span class='ocrx_word' id='word_1_317' title='bbox 1175 456 1240 522; x_wconf 74' lang='grc' dir='ltr'>Ζεύς</span> <span class='ocrx_word' id='word_1_318' title='bbox 1265 455 1303 530; x_wconf 82' lang='grc' dir='ltr'>εἴη</span> <span class='ocrx_word' id='word_1_319' title='bbox 1326 463 1357 516; x_wconf 78' lang='grc' dir='ltr'>αδ</span> <span class='ocrx_word' id='word_1_320' title='bbox 1371 463 1528 536; x_wconf 85' lang='grc' dir='ltr'>ζωογονοῦν,</span> <span class='ocrx_word' id='word_1_321' title='bbox 1544 460 1576 519; x_wconf 89' lang='grc' dir='ltr'>δι’</span> <span class='ocrx_word' id='word_1_322' title='bbox 1597 452 1626 519; x_wconf 74' lang='grc' dir='ltr'>οῦ</span> <span class='ocrx_word' id='word_1_323' title='bbox 1648 461 1779 523; x_wconf 84' lang='grc' dir='ltr'>ἀνίσταται</span> <span class='ocrx_word' id='word_1_324' title='bbox 1791 468 1860 544; x_wconf 64' lang='grc' dir='ltr'>ίκςῆς</span> 
     </span>
     <span class='ocr_line' id='line_1_56' title="bbox 1173 546 1858 636; baseline 0.018 -34"><span class='ocrx_word' id='word_1_325' title='bbox 1173 551 1221 624; x_wconf 74' lang='grc' dir='ltr'>γῆς</span> <span class='ocrx_word' id='word_1_326' title='bbox 1237 546 1341 622; x_wconf 89' lang='grc' dir='ltr'>πάντα,</span> <span class='ocrx_word' id='word_1_327' title='bbox 1357 549 1521 627; x_wconf 82' lang='grc' dir='ltr'>εὐηθέστερον</span> <span class='ocrx_word' id='word_1_328' title='bbox 1537 547 1563 607; x_wconf 81' lang='grc' dir='ltr'>δέ</span> <span class='ocrx_word' id='word_1_329' title='bbox 1579 551 1746 626; x_wconf 85' lang='grc' dir='ltr'>χρησαμένου</span> <span class='ocrx_word' id='word_1_330' title='bbox 1755 557 1788 632; x_wconf 81' lang='grc' dir='ltr'>τῷ</span> <span class='ocrx_word' id='word_1_331' title='bbox 1801 557 1858 636; x_wconf 77' lang='grc' dir='ltr'>λόγῳ,</span> 
     </span>
     <span class='ocr_line' id='line_1_57' title="bbox 1172 633 1860 718; baseline 0.017 -27"><span class='ocrx_word' id='word_1_332' title='bbox 1172 635 1218 691; x_wconf 80' lang='grc' dir='ltr'>καί</span> <span class='ocrx_word' id='word_1_333' title='bbox 1234 633 1456 711; x_wconf 76' lang='grc' dir='ltr'>καταάεάλημένα</span> <span class='ocrx_word' id='word_1_334' title='bbox 1477 639 1528 706; x_wconf 88' lang='grc' dir='ltr'>ἔπη</span> <span class='ocrx_word' id='word_1_335' title='bbox 1543 639 1568 704; x_wconf 81' lang='grc' dir='ltr'>ἐς</span> <span class='ocrx_word' id='word_1_336' title='bbox 1582 637 1625 694; x_wconf 84' lang='grc' dir='ltr'>τὸν</span> <span class='ocrx_word' id='word_1_337' title='bbox 1637 638 1688 696; x_wconf 88' lang='grc' dir='ltr'>Δία</span> <span class='ocrx_word' id='word_1_338' title='bbox 1704 640 1810 718; x_wconf 77' lang='grc' dir='ltr'>ᾅσαντος·</span> <span class='ocrx_word' id='word_1_339' title='bbox 1822 646 1860 703; x_wconf 79' lang='grc' dir='ltr'>ἔστι</span> 
     </span>
     <span class='ocr_line' id='line_1_58' title="bbox 1170 721 1793 802; baseline 0.011 -23"><span class='ocrx_word' id='word_1_340' title='bbox 1170 721 1221 800; x_wconf 74' lang='grc' dir='ltr'>γὰρ</span> <span class='ocrx_word' id='word_1_341' title='bbox 1234 723 1267 782; x_wconf 81' lang='grc' dir='ltr'>τδι</span> <span class='ocrx_word' id='word_1_342' title='bbox 1279 728 1324 780; x_wconf 87' lang='grc' dir='ltr'>τοῦ</span> <span class='ocrx_word' id='word_1_343' title='bbox 1342 725 1449 802; x_wconf 83' lang='grc' dir='ltr'>ΙΙαμρὼ</span> <span class='ocrx_word' id='word_1_344' title='bbox 1461 723 1522 794; x_wconf 88' lang='grc' dir='ltr'>ἔπη·</span> <span class='ocrx_word' id='word_1_345' title='bbox 1539 725 1589 782; x_wconf 82' lang='grc' dir='ltr'>Ζεῦ</span> <span class='ocrx_word' id='word_1_346' title='bbox 1605 724 1710 783; x_wconf 89' lang='grc' dir='ltr'>κύδιστε</span> <span class='ocrx_word' id='word_1_347' title='bbox 1724 731 1793 802; x_wconf 82' lang='grc' dir='ltr'>κτλ.)</span> 
     </span>
    </p>
   </div>
   <div class='ocr_carea' id='block_1_14' title="bbox 1165 827 1838 995">
    <p class='ocr_par' dir='ltr' id='par_1_20' title="bbox 1165 827 1838 995">
     <span class='ocr_line' id='line_1_59' title="bbox 1170 827 1825 910; baseline 0.011 -26"><span class='ocrx_word' id='word_1_348' title='bbox 1170 827 1271 898; x_wconf 87' lang='grc' dir='ltr'>Δειλοί,</span> <span class='ocrx_word' id='word_1_349' title='bbox 1287 828 1433 900; x_wconf 85' lang='grc' dir='ltr'>πάνδειλοι,</span> <span class='ocrx_word' id='word_1_350' title='bbox 1451 830 1559 904; x_wconf 83' lang='grc' dir='ltr'>κυάμοιν</span> <span class='ocrx_word' id='word_1_351' title='bbox 1575 829 1628 887; x_wconf 88' lang='grc' dir='ltr'>ἀπο</span> <span class='ocrx_word' id='word_1_352' title='bbox 1638 837 1729 910; x_wconf 80' lang='grc' dir='ltr'>χεῖρας</span> <span class='ocrx_word' id='word_1_353' title='bbox 1738 831 1825 910; x_wconf 75' lang='grc' dir='ltr'>ἔχεσθε·</span> 
     </span>
     <span class='ocr_line' id='line_1_60' title="bbox 1165 903 1838 995; baseline 0.013 -24"><span class='ocrx_word' id='word_1_354' title='bbox 1165 903 1226 972; x_wconf 79' lang='grc' dir='ltr'>ίσόν</span> <span class='ocrx_word' id='word_1_355' title='bbox 1241 939 1280 976; x_wconf 86' lang='grc' dir='ltr'>τοι</span> <span class='ocrx_word' id='word_1_356' title='bbox 1295 918 1411 993; x_wconf 75' lang='grc' dir='ltr'>κυάμους</span> <span class='ocrx_word' id='word_1_357' title='bbox 1423 940 1450 975; x_wconf 91' lang='grc' dir='ltr'>τε</span> <span class='ocrx_word' id='word_1_358' title='bbox 1467 925 1558 994; x_wconf 83' lang='grc' dir='ltr'>ραγεῑν</span> <span class='ocrx_word' id='word_1_359' title='bbox 1573 919 1691 995; x_wconf 68' lang='grc' dir='ltr'>κεφαλάς</span> <span class='ocrx_word' id='word_1_360' title='bbox 1704 942 1732 976; x_wconf 87' lang='grc' dir='ltr'>τε</span> <span class='ocrx_word' id='word_1_361' title='bbox 1744 923 1838 990; x_wconf 75' lang='grc' dir='ltr'>τοκήων,</span> 
     </span>
    </p>
   </div>
   <div class='ocr_carea' id='block_1_15' title="bbox 1125 1031 1872 4081">
    <p class='ocr_par' dir='ltr' id='par_1_21' title="bbox 1154 1031 1872 2692">
     <span class='ocr_line' id='line_1_61' title="bbox 1209 1031 1861 1109; baseline 0.015 -23"><span class='ocrx_word' id='word_1_362' title='bbox 1209 1031 1363 1105; x_wconf 82' lang='lat' dir='ltr'>(Didymus</span> <span class='ocrx_word' id='word_1_363' title='bbox 1377 1031 1508 1105; x_wconf 87' lang='lat' dir='ltr'>Geopon.</span> <span class='ocrx_word' id='word_1_364' title='bbox 1520 1034 1566 1102; x_wconf 89' lang='lat'>11,</span> <span class='ocrx_word' id='word_1_365' title='bbox 1586 1031 1634 1092; x_wconf 82' lang='lat'>35.</span> <span class='ocrx_word' id='word_1_366' title='bbox 1657 1033 1697 1089; x_wconf 86' lang='lat'>8:</span> <span class='ocrx_word' id='word_1_367' title='bbox 1713 1031 1811 1109; x_wconf 74' lang='grc' dir='ltr'>φέρεται</span> <span class='ocrx_word' id='word_1_368' title='bbox 1829 1041 1861 1096; x_wconf 84' lang='grc' dir='ltr'>καί</span> 
     </span>
     <span class='ocr_line' id='line_1_62' title="bbox 1167 1114 1860 1197; baseline 0.009 -21"><span class='ocrx_word' id='word_1_369' title='bbox 1167 1115 1285 1197; x_wconf 62' lang='lat' dir='ltr'>&#39;Oppiae</span> <span class='ocrx_word' id='word_1_370' title='bbox 1297 1124 1380 1175; x_wconf 86' lang='grc' dir='ltr'>ταῦτα</span> <span class='ocrx_word' id='word_1_371' title='bbox 1396 1117 1462 1188; x_wconf 80' lang='grc' dir='ltr'>ἔπη,</span> <span class='ocrx_word' id='word_1_372' title='bbox 1478 1117 1709 1197; x_wconf 83' lang='grc' dir='ltr'>δειλοί-ἔχεσθε,</span> <span class='ocrx_word' id='word_1_373' title='bbox 1724 1123 1765 1179; x_wconf 80' lang='grc' dir='ltr'>καὶ</span> <span class='ocrx_word' id='word_1_374' title='bbox 1774 1114 1823 1180; x_wconf 80' lang='grc' dir='ltr'>ἶσόν</span> <span class='ocrx_word' id='word_1_375' title='bbox 1833 1149 1860 1182; x_wconf 89' lang='grc' dir='ltr'>τοι</span> 
     </span>
     <span class='ocr_line' id='line_1_63' title="bbox 1166 1206 1862 1288; baseline 0.013 -27"><span class='ocrx_word' id='word_1_376' title='bbox 1166 1206 1282 1278; x_wconf 77' lang='grc' dir='ltr'>κυάμους</span> <span class='ocrx_word' id='word_1_377' title='bbox 1296 1209 1355 1262; x_wconf 89' lang='grc' dir='ltr'>κτλ,</span> <span class='ocrx_word' id='word_1_378' title='bbox 1375 1208 1504 1261; x_wconf 85' lang='lat' dir='ltr'>Priorem</span> <span class='ocrx_word' id='word_1_379' title='bbox 1530 1227 1640 1262; x_wconf 79' lang='lat' dir='ltr'>versum</span> <span class='ocrx_word' id='word_1_380' title='bbox 1657 1211 1760 1264; x_wconf 88' lang='lat' dir='ltr'>rectius</span> <span class='ocrx_word' id='word_1_381' title='bbox 1779 1215 1862 1288; x_wconf 85' lang='lat' dir='ltr'>Empe-</span> 
     </span>
     <span class='ocr_line' id='line_1_64' title="bbox 1165 1294 1859 1374; baseline 0.01 -27"><span class='ocrx_word' id='word_1_382' title='bbox 1165 1294 1239 1348; x_wconf 79' lang='lat' dir='ltr'>docli</span> <span class='ocrx_word' id='word_1_383' title='bbox 1256 1295 1356 1349; x_wconf 88' lang='lat' dir='ltr'>tribuit</span> <span class='ocrx_word' id='word_1_384' title='bbox 1372 1295 1479 1350; x_wconf 89' lang='lat' dir='ltr'>Gellius</span> <span class='ocrx_word' id='word_1_385' title='bbox 1493 1297 1577 1352; x_wconf 84' lang='lat' dir='ltr'>Noct.</span> <span class='ocrx_word' id='word_1_386' title='bbox 1597 1301 1654 1354; x_wconf 82' lang='lat' dir='ltr'>Art.</span> <span class='ocrx_word' id='word_1_387' title='bbox 1679 1299 1727 1366; x_wconf 87' lang='lat' dir='ltr'>lv,</span> <span class='ocrx_word' id='word_1_388' title='bbox 1745 1317 1773 1352; x_wconf 89' lang='lat'>11</span> <span class='ocrx_word' id='word_1_389' title='bbox 1792 1299 1859 1374; x_wconf 73' lang='lat' dir='ltr'>[liri.</span> 
     </span>
     <span class='ocr_line' id='line_1_65' title="bbox 1165 1379 1861 1458; baseline 0.007 -20"><span class='ocrx_word' id='word_1_390' title='bbox 1165 1379 1332 1456; x_wconf 75' lang='lat' dir='ltr'>limpedoci.</span> <span class='ocrx_word' id='word_1_391' title='bbox 1344 1381 1780 1458; x_wconf 80' lang='lat' dir='ltr'>fragm.vs.l,51];posteriorem</span> <span class='ocrx_word' id='word_1_392' title='bbox 1792 1391 1861 1442; x_wconf 75' lang='lat' dir='ltr'>niodo</span> 
     </span>
     <span class='ocr_line' id='line_1_66' title="bbox 1167 1467 1861 1545; baseline 0.009 -21"><span class='ocrx_word' id='word_1_393' title='bbox 1167 1471 1323 1545; x_wconf 74' lang='lat' dir='ltr'>Orphicum</span> <span class='ocrx_word' id='word_1_394' title='bbox 1345 1471 1435 1524; x_wconf 91' lang='lat' dir='ltr'>modo</span> <span class='ocrx_word' id='word_1_395' title='bbox 1454 1467 1677 1545; x_wconf 81' lang='lat' dir='ltr'>Pythagoricum</span> <span class='ocrx_word' id='word_1_396' title='bbox 1702 1484 1803 1528; x_wconf 84' lang='lat' dir='ltr'>veteres</span> <span class='ocrx_word' id='word_1_397' title='bbox 1819 1495 1861 1530; x_wconf 67' lang='lat' dir='ltr'>ese</span> 
     </span>
     <span class='ocr_line' id='line_1_67' title="bbox 1162 1556 1859 1638; baseline 0.013 -28"><span class='ocrx_word' id='word_1_398' title='bbox 1162 1560 1274 1616; x_wconf 78' lang='lat' dir='ltr'>volunt.</span> <span class='ocrx_word' id='word_1_399' title='bbox 1289 1556 1593 1633; x_wconf 78' lang='lat' dir='ltr'>PlutarchusSympos.</span> <span class='ocrx_word' id='word_1_400' title='bbox 1605 1561 1645 1631; x_wconf 90' lang='grc' dir='ltr'>Π,</span> <span class='ocrx_word' id='word_1_401' title='bbox 1658 1559 1673 1613; x_wconf 84' lang='grc'>3</span> <span class='ocrx_word' id='word_1_402' title='bbox 1687 1556 1773 1616; x_wconf 52' lang='lat' dir='ltr'>&amp;fluv</span> <span class='ocrx_word' id='word_1_403' title='bbox 1782 1562 1859 1638; x_wconf 78' lang='grc' dir='ltr'>ἀπεγό·</span> 
     </span>
     <span class='ocr_line' id='line_1_68' title="bbox 1165 1643 1860 1724; baseline 0.009 -24"><span class='ocrx_word' id='word_1_404' title='bbox 1165 1667 1241 1720; x_wconf 89' lang='grc' dir='ltr'>μενος</span> <span class='ocrx_word' id='word_1_405' title='bbox 1276 1643 1399 1704; x_wconf 77' lang='grc' dir='ltr'>ὑπόνοιαν</span> <span class='ocrx_word' id='word_1_406' title='bbox 1432 1645 1566 1724; x_wconf 77' lang='grc' dir='ltr'>παρέσχον</span> <span class='ocrx_word' id='word_1_407' title='bbox 1592 1643 1729 1724; x_wconf 77' lang='grc' dir='ltr'>ἐνέχεσθαι</span> <span class='ocrx_word' id='word_1_408' title='bbox 1756 1647 1860 1724; x_wconf 81' lang='grc' dir='ltr'>δόγμασιν</span> 
     </span>
     <span class='ocr_line' id='line_1_69' title="bbox 1162 1734 1861 1816; baseline 0 -22"><span class='ocrx_word' id='word_1_409' title='bbox 1162 1734 1324 1815; x_wconf 79' lang='grc' dir='ltr'>Ὀρρικοῖςή</span> <span class='ocrx_word' id='word_1_410' title='bbox 1339 1736 1529 1813; x_wconf 83' lang='grc' dir='ltr'>Πυθαγορικοῖς</span> <span class='ocrx_word' id='word_1_411' title='bbox 1542 1735 1587 1794; x_wconf 78' lang='grc' dir='ltr'>καλ</span> <span class='ocrx_word' id='word_1_412' title='bbox 1600 1735 1631 1794; x_wconf 86' lang='grc' dir='ltr'>τδ</span> <span class='ocrx_word' id='word_1_413' title='bbox 1642 1735 1705 1807; x_wconf 85' lang='grc' dir='ltr'>ὠὸν,</span> <span class='ocrx_word' id='word_1_414' title='bbox 1720 1735 1802 1816; x_wconf 80' lang='grc' dir='ltr'>ὥσπερ</span> <span class='ocrx_word' id='word_1_415' title='bbox 1814 1739 1861 1794; x_wconf 85' lang='grc' dir='ltr'>ἔνιοι</span> 
     </span>
     <span class='ocr_line' id='line_1_70' title="bbox 1164 1819 1861 1900; baseline 0.006 -22"><span class='ocrx_word' id='word_1_416' title='bbox 1164 1820 1274 1899; x_wconf 89' lang='grc' dir='ltr'>καρδίαν</span> <span class='ocrx_word' id='word_1_417' title='bbox 1295 1819 1340 1878; x_wconf 79' lang='grc' dir='ltr'>καὶ</span> <span class='ocrx_word' id='word_1_418' title='bbox 1355 1820 1516 1900; x_wconf 80' lang='grc' dir='ltr'>ἐγκέφαλον,</span> <span class='ocrx_word' id='word_1_419' title='bbox 1538 1823 1624 1900; x_wconf 79' lang='grc' dir='ltr'>ἀρχὴν</span> <span class='ocrx_word' id='word_1_420' title='bbox 1644 1823 1787 1898; x_wconf 82' lang='grc' dir='ltr'>ἡγούμενος</span> <span class='ocrx_word' id='word_1_421' title='bbox 1804 1829 1861 1900; x_wconf 79' lang='grc' dir='ltr'>γενέ·</span> 
     </span>
     <span class='ocr_line' id='line_1_71' title="bbox 1161 1908 1860 1990; baseline 0.004 -24"><span class='ocrx_word' id='word_1_422' title='bbox 1161 1931 1225 1974; x_wconf 82' lang='grc' dir='ltr'>σεως</span> <span class='ocrx_word' id='word_1_423' title='bbox 1241 1911 1418 1988; x_wconf 76' lang='grc' dir='ltr'>ἀφοσιοῦσθαι·</span> <span class='ocrx_word' id='word_1_424' title='bbox 1436 1908 1482 1966; x_wconf 85' lang='grc' dir='ltr'>καὶ</span> <span class='ocrx_word' id='word_1_425' title='bbox 1501 1909 1645 1988; x_wconf 80' lang='grc' dir='ltr'>προύρερέν</span> <span class='ocrx_word' id='word_1_426' title='bbox 1661 1935 1702 1976; x_wconf 90' lang='grc' dir='ltr'>τις</span> <span class='ocrx_word' id='word_1_427' title='bbox 1725 1915 1768 1968; x_wconf 81' lang='grc' dir='ltr'>ἐπὶ</span> <span class='ocrx_word' id='word_1_428' title='bbox 1782 1913 1860 1990; x_wconf 78' lang='grc' dir='ltr'>γέλωτι</span> 
     </span>
     <span class='ocr_line' id='line_1_72' title="bbox 1157 1987 1860 2076; baseline 0.007 -22"><span class='ocrx_word' id='word_1_429' title='bbox 1157 1997 1187 2054; x_wconf 85' lang='grc' dir='ltr'>τὸ</span> <span class='ocrx_word' id='word_1_430' title='bbox 1203 1987 1276 2057; x_wconf 76' lang='grc' dir='ltr'>Ἶσόν</span> <span class='ocrx_word' id='word_1_431' title='bbox 1291 2019 1331 2056; x_wconf 89' lang='grc' dir='ltr'>τοι</span> <span class='ocrx_word' id='word_1_432' title='bbox 1344 1996 1459 2073; x_wconf 82' lang='grc' dir='ltr'>κυάμους</span> <span class='ocrx_word' id='word_1_433' title='bbox 1474 1999 1533 2056; x_wconf 90' lang='grc' dir='ltr'>κτλ.</span> <span class='ocrx_word' id='word_1_434' title='bbox 1558 2001 1600 2058; x_wconf 84' lang='lat' dir='ltr'>Cf.</span> <span class='ocrx_word' id='word_1_435' title='bbox 1619 2003 1783 2058; x_wconf 84' lang='lat' dir='ltr'>Heraclides</span> <span class='ocrx_word' id='word_1_436' title='bbox 1797 2005 1860 2076; x_wconf 86' lang='lat' dir='ltr'>apud</span> 
     </span>
     <span class='ocr_line' id='line_1_73' title="bbox 1156 2088 1862 2161; baseline 0.004 -18"><span class='ocrx_word' id='word_1_437' title='bbox 1156 2089 1229 2161; x_wconf 87' lang='lat' dir='ltr'>Lyd.</span> <span class='ocrx_word' id='word_1_438' title='bbox 1258 2089 1294 2144; x_wconf 88' lang='lat' dir='ltr'>de</span> <span class='ocrx_word' id='word_1_439' title='bbox 1316 2089 1407 2144; x_wconf 85' lang='lat' dir='ltr'>Mens.</span> <span class='ocrx_word' id='word_1_440' title='bbox 1431 2107 1460 2161; x_wconf 91' lang='lat' dir='ltr'>p.</span> <span class='ocrx_word' id='word_1_441' title='bbox 1486 2088 1538 2158; x_wconf 83' lang='lat'>76;</span> <span class='ocrx_word' id='word_1_442' title='bbox 1560 2089 1688 2144; x_wconf 89' lang='lat' dir='ltr'>Clemens</span> <span class='ocrx_word' id='word_1_443' title='bbox 1714 2092 1809 2146; x_wconf 86' lang='lat' dir='ltr'>Strom.</span> <span class='ocrx_word' id='word_1_444' title='bbox 1830 2095 1862 2146; x_wconf 93' lang='lat' dir='ltr'>lll</span> 
     </span>
     <span class='ocr_line' id='line_1_74' title="bbox 1156 2175 1860 2256; baseline 0.003 -26"><span class='ocrx_word' id='word_1_445' title='bbox 1156 2195 1187 2248; x_wconf 89' lang='lat' dir='ltr'>p.</span> <span class='ocrx_word' id='word_1_446' title='bbox 1218 2175 1274 2240; x_wconf 73' lang='lat'>435</span> <span class='ocrx_word' id='word_1_447' title='bbox 1298 2179 1340 2244; x_wconf 77' lang='lat' dir='ltr'>D,</span> <span class='ocrx_word' id='word_1_448' title='bbox 1370 2178 1512 2231; x_wconf 77' lang='lat' dir='ltr'>Lucienus</span> <span class='ocrx_word' id='word_1_449' title='bbox 1536 2179 1564 2230; x_wconf 91' lang='lat' dir='ltr'>in</span> <span class='ocrx_word' id='word_1_450' title='bbox 1589 2178 1672 2234; x_wconf 85' lang='lat' dir='ltr'>Gallo</span> <span class='ocrx_word' id='word_1_451' title='bbox 1691 2175 1710 2256; x_wconf 64' lang='grc' dir='ltr'>ξ,</span> <span class='ocrx_word' id='word_1_452' title='bbox 1730 2185 1745 2243; x_wconf 81' lang='lat' dir='ltr'>f,</span> <span class='ocrx_word' id='word_1_453' title='bbox 1765 2198 1792 2252; x_wconf 89' lang='lat' dir='ltr'>p.</span> <span class='ocrx_word' id='word_1_454' title='bbox 1815 2182 1860 2252; x_wconf 66' lang='lat'>29⁴3</span> 
     </span>
     <span class='ocr_line' id='line_1_75' title="bbox 1157 2265 1861 2339; baseline 0.003 -21"><span class='ocrx_word' id='word_1_455' title='bbox 1157 2276 1227 2322; x_wconf 87' lang='lat' dir='ltr'>tom.</span> <span class='ocrx_word' id='word_1_456' title='bbox 1245 2265 1279 2338; x_wconf 79' lang='lat'>63</span> <span class='ocrx_word' id='word_1_457' title='bbox 1301 2265 1450 2319; x_wconf 74' lang='lat' dir='ltr'>Athenaeus</span> <span class='ocrx_word' id='word_1_458' title='bbox 1460 2265 1511 2318; x_wconf 90' lang='lat' dir='ltr'>lib.</span> <span class='ocrx_word' id='word_1_459' title='bbox 1526 2267 1553 2320; x_wconf 90' lang='lat'>11</span> <span class='ocrx_word' id='word_1_460' title='bbox 1564 2285 1593 2339; x_wconf 91' lang='lat' dir='ltr'>p.</span> <span class='ocrx_word' id='word_1_461' title='bbox 1607 2265 1644 2320; x_wconf 84' lang='lat'>65</span> <span class='ocrx_word' id='word_1_462' title='bbox 1667 2269 1707 2334; x_wconf 82' lang='lat' dir='ltr'>E3</span> <span class='ocrx_word' id='word_1_463' title='bbox 1721 2269 1861 2320; x_wconf 78' lang='lat' dir='ltr'>Eustathius</span> 
     </span>
     <span class='ocr_line' id='line_1_76' title="bbox 1154 2350 1861 2428; baseline 0.001 -20"><span class='ocrx_word' id='word_1_464' title='bbox 1154 2371 1184 2425; x_wconf 91' lang='lat' dir='ltr'>p.</span> <span class='ocrx_word' id='word_1_465' title='bbox 1207 2353 1285 2426; x_wconf 73' lang='grc' dir='ltr'>μόδς</span> <span class='ocrx_word' id='word_1_466' title='bbox 1311 2350 1411 2406; x_wconf 85' lang='lat' dir='ltr'>Sextus</span> <span class='ocrx_word' id='word_1_467' title='bbox 1435 2353 1596 2425; x_wconf 83' lang='lat' dir='ltr'>Empirirus</span> <span class='ocrx_word' id='word_1_468' title='bbox 1617 2354 1721 2425; x_wconf 72' lang='lat' dir='ltr'>Pyrrh.</span> <span class='ocrx_word' id='word_1_469' title='bbox 1740 2356 1809 2428; x_wconf 78' lang='lat' dir='ltr'>Hyp.</span> <span class='ocrx_word' id='word_1_470' title='bbox 1828 2355 1861 2410; x_wconf 91' lang='lat' dir='ltr'>lll</span> 
     </span>
     <span class='ocr_line' id='line_1_77' title="bbox 1155 2439 1860 2514; baseline 0.004 -20"><span class='ocrx_word' id='word_1_471' title='bbox 1155 2459 1186 2514; x_wconf 92' lang='lat' dir='ltr'>p.</span> <span class='ocrx_word' id='word_1_472' title='bbox 1208 2439 1272 2504; x_wconf 72' lang='lat' dir='ltr'>rar..</span> <span class='ocrx_word' id='word_1_473' title='bbox 1289 2439 1370 2494; x_wconf 82' lang='lat' dir='ltr'>Adde</span> <span class='ocrx_word' id='word_1_474' title='bbox 1389 2441 1502 2514; x_wconf 83' lang='lat' dir='ltr'>blenag.</span> <span class='ocrx_word' id='word_1_475' title='bbox 1521 2441 1557 2494; x_wconf 86' lang='lat' dir='ltr'>ad</span> <span class='ocrx_word' id='word_1_476' title='bbox 1576 2443 1672 2498; x_wconf 88' lang='lat' dir='ltr'>Lacrt.</span> <span class='ocrx_word' id='word_1_477' title='bbox 1700 2443 1775 2512; x_wconf 89' lang='lat' dir='ltr'>Vlll,</span> <span class='ocrx_word' id='word_1_478' title='bbox 1789 2453 1821 2507; x_wconf 69' lang='lat' dir='ltr'>rt</span> <span class='ocrx_word' id='word_1_479' title='bbox 1840 2455 1860 2497; x_wconf 88' lang='lat' dir='ltr'>et</span> 
     </span>
     <span class='ocr_line' id='line_1_78' title="bbox 1157 2527 1872 2604; baseline 0.006 -22"><span class='ocrx_word' id='word_1_480' title='bbox 1157 2529 1191 2592; x_wconf 69' lang='grc'>34</span> <span class='ocrx_word' id='word_1_481' title='bbox 1214 2539 1243 2582; x_wconf 88' lang='lat' dir='ltr'>et</span> <span class='ocrx_word' id='word_1_482' title='bbox 1262 2527 1389 2584; x_wconf 87' lang='lat' dir='ltr'>Lobeclr.</span> <span class='ocrx_word' id='word_1_483' title='bbox 1414 2528 1552 2600; x_wconf 78' lang='lat' dir='ltr'>Aglaoph.</span> <span class='ocrx_word' id='word_1_484' title='bbox 1575 2547 1606 2601; x_wconf 90' lang='lat' dir='ltr'>p.</span> <span class='ocrx_word' id='word_1_485' title='bbox 1630 2536 1688 2602; x_wconf 65' lang='grc' dir='ltr'>τίς)</span> <span class='ocrx_word' id='word_1_486' title='bbox 1713 2549 1790 2604; x_wconf 86' lang='lat' dir='ltr'>seqq.</span> <span class='ocrx_word' id='word_1_487' title='bbox 1805 2531 1872 2588; x_wconf 69' lang='lat' dir='ltr'>tid.</span> 
     </span>
     <span class='ocr_line' id='line_1_79' title="bbox 1155 2615 1859 2692; baseline 0.006 -22"><span class='ocrx_word' id='word_1_488' title='bbox 1155 2618 1237 2670; x_wconf 83' lang='lat' dir='ltr'>etiam</span> <span class='ocrx_word' id='word_1_489' title='bbox 1254 2615 1498 2689; x_wconf 81' lang='lat' dir='ltr'>Pythagoreorum</span> <span class='ocrx_word' id='word_1_490' title='bbox 1512 2635 1607 2672; x_wconf 85' lang='lat' dir='ltr'>versus</span> <span class='ocrx_word' id='word_1_491' title='bbox 1617 2617 1692 2673; x_wconf 79' lang='lat' dir='ltr'>inira</span> <span class='ocrx_word' id='word_1_492' title='bbox 1711 2621 1859 2692; x_wconf 80' lang='lat' dir='ltr'>collectos.)</span> 
     </span>
    </p>

    <p class='ocr_par' dir='ltr' id='par_1_22' title="bbox 1125 2719 1864 3518">
     <span class='ocr_line' id='line_1_80' title="bbox 1428 2719 1536 2780; baseline -0.028 -2"><span class='ocrx_word' id='word_1_493' title='bbox 1428 2719 1536 2780; x_wconf 81' lang='lat' dir='ltr'>Xxllt</span> 
     </span>
     <span class='ocr_line' id='line_1_81' title="bbox 1154 2822 1830 2906; baseline -0.001 -22"><span class='ocrx_word' id='word_1_494' title='bbox 1154 2823 1260 2884; x_wconf 78' lang='grc' dir='ltr'>Πολλοὶ</span> <span class='ocrx_word' id='word_1_495' title='bbox 1272 2825 1293 2880; x_wconf 93' lang='grc' dir='ltr'>δ’</span> <span class='ocrx_word' id='word_1_496' title='bbox 1310 2822 1447 2902; x_wconf 83' lang='grc' dir='ltr'>οὐρανόθεν</span> <span class='ocrx_word' id='word_1_497' title='bbox 1461 2823 1506 2881; x_wconf 77' lang='grc' dir='ltr'>καὶ</span> <span class='ocrx_word' id='word_1_498' title='bbox 1522 2823 1645 2902; x_wconf 79' lang='grc' dir='ltr'>ἐπαρτέες</span> <span class='ocrx_word' id='word_1_499' title='bbox 1662 2828 1692 2884; x_wconf 77' lang='grc' dir='ltr'>ἐκ</span> <span class='ocrx_word' id='word_1_500' title='bbox 1703 2829 1830 2906; x_wconf 76' lang='grc' dir='ltr'>νερελάων</span> 
     </span>
     <span class='ocr_line' id='line_1_82' title="bbox 1154 2912 1829 2992; baseline 0.003 -23"><span class='ocrx_word' id='word_1_501' title='bbox 1154 2917 1237 2988; x_wconf 78' lang='grc' dir='ltr'>τῆμος</span> <span class='ocrx_word' id='word_1_502' title='bbox 1252 2912 1406 2991; x_wconf 85' lang='grc' dir='ltr'>ε’πόρνυνται</span> <span class='ocrx_word' id='word_1_503' title='bbox 1419 2917 1510 2992; x_wconf 80' lang='grc' dir='ltr'>ρηγοῑς</span> <span class='ocrx_word' id='word_1_504' title='bbox 1522 2912 1567 2970; x_wconf 82' lang='grc' dir='ltr'>καλ</span> <span class='ocrx_word' id='word_1_505' title='bbox 1583 2913 1717 2992; x_wconf 83' lang='grc' dir='ltr'>δένδρεσιν</span> <span class='ocrx_word' id='word_1_506' title='bbox 1731 2915 1829 2989; x_wconf 80' lang='grc' dir='ltr'>ἄλλοις,</span> 
     </span>
     <span class='ocr_line' id='line_1_83' title="bbox 1153 2997 1845 3078; baseline 0.004 -22"><span class='ocrx_word' id='word_1_507' title='bbox 1153 2997 1242 3077; x_wconf 87' lang='grc' dir='ltr'>ούρεσί</span> <span class='ocrx_word' id='word_1_508' title='bbox 1256 3022 1301 3075; x_wconf 86' lang='grc' dir='ltr'>τε,</span> <span class='ocrx_word' id='word_1_509' title='bbox 1318 2998 1453 3063; x_wconf 80' lang='grc' dir='ltr'>σκοπελοις</span> <span class='ocrx_word' id='word_1_510' title='bbox 1463 3019 1493 3055; x_wconf 87' lang='grc' dir='ltr'>τε</span> <span class='ocrx_word' id='word_1_511' title='bbox 1507 2999 1551 3056; x_wconf 84' lang='grc' dir='ltr'>καί</span> <span class='ocrx_word' id='word_1_512' title='bbox 1567 3000 1716 3078; x_wconf 78' lang='grc' dir='ltr'>ἀνθρώποις</span> <span class='ocrx_word' id='word_1_513' title='bbox 1728 3004 1845 3078; x_wconf 74' lang='grc' dir='ltr'>ἀριθύμοις</span> 
     </span>
     <span class='ocr_line' id='line_1_84' title="bbox 1152 3086 1855 3168; baseline 0.003 -26"><span class='ocrx_word' id='word_1_514' title='bbox 1152 3087 1312 3163; x_wconf 77' lang='grc' dir='ltr'>πηγυλίδες,</span> <span class='ocrx_word' id='word_1_515' title='bbox 1326 3087 1371 3144; x_wconf 81' lang='grc' dir='ltr'>καὶ</span> <span class='ocrx_word' id='word_1_516' title='bbox 1385 3086 1488 3145; x_wconf 84' lang='grc' dir='ltr'>ἔσονται</span> <span class='ocrx_word' id='word_1_517' title='bbox 1503 3087 1632 3162; x_wconf 85' lang='grc' dir='ltr'>ἀμειδέες·</span> <span class='ocrx_word' id='word_1_518' title='bbox 1648 3090 1708 3147; x_wconf 79' lang='grc' dir='ltr'>αἵδε</span> <span class='ocrx_word' id='word_1_519' title='bbox 1722 3090 1773 3168; x_wconf 77' lang='grc' dir='ltr'>γὰρ</span> <span class='ocrx_word' id='word_1_520' title='bbox 1787 3091 1855 3153; x_wconf 78' lang='grc' dir='ltr'>ὄντος</span> 
     </span>
     <span class='ocr_line' id='line_1_85' title="bbox 1125 3174 1838 3256; baseline -0.001 -23"><span class='ocrx_word' id='word_1_521' title='bbox 1125 3174 1271 3253; x_wconf 78' lang='grc' dir='ltr'>οτρύουσιν</span> <span class='ocrx_word' id='word_1_522' title='bbox 1287 3177 1332 3233; x_wconf 81' lang='grc' dir='ltr'>καὶ</span> <span class='ocrx_word' id='word_1_523' title='bbox 1347 3180 1426 3254; x_wconf 79' lang='grc' dir='ltr'>θῆρας</span> <span class='ocrx_word' id='word_1_524' title='bbox 1442 3176 1468 3232; x_wconf 80' lang='grc' dir='ltr'>ἐν</span> <span class='ocrx_word' id='word_1_525' title='bbox 1486 3175 1600 3253; x_wconf 86' lang='grc' dir='ltr'>οὔρεσιν,</span> <span class='ocrx_word' id='word_1_526' title='bbox 1616 3175 1676 3233; x_wconf 84' lang='grc' dir='ltr'>οὐδέ</span> <span class='ocrx_word' id='word_1_527' title='bbox 1689 3201 1730 3244; x_wconf 89' lang='grc' dir='ltr'>τις</span> <span class='ocrx_word' id='word_1_528' title='bbox 1745 3183 1838 3256; x_wconf 79' lang='grc' dir='ltr'>ἀνδρῶν</span> 
     </span>
     <span class='ocr_line' id='line_1_86' title="bbox 1152 3261 1860 3344; baseline 0 -24"><span class='ocrx_word' id='word_1_529' title='bbox 1152 3262 1334 3342; x_wconf 78' lang='grc' dir='ltr'>προύλώσκειν</span> <span class='ocrx_word' id='word_1_530' title='bbox 1353 3263 1475 3341; x_wconf 87' lang='grc' dir='ltr'>μεγάρων</span> <span class='ocrx_word' id='word_1_531' title='bbox 1501 3261 1609 3320; x_wconf 83' lang='grc' dir='ltr'>δύναται</span> <span class='ocrx_word' id='word_1_532' title='bbox 1625 3263 1698 3321; x_wconf 69' lang='lat' dir='ltr'>sart</span> <span class='ocrx_word' id='word_1_533' title='bbox 1712 3275 1772 3344; x_wconf 87' lang='grc' dir='ltr'>γυῖα</span> <span class='ocrx_word' id='word_1_534' title='bbox 1787 3268 1860 3341; x_wconf 83' lang='grc' dir='ltr'>δαμιι·</span> 
     </span>
     <span class='ocr_line' id='line_1_87' title="bbox 1807 3351 1864 3416; baseline -0.035 -8"><span class='ocrx_word' id='word_1_535' title='bbox 1807 3351 1864 3416; x_wconf 79' lang='grc' dir='ltr'>σθεὶς</span> 
     </span>
     <span class='ocr_line' id='line_1_88' title="bbox 1149 3350 1812 3518; baseline 0.003 -24"><span class='ocrx_word' id='word_1_536' title='bbox 1149 3435 1230 3518; x_wconf 81' lang='grc' dir='ltr'>ψύχει</span> <span class='ocrx_word' id='word_1_537' title='bbox 1245 3435 1394 3516; x_wconf 62' lang='grc' dir='ltr'>λευγαλέῳ,</span> <span class='ocrx_word' id='word_1_538' title='bbox 1410 3436 1501 3514; x_wconf 77' lang='grc' dir='ltr'>πάχνη</span> <span class='ocrx_word' id='word_1_539' title='bbox 1517 3437 1540 3494; x_wconf 86' lang='grc' dir='ltr'>δ’</span> <span class='ocrx_word' id='word_1_540' title='bbox 1557 3435 1605 3494; x_wconf 78' lang='grc' dir='ltr'>ὑπὸ</span> <span class='ocrx_word' id='word_1_541' title='bbox 1617 3444 1682 3514; x_wconf 87' lang='grc' dir='ltr'>γαῖα</span> <span class='ocrx_word' id='word_1_542' title='bbox 1699 3350 1812 3514; x_wconf 61' lang='lat' dir='ltr'>pinosi.</span> 
     </span>
    </p>

    <p class='ocr_par' dir='ltr' id='par_1_23' title="bbox 1147 3534 1864 3790">
     <span class='ocr_line' id='line_1_89' title="bbox 1190 3534 1863 3612; baseline 0 -21"><span class='ocrx_word' id='word_1_543' title='bbox 1190 3537 1246 3612; x_wconf 86' lang='lat' dir='ltr'>(lo.</span> <span class='ocrx_word' id='word_1_544' title='bbox 1261 3538 1372 3592; x_wconf 81' lang='lat' dir='ltr'>Taetzcs</span> <span class='ocrx_word' id='word_1_545' title='bbox 1389 3535 1426 3590; x_wconf 84' lang='lat' dir='ltr'>ad</span> <span class='ocrx_word' id='word_1_546' title='bbox 1439 3534 1554 3592; x_wconf 89' lang='lat' dir='ltr'>llesiodi</span> <span class='ocrx_word' id='word_1_547' title='bbox 1570 3538 1629 3610; x_wconf 90' lang='lat' dir='ltr'>Op.</span> <span class='ocrx_word' id='word_1_548' title='bbox 1647 3547 1675 3591; x_wconf 91' lang='lat' dir='ltr'>et</span> <span class='ocrx_word' id='word_1_549' title='bbox 1693 3541 1730 3592; x_wconf 92' lang='lat' dir='ltr'>D.</span> <span class='ocrx_word' id='word_1_550' title='bbox 1745 3557 1787 3594; x_wconf 83' lang='grc' dir='ltr'>νε.</span> <span class='ocrx_word' id='word_1_551' title='bbox 1801 3536 1863 3602; x_wconf 80' lang='lat'>505,</span> 
     </span>
     <span class='ocr_line' id='line_1_90' title="bbox 1147 3621 1864 3702; baseline -0.001 -23"><span class='ocrx_word' id='word_1_552' title='bbox 1147 3646 1176 3700; x_wconf 92' lang='lat' dir='ltr'>p.</span> <span class='ocrx_word' id='word_1_553' title='bbox 1200 3624 1253 3680; x_wconf 71' lang='grc' dir='ltr'>τοῦ</span> <span class='ocrx_word' id='word_1_554' title='bbox 1273 3629 1307 3680; x_wconf 88' lang='grc' dir='ltr'>Α.</span> <span class='ocrx_word' id='word_1_555' title='bbox 1328 3645 1334 3680; x_wconf 89' lang='lat'>:</span> <span class='ocrx_word' id='word_1_556' title='bbox 1355 3621 1398 3682; x_wconf 72' lang='grc' dir='ltr'>Τό</span> <span class='ocrx_word' id='word_1_557' title='bbox 1423 3621 1449 3680; x_wconf 82' lang='grc' dir='ltr'>δέ</span> <span class='ocrx_word' id='word_1_558' title='bbox 1466 3622 1516 3693; x_wconf 83' lang='grc' dir='ltr'>ἔπη</span> <span class='ocrx_word' id='word_1_559' title='bbox 1538 3625 1567 3680; x_wconf 80' lang='grc' dir='ltr'>ἐκ</span> <span class='ocrx_word' id='word_1_560' title='bbox 1589 3625 1642 3680; x_wconf 81' lang='grc' dir='ltr'>τῶν</span> <span class='ocrx_word' id='word_1_561' title='bbox 1661 3623 1783 3702; x_wconf 62' lang='grc' dir='ltr'>Ὀρφέως</span> <span class='ocrx_word' id='word_1_562' title='bbox 1799 3645 1864 3698; x_wconf 85' lang='grc' dir='ltr'>μετε-</span> 
     </span>
     <span class='ocr_line' id='line_1_91' title="bbox 1148 3707 1864 3790; baseline -0.006 -22"><span class='ocrx_word' id='word_1_563' title='bbox 1148 3711 1242 3782; x_wconf 78' lang='grc' dir='ltr'>ύλήθη·</span> <span class='ocrx_word' id='word_1_564' title='bbox 1256 3713 1320 3789; x_wconf 79' lang='grc' dir='ltr'>φησὶ</span> <span class='ocrx_word' id='word_1_565' title='bbox 1330 3711 1381 3790; x_wconf 80' lang='grc' dir='ltr'>γάρ</span> <span class='ocrx_word' id='word_1_566' title='bbox 1393 3709 1511 3790; x_wconf 78' lang='grc' dir='ltr'>Ὀρφεύς·</span> <span class='ocrx_word' id='word_1_567' title='bbox 1523 3707 1620 3768; x_wconf 82' lang='grc' dir='ltr'>πολλαί</span> <span class='ocrx_word' id='word_1_568' title='bbox 1629 3709 1793 3790; x_wconf 81' lang='grc' dir='ltr'>δὀὖρανύθεν</span> <span class='ocrx_word' id='word_1_569' title='bbox 1803 3712 1864 3784; x_wconf 70' lang='grc' dir='ltr'>κτλ.)</span> 
     </span>
    </p>

    <p class='ocr_par' dir='ltr' id='par_1_24' title="bbox 1149 3816 1865 4081">
     <span class='ocr_line' id='line_1_92' title="bbox 1417 3816 1543 3874; baseline -0.032 0"><span class='ocrx_word' id='word_1_570' title='bbox 1417 3816 1543 3874; x_wconf 76' lang='lat' dir='ltr'>xxxii.</span> 
     </span>
     <span class='ocr_line' id='line_1_93' title="bbox 1149 3903 1865 3992; baseline -0.008 -18"><span class='ocrx_word' id='word_1_571' title='bbox 1149 3907 1188 3974; x_wconf 80' lang='grc' dir='ltr'>Ὦ</span> <span class='ocrx_word' id='word_1_572' title='bbox 1206 3914 1276 3991; x_wconf 87' lang='grc' dir='ltr'>ἀνα,</span> <span class='ocrx_word' id='word_1_573' title='bbox 1292 3919 1394 3986; x_wconf 75' lang='grc' dir='ltr'>Λητοῦς</span> <span class='ocrx_word' id='word_1_574' title='bbox 1408 3903 1458 3984; x_wconf 78' lang='grc' dir='ltr'>υἷ’,</span> <span class='ocrx_word' id='word_1_575' title='bbox 1474 3913 1633 3989; x_wconf 82' lang='grc' dir='ltr'>ἑκατηάύλε,</span> <span class='ocrx_word' id='word_1_576' title='bbox 1647 3913 1738 3973; x_wconf 67' lang='lat' dir='ltr'>‘boida</span> <span class='ocrx_word' id='word_1_577' title='bbox 1752 3911 1865 3992; x_wconf 82' lang='grc' dir='ltr'>ιιρατειιέ,</span> 
     </span>
     <span class='ocr_line' id='line_1_94' title="bbox 1152 4000 1833 4081; baseline -0.01 -20"><span class='ocrx_word' id='word_1_578' title='bbox 1152 4004 1307 4081; x_wconf 70' lang='grc' dir='ltr'>πανδερκέα,</span> <span class='ocrx_word' id='word_1_579' title='bbox 1322 4005 1437 4072; x_wconf 88' lang='grc' dir='ltr'>θνητοῖσι</span> <span class='ocrx_word' id='word_1_580' title='bbox 1452 4000 1496 4058; x_wconf 83' lang='grc' dir='ltr'>καὶ</span> <span class='ocrx_word' id='word_1_581' title='bbox 1511 4000 1679 4058; x_wconf 78' lang='grc' dir='ltr'>ἀθανάτοισιν</span> <span class='ocrx_word' id='word_1_582' title='bbox 1696 4002 1833 4068; x_wconf 78' lang='grc' dir='ltr'>ἀνάσσων,</span> 
     </span>
    </p>
   </div>
   <div class='ocr_carea' id='block_1_16' title="bbox 1085 4167 1872 5198">
    <p class='ocr_par' dir='ltr' id='par_1_25' title="bbox 1088 4167 1718 4231">
     <span class='ocr_line' id='line_1_95' title="bbox 1088 4167 1718 4231; baseline -0.002 -13"><span class='ocrx_word' id='word_1_583' title='bbox 1088 4175 1138 4218; x_wconf 90' lang='lat' dir='ltr'>tum</span> <span class='ocrx_word' id='word_1_584' title='bbox 1152 4171 1264 4231; x_wconf 80' lang='lat' dir='ltr'>ingruunt</span> <span class='ocrx_word' id='word_1_585' title='bbox 1274 4171 1297 4218; x_wconf 86' lang='lat' dir='ltr'>in</span> <span class='ocrx_word' id='word_1_586' title='bbox 1310 4168 1405 4218; x_wconf 84' lang='lat' dir='ltr'>esculos</span> <span class='ocrx_word' id='word_1_587' title='bbox 1416 4171 1489 4230; x_wconf 79' lang='lat' dir='ltr'>eturre</span> <span class='ocrx_word' id='word_1_588' title='bbox 1502 4167 1525 4216; x_wconf 88' lang='lat' dir='ltr'>iu</span> <span class='ocrx_word' id='word_1_589' title='bbox 1540 4167 1599 4217; x_wconf 83' lang='lat' dir='ltr'>alias</span> <span class='ocrx_word' id='word_1_590' title='bbox 1609 4168 1718 4229; x_wconf 79' lang='lat' dir='ltr'>arbores,</span> 
     </span>
    </p>

    <p class='ocr_par' dir='ltr' id='par_1_26' title="bbox 1087 4255 1769 4319">
     <span class='ocr_line' id='line_1_96' title="bbox 1087 4255 1769 4319; baseline -0.003 -13"><span class='ocrx_word' id='word_1_591' title='bbox 1087 4260 1111 4307; x_wconf 90' lang='lat' dir='ltr'>in</span> <span class='ocrx_word' id='word_1_592' title='bbox 1128 4261 1223 4308; x_wconf 88' lang='lat' dir='ltr'>montes</span> <span class='ocrx_word' id='word_1_593' title='bbox 1235 4260 1260 4308; x_wconf 89' lang='lat' dir='ltr'>et</span> <span class='ocrx_word' id='word_1_594' title='bbox 1271 4257 1384 4319; x_wconf 84' lang='lat' dir='ltr'>scopulos</span> <span class='ocrx_word' id='word_1_595' title='bbox 1398 4258 1470 4318; x_wconf 79' lang='lat' dir='ltr'>atque</span> <span class='ocrx_word' id='word_1_596' title='bbox 1482 4255 1508 4304; x_wconf 89' lang='lat' dir='ltr'>in</span> <span class='ocrx_word' id='word_1_597' title='bbox 1520 4255 1629 4306; x_wconf 82' lang='lat' dir='ltr'>homiues</span> <span class='ocrx_word' id='word_1_598' title='bbox 1640 4257 1769 4306; x_wconf 79' lang='lat' dir='ltr'>animosos</span> 
     </span>
    </p>

    <p class='ocr_par' dir='ltr' id='par_1_27' title="bbox 1088 4342 1872 4496">
     <span class='ocr_line' id='line_1_97' title="bbox 1088 4342 1872 4408; baseline -0.01 -12"><span class='ocrx_word' id='word_1_599' title='bbox 1088 4347 1155 4396; x_wconf 81' lang='lat' dir='ltr'>nives</span> <span class='ocrx_word' id='word_1_600' title='bbox 1174 4346 1227 4408; x_wconf 81' lang='lat' dir='ltr'>gelu</span> <span class='ocrx_word' id='word_1_601' title='bbox 1248 4351 1381 4403; x_wconf 74' lang='lat' dir='ltr'>concrete,</span> <span class='ocrx_word' id='word_1_602' title='bbox 1398 4343 1487 4405; x_wconf 86' lang='lat' dir='ltr'>quihus</span> <span class='ocrx_word' id='word_1_603' title='bbox 1501 4343 1732 4406; x_wconf 79' lang='lat' dir='ltr'>contristabuntur3</span> <span class='ocrx_word' id='word_1_604' title='bbox 1753 4345 1792 4394; x_wconf 75' lang='lat' dir='ltr'>hae</span> <span class='ocrx_word' id='word_1_605' title='bbox 1811 4342 1872 4392; x_wconf 82' lang='lat' dir='ltr'>enin</span> 
     </span>
     <span class='ocr_line' id='line_1_98' title="bbox 1779 4431 1872 4496; baseline -0.032 -17"><span class='ocrx_word' id='word_1_606' title='bbox 1779 4431 1872 4496; x_wconf 78' lang='lat' dir='ltr'>[revers</span> 
     </span>
    </p>

    <p class='ocr_par' dir='ltr' id='par_1_28' title="bbox 1087 4520 1872 4670">
     <span class='ocr_line' id='line_1_99' title="bbox 1087 4520 1872 4588; baseline -0.003 -19"><span class='ocrx_word' id='word_1_607' title='bbox 1087 4522 1260 4571; x_wconf 76' lang='lat' dir='ltr'>verumetiam</span> <span class='ocrx_word' id='word_1_608' title='bbox 1281 4522 1373 4572; x_wconf 81' lang='lat' dir='ltr'>belluas</span> <span class='ocrx_word' id='word_1_609' title='bbox 1388 4523 1411 4572; x_wconf 89' lang='lat' dir='ltr'>iu</span> <span class='ocrx_word' id='word_1_610' title='bbox 1429 4523 1566 4585; x_wconf 87' lang='lat' dir='ltr'>montibus,</span> <span class='ocrx_word' id='word_1_611' title='bbox 1588 4535 1667 4584; x_wconf 85' lang='lat' dir='ltr'>neque</span> <span class='ocrx_word' id='word_1_612' title='bbox 1686 4521 1818 4588; x_wconf 75' lang='lat' dir='ltr'>quisquan</span> <span class='ocrx_word' id='word_1_613' title='bbox 1833 4520 1872 4582; x_wconf 64' lang='lat' dir='ltr'>ho,</span> 
     </span>
     <span class='ocr_line' id='line_1_100' title="bbox 1771 4607 1872 4670; baseline -0.01 -16"><span class='ocrx_word' id='word_1_614' title='bbox 1771 4607 1872 4670; x_wconf 76' lang='lat' dir='ltr'>[minan</span> 
     </span>
    </p>

    <p class='ocr_par' dir='ltr' id='par_1_29' title="bbox 1086 4681 1559 4762">
     <span class='ocr_line' id='line_1_101' title="bbox 1086 4681 1559 4762; baseline 0.004 -18"><span class='ocrx_word' id='word_1_615' title='bbox 1086 4695 1158 4746; x_wconf 87' lang='lat' dir='ltr'>domo</span> <span class='ocrx_word' id='word_1_616' title='bbox 1174 4699 1240 4747; x_wconf 78' lang='lat' dir='ltr'>extro</span> <span class='ocrx_word' id='word_1_617' title='bbox 1252 4700 1331 4760; x_wconf 81' lang='lat' dir='ltr'>potest</span> <span class='ocrx_word' id='word_1_618' title='bbox 1346 4681 1460 4748; x_wconf 79' lang='lat' dir='ltr'>membris</span> <span class='ocrx_word' id='word_1_619' title='bbox 1474 4702 1559 4762; x_wconf 80' lang='lat' dir='ltr'>eaptus</span> 
     </span>
    </p>

    <p class='ocr_par' dir='ltr' id='par_1_30' title="bbox 1087 4784 1870 4848">
     <span class='ocr_line' id='line_1_102' title="bbox 1087 4784 1870 4848; baseline -0.008 -14"><span class='ocrx_word' id='word_1_620' title='bbox 1087 4789 1183 4848; x_wconf 83' lang='lat' dir='ltr'>propter</span> <span class='ocrx_word' id='word_1_621' title='bbox 1203 4784 1277 4846; x_wconf 68' lang='lat' dir='ltr'>frigus</span> <span class='ocrx_word' id='word_1_622' title='bbox 1298 4786 1429 4845; x_wconf 81' lang='lat' dir='ltr'>ecerlrum,</span> <span class='ocrx_word' id='word_1_623' title='bbox 1452 4786 1538 4848; x_wconf 80' lang='lat' dir='ltr'>pruint</span> <span class='ocrx_word' id='word_1_624' title='bbox 1558 4797 1615 4832; x_wconf 76' lang='lat' dir='ltr'>sero</span> <span class='ocrx_word' id='word_1_625' title='bbox 1632 4785 1697 4833; x_wconf 80' lang='lat' dir='ltr'>terra</span> <span class='ocrx_word' id='word_1_626' title='bbox 1715 4794 1796 4843; x_wconf 82' lang='lat' dir='ltr'>prope</span> <span class='ocrx_word' id='word_1_627' title='bbox 1818 4793 1870 4828; x_wconf 83' lang='lat' dir='ltr'>eou-</span> 
     </span>
    </p>

    <p class='ocr_par' dir='ltr' id='par_1_31' title="bbox 1085 4867 1872 5198">
     <span class='ocr_line' id='line_1_103' title="bbox 1711 4867 1872 4932; baseline -0.012 -14"><span class='ocrx_word' id='word_1_628' title='bbox 1711 4870 1816 4932; x_wconf 83' lang='lat' dir='ltr'>[stricfa</span> <span class='ocrx_word' id='word_1_629' title='bbox 1830 4867 1872 4916; x_wconf 77' lang='lat' dir='ltr'>est.</span> 
     </span>
     <span class='ocr_line' id='line_1_104' title="bbox 1429 4961 1528 5009; baseline -0.02 -1"><span class='ocrx_word' id='word_1_630' title='bbox 1429 4961 1528 5009; x_wconf 77' lang='lat' dir='ltr'>xlllfll.</span> 
     </span>
     <span class='ocr_line' id='line_1_105' title="bbox 1085 5044 1859 5108; baseline -0.003 -12"><span class='ocrx_word' id='word_1_631' title='bbox 1085 5051 1106 5096; x_wconf 93' lang='lat'>0</span> <span class='ocrx_word' id='word_1_632' title='bbox 1124 5063 1180 5108; x_wconf 87' lang='lat' dir='ltr'>rex,</span> <span class='ocrx_word' id='word_1_633' title='bbox 1198 5051 1294 5098; x_wconf 76' lang='lat' dir='ltr'>telonae</span> <span class='ocrx_word' id='word_1_634' title='bbox 1307 5048 1356 5107; x_wconf 89' lang='lat' dir='ltr'>frti,</span> <span class='ocrx_word' id='word_1_635' title='bbox 1367 5045 1593 5107; x_wconf 78' lang='lat' dir='ltr'>eminnsJacnhns,</span> <span class='ocrx_word' id='word_1_636' title='bbox 1607 5044 1696 5095; x_wconf 81' lang='lat' dir='ltr'>Plroebe</span> <span class='ocrx_word' id='word_1_637' title='bbox 1707 5047 1859 5106; x_wconf 63' lang='lat' dir='ltr'>praepotens,</span> 
     </span>
     <span class='ocr_line' id='line_1_106' title="bbox 1085 5131 1802 5198; baseline -0.007 -13"><span class='ocrx_word' id='word_1_638' title='bbox 1085 5137 1165 5186; x_wconf 84' lang='lat' dir='ltr'>omniu</span> <span class='ocrx_word' id='word_1_639' title='bbox 1179 5137 1276 5198; x_wconf 77' lang='lat' dir='ltr'>ridens,</span> <span class='ocrx_word' id='word_1_640' title='bbox 1290 5135 1431 5186; x_wconf 83' lang='lat' dir='ltr'>mortalibus</span> <span class='ocrx_word' id='word_1_641' title='bbox 1442 5139 1467 5184; x_wconf 86' lang='lat' dir='ltr'>et</span> <span class='ocrx_word' id='word_1_642' title='bbox 1475 5133 1651 5184; x_wconf 80' lang='lat' dir='ltr'>immortalibus</span> <span class='ocrx_word' id='word_1_643' title='bbox 1662 5131 1802 5192; x_wconf 72' lang='lat' dir='ltr'>inipems,</span> 
     </span>
    </p>
   </div>
   <div class='ocr_carea' id='block_1_17' title="bbox 0 0 1892 5926">
    <p class='ocr_par' dir='ltr' id='par_1_32' title="bbox 0 0 1892 5926">
     <span class='ocr_line' id='line_1_107' title="bbox 0 0 1892 5926; baseline 0 5"><span class='ocrx_word' id='word_1_644' title='bbox 0 0 1892 5926; x_wconf 95' lang='lat' dir='ltr'> </span> 
     </span>
    </p>
   </div>
  </div>
 </body>
</html>
