3708 5916
600 403 640 462 ΙΝ
661 402 824 466 AUREUM
842 405 1012 468 clausu.
1232 347 1238 362 ·
1517 414 1574 465 ιιι

13 531 82 592 susle
102 529 241 639 συμφώνως
259 536 312 598 τοῖς
333 529 510 610 προκειμένοις
532 531 600 611 θροις
618 533 759 612 διημιριιί-
805 537 831 594 ἐν
846 535 933 610 τιίξει,
946 539 1000 613 μηδ
986 535 1027 596 δέν
1045 535 1292 616 repellebamus*
1257 559 1308 594 των
1332 534 1426 614 μέσων·
1441 531 1513 594 δδιδι
1533 538 1579 592 τοῦ

13 643 90 694 αντα,
113 621 158 688 τῆς
176 615 245 683 θιίας
267 617 426 727 ιθρρρσιίνης
446 625 501 685 τοῖς
522 613 630 698 καρποίς
658 621 756 679 ἀναδεῑ.
804 621 929 689 ίπέίιθι
950 632 1057 684 νοιῑται.
1100 621 1233 690 Πολλακις
1246 622 1296 700 γὰρ
1311 628 1327 693 ἡ
1343 624 1477 700 μιταθιοις
1490 644 1579 700 παρα

13 705 72 784 λαρδι
94 705 168 779 μίλος
188 701 216 762 δέ
238 725 263 760 τι
283 703 418 784 πριίςσιντα
437 706 571 784 φωράσας,
595 705 683 784 ώσπιρ
706 709 759 766 τισὶ
804 709 933 786 λογίζεται
945 709 994 779 τήν
1007 711 1101 789 κρίσιν
1111 710 1156 768 καί
1168 711 1358 786 ιυαπολογητον
1371 731 1580 774 ποιιιτοκακως

13 791 148 898 ιαρμιίκσις,
166 791 222 856 ταῖς
235 792 310 850 ts·
278 814 325 860 της
345 793 481 866 μετανοίας
503 793 680 863 νουθιτήσισιν
701 797 759 852 ίπι-
805 796 842 871 ιίρ
820 793 972 901 ργασμίνον
985 819 1017 875 τη
1000 795 1165 876 ἀταξία
1133 820 1180 867 της
1195 795 1311 872 μνήμης.
1354 796 1408 856 Kal
1422 795 1506 861 ἀλλοις
1520 795 1581 876 tit

12 881 89 956 reipsa.
129 877 175 937 Διο
197 877 242 935 τθν
269 875 599 958 θπνονάποκροθοιισθαι
622 881 674 937 δεῖν
682 903 760 985 “papst
805 885 851 952 τῆς
872 886 1099 962 καθημερινῆς
1118 884 1339 958 ζωῆςάνοίμνησις
1361 880 1508 958 pstim'
1481 903 1580 958 γινιται

12 965 171 1044 ῇπροθυμίρ
185 969 231 1022 τοῦ
256 963 392 1039 λογισμοῦ.
434 965 559 1034 ’λιέξιται
574 965 645 1027 δέτδ
664 970 759 1045 σῶμα,
805 990 851 1038 τοι
864 973 916 1028 τῶν
929 967 1148 1049 προθιθιοιμένοιν
1163 969 1363 1040 ἀναπολήσιως,
1378 967 1475 1026 aul*
1442 990 1489 1038 της
1512 969 1581 1024 ἀθα-

12 1050 316 1128 ιδκατιισυρομενονδ
265 1051 316 1111 barb
335 1055 381 1122 τῆς
401 1056 447 1109 τοῦ
469 1052 600 1131 δαρθιίνιιν
625 1052 759 1132 ἀνάγκης,
805 1053 894 1120 νασίας
908 1059 982 1132 ήμῶν
997 1054 1173 1126 συναίσθησις.
1218 1055 1300 1114 itate
1301 1052 1487 1130 δθσυμαστέν,
1500 1051 1583 1129 λογί·

12 1139 39 1197 ιδ
49 1138 90 1208 τήν
105 1137 222 1217 σώφρονα
237 1137 349 1209 δίαιταν,
360 1140 393 1196 δι’
404 1137 436 1210 ἣν
449 1139 494 1200 καλ
503 1138 537 1200 als
549 1144 680 1218 ἀναγκαῖα
689 1140 760 1212 παίθη
807 1145 934 1200 σσσθαι
973 1139 1114 1200 ίκαστον
1147 1138 1227 1199 εἰπὼν
1257 1142 1305 1200 οὐκ
1332 1141 1369 1198 let
1395 1140 1528 1216 ἀπήγαγε,
1554 1136 1582 1196 τί

12 1229 81 1303 risui
91 1225 213 1300 λογισμοῦ
227 1223 355 1305 ήγιμονέορ
369 1227 548 1286 συντάττεται.
564 1225 610 1296 Μή
624 1225 761 1305 προσδέ-
807 1226 984 1306 κατώρθωσαι
1002 1226 1028 1286 τί
1051 1249 1096 1300 μοι
1116 1229 1167 1285 τῶν
1192 1227 1301 1286 διθντων
1321 1227 1487 1302 stirpenses,
1511 1224 1580 1283 sttt

12 1309 171 1390 ξασθοιγσίρ
187 1332 251 1390 φησι
271 1309 326 1369 τδν
348 1309 628 1391 θπνον,πρλντῶν
647 1317 760 1392 ήμιρι·
805 1315 841 1382 εἰς
868 1313 897 1372 τθ
926 1314 1083 1394 ἀωρότερον
1121 1315 1169 1386 τήν
1202 1313 1308 1390 μνήμην
1344 1312 1507 1390 μιθήρμοσι,
1529 1314 1580 1370 τών

11 1401 55 1454 isis
76 1395 177 1475 ίργων
199 1395 403 1472 λογίσασθαι
426 1395 577 1458 ίκαστον.
619 1398 672 1458 ilat
690 1398 762 1466 τίςθ
805 1400 998 1478 ἡμαρτημένων
1023 1401 1070 1472 τήν
1098 1402 1182 1479 κρίσιν
1203 1399 1354 1474 ποιούμενος
1377 1397 1423 1458 καί
1450 1397 1574 1468 δικαστήν

11 1481 761 1562 ιογισμόςςπῆπαρίθηνιτίδ’ίριξοιςτίμοιδίον
806 1487 935 1558 ἀπέστησε
968 1488 1012 1547 τδν
1054 1487 1216 1562 δικαιότατον
1254 1485 1310 1562 ἀμα
1338 1485 1382 1544 καί
1412 1482 1580 1555 οἰκειότατον,

11 1567 236 1638 ιθκέτιλίσθη;
261 1572 347 1647 Διχῶς
360 1567 411 1649 γδιρ
426 1569 648 1649 ἁμαρτάνομενῆ
669 1571 761 1648 τδμὴ
806 1572 836 1632 et
857 1573 969 1640 συνιιδδς
996 1571 1135 1645 οὒτό,καδ
1161 1572 1203 1632 τὸν
1226 1572 1300 1650 θρθδν
1323 1571 1408 1647 λόγον,
1431 1571 1478 1630 καί
1504 1569 1582 1630 αὐτὸν

11 1657 71 1713 δέον
82 1655 301 1727 ποιήσαντες,
315 1655 384 1716 etat
398 1664 442 1716 τοῦ
453 1679 496 1714 πο
506 1682 519 1737 ρ
529 1657 542 1716 e'
552 1656 614 1728 θην
630 1659 761 1729 δηλοῦται·
808 1661 909 1738 ἑαυτῷ,
924 1658 952 1716 δν
967 1659 1072 1719 πάντων
1092 1659 1208 1737 μάλιστα
1228 1660 1356 1718 αἰδεῖσθαι
1378 1657 1583 1736 πρσιπιιιθιῦθη·

11 1741 80 1811 labb
86 1740 418 1818 εὀνμήποιήσαντις,
432 1745 516 1810 ώςέπ
530 1747 610 1814 αὐτῆς
620 1753 703 1802 κεῖται
717 1749 762 1816 τίς
808 1768 863 1820 usu·
878 1745 903 1802 τί
916 1749 968 1825 γδιρ
983 1744 1051 1803 οὕτω
1065 1747 1171 1805 δύναται
1190 1767 1234 1804 νου
1235 1749 1341 1816 ιτῆσαι
1356 1745 1432 1810 σίλλος
1443 1744 1534 1814 ιίλλον
1548 1747 1584 1810 ὡς

11 1827 90 1894 laicae.
128 1827 207 1885 Ἄλλο
220 1827 273 1908 γάρ
286 1827 363 1907 ἀργία
377 1851 421 1886 του
405 1830 532 1886 καλοῦ·
526 1830 593 1887 ·καί
608 1829 672 1888 ἄλλο
693 1831 762 1910 ἀνέρ-
808 1831 883 1897 αιίτδς
899 1831 1006 1905 ἐαυτόνς
1021 1833 1059 1892 Tb
1080 1831 1131 1911 γδρ
1151 1830 1370 1900 αὐτεξούσιον,
1338 1853 1371 1906 τη
1391 1829 1570 1908 ἀλευθιρίοι”
1538 1851 1584 1898 της

10 1937 52 1992 ιιι
64 1937 103 1972 του
88 1915 231 1992 αίσγρσυ
275 1915 329 1974 Kal
342 1915 371 1972 τδ
385 1913 431 1990 μὲν
446 1917 648 1996 ἠπαραλιίψει
660 1921 763 1985 κακι
807 1915 905 1998 ρώσιως
919 1921 1114 1996 απογρωμινον,
1125 1917 1275 1977 ἀποσείιται
1286 1915 1332 1982 τὰς
1346 1939 1400 1992 παρ
1402 1913 1482 1972 ἀπών
1497 1915 1583 1972 ἀλλων

10 2024 53 2072 ιαι,
63 2002 322 2080 τδδέτῇπαραδοχῇ.
362 1993 426 2061 Οιον
428 2001 626 2081 ,εὔχεσθαιδιῖ,
638 2025 683 2062 και
672 2003 762 2082 βλα-
808 2003 969 2080 σομθουλιίς,
984 2003 1044 2061 ὅταν
1062 2003 1099 2078 μὴ
1114 2003 1187 2080 έθίλῃ
1203 2002 1402 2061 nullandas-bb
1362 1939 1510 2061 θδδοίκοθι
1499 2025 1524 2056 εν
1539 2003 1584 2059 λο-

10 2087 101 2196 ιρημεῖν
116 2109 143 2143 σο
132 2087 206 2144 ἐδῖ·
221 2087 324 2166 τρίριιν
347 2087 437 2164 γονίας
448 2089 504 2162 δτι
520 2087 722 2166 προπηλακίζειν
736 2088 763 2146 δέ
806 2089 900 2168 γισμδς
913 2091 1093 2157 αὒτθςίαιιτοθ
1106 2089 1258 2148 κατακούειν
1271 2087 1386 2165 ἀνάγκην
1402 2085 1467 2166 ἔχει.
1482 2083 1583 2146 [σθ’τον

10 2175 83 2232 ιθδιῖ.
123 2165 214 2232 ’οουν
229 2171 390 2252 τδπριίτιρα
405 2173 442 2246 μή
456 2110 759 2232 ποιώνρτδιδέοντα’
730 2197 763 2233 ου
807 2176 944 2255 ίπίτρσπον
967 2180 1030 2254 ἡμῖν
1050 2180 1065 2234 δ
1086 2181 1112 2234 θι
1114 2175 1295 2248 δ·ςέπέσιησι
1310 2180 1400 2233 τοῦτον
1415 2171 1583 2250 παιδαγωγὸν

10 2267 92 2331 ποιεῖ,
105 2257 157 2316 itt
173 2257 472 2337 τδδσιίτιραποιιῗιντδ
493 2259 583 2336 μήδι
591 2265 763 2320 ονταποιιῖ·
808 2263 853 2321 καί
870 2263 1035 2322 διδάσκαλον.
1078 2263 1177 2322 Τοῦτον
1202 2260 1298 2320 καθ’
1268 2283 1312 2318 νυν
1336 2260 1462 2332 δικαστήν
1479 2263 1492 2316 δ
1509 2259 1584 2333 λόγος

9 2346 111 2404 alaul’
98 2345 229 2424 αμρίτιρα
245 2345 488 2425 τρόποντινδπρδς
503 2345 551 2418 τήν
567 2346 625 2418 ίσην
645 2369 764 2426 παρανο-
806 2353 858 2408 τῶν
880 2352 1059 2429 ἡμιρινῶν
1083 2348 1193 2430 ἔργων
1216 2349 1343 2421 ποιεῖται,
1361 2347 1406 2405 κοιλ
1427 2348 1490 2424 πορ
1504 2347 1583 2403 αὐτοῦ

9 2429 115 2509 μίανίρχ
116 2453 182 2490 εται.
224 2430 285 2502 Τήν
309 2431 472 2510 δδάναμίτρ
474 2454 533 2503 ησιν
555 2437 607 2491 τῶν
633 2436 762 2512 ἡμιρινιῖιν
804 2434 853 2505 τήν
869 2435 952 2513 κρίσιν
967 2436 1117 2512 ἐκδέχεται,
1126 2432 1158 2492 ἵν’
1172 2435 1247 2500 αθτθς
1261 2433 1350 2493 έαιιτδν
1361 2432 1585 2513 ψηρίσηταιδπο·

9 2519 204 2596 ίργωνπαραινεῖ
218 2523 349 2578 ποιεῖσθαι
363 2517 416 2578 ἀπὸ
435 2519 539 2598 πρώτω
554 2517 612 2586 ἕως
615 2519 763 2578 τελευταίου
808 2521 916 2600 δοχῆςῆ
932 2521 1094 2592 ἀπιπλήξσως
1109 2520 1190 2589 ἀξιον.
1230 2518 1316 2581 Οταν
1327 2520 1393 2599 γαρ
1410 2524 1444 2583 ώι
1457 2523 1483 2578 ts
1497 2541 1584 2596 γραμ·

9 2759 70 2810 nur,
92 2743 174 2797 menti
197 2743 293 2815 legum
309 2742 466 2802 inventrici,
483 2745 619 2799 rationem
636 2742 762 2815 judicem
810 2747 876 2802 dum
889 2765 918 2802 se
930 2747 1026 2803 iecisse
1038 2747 1249 2822 deprehendat,
1264 2746 1295 2801 id
1306 2747 1477 2821 paenitentia
1489 2745 1586 2800 admo·

10 2828 180 2903 adjungentes.
203 2828 283 2901 Quid
303 2830 389 2902 igitur
410 2831 539 2903 praecipit
550 2831 644 2904 legum
664 2832 766 2886 inven-
810 2833 981 2900 nitionibus,
996 2843 1127 2904 tanquam
1143 2831 1293 2906 remediis,
1306 2831 1434 2904 corrigit.
1444 2831 1586 2901 Quocirca

11 2913 73 2967 trial
86 2925 116 2969 ut
139 2933 187 2971 eos
214 2917 388 2970 honoremus
410 2917 459 2988 qui
484 2927 584 2972 natura
608 2918 766 2989 superiores
810 2937 937 2974 somnum
951 2918 1182 2974 considerationis
1199 2916 1284 2988 hujus
1294 2917 1387 2972 studio
1397 2917 1586 2972 amovendum

11 3013 76 3070 ιιιιιι,
103 3003 220 3058 naturali
252 3019 350 3056 eorum
385 3003 485 3058 ordine
509 3003 658 3058 observato
696 3022 702 3056 :
735 3013 767 3058 ιιι
811 3023 868 3060 esse
891 3005 962 3060 dicit
984 3021 1107 3062 carmen.
1132 3003 1167 3058 ld
1189 3014 1282 3058 autem
1308 3021 1412 3078 eorpus
1437 3002 1586 3069 tolerabit,

11 3099 141 3156 parentum
165 3101 193 3144 et
219 3099 409 3162 cognatorum
428 3089 600 3162 praecipuam
614 3089 766 3144 habeamus
814 3092 921 3164 quippe
930 3091 1008 3164 quod
1023 3089 1182 3145 dormiendi
1193 3090 1357 3144 necessitate
1370 3107 1429 3144 uon
1440 3100 1586 3164 urgeatur,

12 3175 131 3230 rationem
159 3195 166 3230 ι
200 3186 235 3230 ιιι
263 3176 372 3249 probos
400 3177 478 3231 viros
506 3177 709 3250 amplectamur
739 3187 767 3230 et
813 3176 851 3232 ob
868 3177 1082 3251 temperantiam
1096 3175 1126 3228 iu
1149 3176 1246 3244 rictu,
1261 3185 1379 3250 propter
1394 3194 1479 3249 quam
1503 3176 1587 3231 etiam

13 3275 119 3316 anemius
153 3281 159 3316 :
187 3274 220 3318 ut
249 3263 393 3335 corporeis
429 3261 607 3319 facultatibus
642 3264 767 3336 impere-
811 3266 961 3320 necessarii
985 3263 1100 3318 aflectus
1115 3263 1232 3318 rationis
1246 3263 1366 3336 imperio
1386 3262 1585 3332 subjiciuntur.

13 3363 63 3400 ntus
83 3363 90 3405 :
106 3359 134 3403 ut
157 3368 209 3404 nos
224 3351 302 3422 ipsos
317 3349 426 3422 ubique
444 3367 593 3404 vereamur
609 3360 674 3428 aut
686 3347 767 3419 justi·
814 3353 888 3406 Dicit
898 3352 987 3418 enim,
1002 3369 1127 3404 sonarum
1136 3354 1259 3422 ueprius
1269 3349 1419 3415 admittas,
1433 3367 1515 3420 quam
1525 3353 1588 3402 sirr-

14 3434 68 3486 tiarn
92 3437 212 3492 colamus
240 3451 249 3490 τ
275 3446 309 3491 ιιι
336 3435 499 3491 divitiarum
526 3438 646 3509 vitaeque
676 3436 768 3491 brevis
810 3439 880 3510 gula
900 3439 1000 3492 diurna
1015 3455 1101 3510 opera
1123 3435 1347 3494 consideraveris.
1368 3436 1500 3505 Quanam
1518 3453 1587 3489 vero

14 3519 201 3579 instabilitatem
219 3524 423 3597 praecognitam
441 3523 613 3578 babeamus
606 3541 613 3555 ·
629 3532 662 3577 ut
673 3533 763 3586 sorte
813 3533 854 3578 est
878 3521 927 3578 illa
954 3521 1163 3578 consideratio?
1177 3521 1240 3592 Qua
1261 3525 1291 3575 in
1316 3538 1347 3574 re
1363 3521 1500 3592 peccari?
1522 3521 1590 3594 quisi

14 3623 84 3677 quam
105 3611 232 3666 divinum
251 3612 334 3666 nobis
346 3610 488 3682 judicium
510 3611 626 3679 tribuit,
643 3612 769 3665 conteuti
813 3605 1128 3682 fecirquidomisipuod
1137 3607 1202 3677 fieri
1210 3603 1588 3660 debebatr’Peccamuseuim

14 3693 104 3750 simus·
117 3697 335 3772 cogitationibus
350 3707 443 3752 autem
456 3700 518 3752 Deo
533 3696 770 3771 dignisimmore-
814 3693 924 3750 duobus
937 3694 1043 3764 modis3
1060 3695 1104 3749 rel
1120 3689 1316 3763 trifacientes
1336 3693 1411 3765 quod
1421 3710 1475 3746 non
1488 3692 1583 3760 decet,

14 3797 76 3855 mur,
87 3785 157 3839 etad
171 3783 199 3840 id
220 3783 303 3858 quod
317 3784 415 3839 melius
429 3794 469 3839 est
484 3793 606 3838 mentem
620 3792 769 3839 converta-
815 3780 1042 3856 quodpeccanda
1052 3781 1138 3837 verbo
1149 3777 1338 3854 significatur
1357 3779 1527 3852 uelidquod
1538 3779 1588 3834 de·

14 3885 88 3926 mus:
102 3883 132 3925 ut
146 3889 291 3927 sermones
312 3887 454 3938 amemus,
471 3871 521 3944 qui
540 3886 606 3924 sere
628 3885 771 3926 sermones
814 3880 857 3922 cet
881 3865 1110 3934 transmeantes,
1142 3862 1415 3964 quemadmodum
1407 3883 1467 3938 ipsa
1492 3883 1588 3920 sersus

14 3965 68 4008 sunt
86 3977 92 4010 :
107 3968 137 4012 ut
150 3977 166 4014 a
179 3957 327 4013 fraudibus
341 3959 394 4012 tuti
408 3958 492 4012 simus
500 3973 570 4010 neve
582 3957 612 4011 in
623 3954 771 4012 retinenda
815 3955 959 4010 locutione
972 3955 1151 4030 exprimitur.
1169 3952 1255 4008 Aliud
1267 3953 1342 4008 enim
1353 3961 1395 4006 est
1405 3948 1534 4026 neglecta
1545 3969 1590 4006 res

16 4043 103 4100 virtute
114 4047 205 4100 animo
229 4045 391 4118 frangamur
406 4059 414 4100 a
432 4053 464 4098 ιιι
475 4052 625 4116 antequam
637 4061 682 4098 res
695 4061 772 4118 gera·
814 4040 929 4096 bonate
940 4081 948 4110 ,
959 4040 1037 4096 aliud
1053 4051 1135 4113 turpe
1148 4039 1255 4094 faeiuus
1272 4039 1461 4094 commissum.
1475 4040 1516 4094 Αο
1527 4056 1590 4111 par·

15 4143 199 4198 mus,rectu1u
214 4132 363 4188 consilium
379 4131 532 4204 capiemus,
546 4129 624 4202 cujus
643 4149 693 4186 nos
707 4141 772 4204 post
816 4127 865 4181 tim
892 4126 1065 4196 omittendo,
1095 4127 1200 4202 partim
1233 4124 1409 4180 admittendo
1441 4134 1588 4197 peccatur.

17 4231 53 4268 res
64 4229 146 4290 gestas
164 4237 224 4273 non
245 4220 380 4291 poeniteat
395 4233 402 4270 ι
420 4227 453 4272 ut
467 4217 632 4290 arrogantiae
645 4229 772 4290 expertes
816 4215 943 4289 Exempli
968 4215 1075 4289 gratia,
1098 4213 1209 4288 precari
1233 4221 1362 4285 oportet,
1389 4212 1475 4286 impie
1496 4223 1588 4266 autem

16 4301 88 4357 simus
100 4317 181 4377 atque
194 4307 283 4360 vitem
304 4305 444 4378 sapientiae
456 4303 551 4358 studio
566 4301 691 4358 deditam
705 4323 772 4378 aga·
816 4311 844 4358 ct
858 4302 1058 4357 contumeliose
1069 4300 1148 4374 loqui
1161 4319 1218 4355 non
1228 4309 1341 4374 oportet
1356 4309 1508 4371 :parentes
1517 4300 1588 4354 alere

17 4405 68 4442 mus
83 4405 90 4442 τ
105 4403 135 4445 ιιι
149 4409 252 4465 corpus
265 4389 389 4464 denique
400 4401 429 4445 et
440 4407 484 4445 res
496 4400 623 4444 externas
636 4389 673 4445 ad
685 4392 771 4445 virtu·
817 4399 947 4464 oportet,
963 4406 1011 4443 eos
1025 4406 1094 4443 vero
1105 4388 1258 4462 ignominia
1271 4383 1382 4442 allicere
1393 4405 1453 4440 nou
1467 4397 1589 4460 oportet.

18 4475 46 4527 tis
56 4479 278 4533 exercitationem
290 4477 542 4533 accommodemus.
559 4477 624 4530 Haec
635 4487 698 4532 sunt
712 4496 773 4550 quoe
816 4478 843 4532 ls
854 4479 950 4550 igitur,
963 4469 1018 4549 qui'
1028 4478 1121 4550 priora
1137 4495 1195 4531 ιιοιι
1208 4475 1291 4543 laoit,
1306 4492 1341 4530 ea
1354 4473 1491 4547 quoefieri
1509 4491 1588 4545 opor·

18 4575 83 4613 mens
97 4563 186 4635 legium
202 4559 342 4618 inventrix
357 4563 457 4618 animis
474 4563 577 4617 nostris
599 4562 775 4619 observanda
818 4574 856 4617 tet
869 4582 927 4617 nou
941 4563 1020 4630 sacit;
1034 4563 1084 4634 qui
1096 4574 1190 4617 autem
1200 4563 1358 4636 posteriore
1372 4560 1452 4627 lacit,
1465 4575 1497 4612 ea
1510 4559 1588 4625 facit,

18 4645 137 4721 injungit3
159 4651 262 4723 quibus
277 4652 349 4706 ratio
365 4650 499 4706 obsecuta
512 4649 602 4721 judex
621 4651 663 4704 sui
676 4651 774 4723 pervi-
817 4669 880 4722 qaoe
892 4649 962 4722 steri
974 4668 1030 4703 αοιι
1044 4661 1151 4722 oportet
1179 4648 1331 4721 :quamvis
1353 4657 1505 4717 utrumque
1519 4663 1590 4716 quo·

18 4733 49 4803 gil
62 4733 106 4808 fir,
128 4738 229 4792 crebro
244 4755 273 4792 sc
294 4739 382 4811 ipsam
404 4739 596 4810 interrogans,
618 4738 681 4807 Qua
704 4742 731 4790 in
745 4756 775 4792 re
819 4735 970 4792 dammodo
983 4735 1019 4791 ad
1033 4737 1167 4809 aequalem
1178 4735 1310 4789 malitiam
1322 4732 1445 4788 accedat.
1455 4733 1592 4786 Hortatur

20 4903 113 4962 butiet
126 4909 226 4966 ordine
237 4911 345 4985 singula
358 4912 495 4966 memoria
506 4921 652 4984 repetens
665 4912 777 4967 virtutis
819 4912 944 4966 nullisin
958 4909 1053 4966 medio
1068 4909 1269 4984 praetermissis,
1285 4905 1384 4962 ordine
1397 4907 1590 4973 remetmmur

20 5007 99 5048 eausa.
122 4999 192 5051 Tum
218 5009 316 5070 postea
342 5000 485 5054 inveniens
514 5017 542 5054 se
569 4999 672 5074 regulis
691 5016 777 5073 supra
820 5015 903 5071 quern
923 4999 1096 5054 intellectum
1108 4995 1286 5069 percurrendi
1299 4993 1468 5048 vocabulum
1494 4990 1590 5046 babet.

19 5079 106 5147 ροιιιιι
118 5096 320 5156 congruenter
326 5085 403 5139 diem
425 5087 599 5159 transegisse,
619 5087 777 5142 dirinaelae·
820 5087 900 5161 Saepe
914 5088 990 5142 euim
1007 5085 1147 5157 judicium
1162 5084 1233 5138 fallit
1248 5080 1355 5136 ordinas
1367 5079 1487 5134 mutatio
1508 5077 1591 5132 facit-

20 5163 79 5218 titia
92 5167 225 5226 fructsbus
235 5189 293 5228 sese
302 5181 431 5228 coronat
448 5169 476 5228 Si
490 5173 559 5247 quad
571 5185 663 5230 autem
677 5174 775 5230 absur·
820 5191 891 5248 que,
904 5184 937 5229 ut
948 5173 979 5229 rd
996 5172 1075 5246 qnod
1091 5173 1161 5227 male
1174 5179 1315 5244 patratum
1329 5178 1383 5241 est,
1399 5167 1464 5240 quia
1487 5183 1592 5220 memo-
