3708 5916
588 425 629 485 tn
652 423 813 486 Allllllllhl
836 423 1008 488 chunuti.
1465 381 1466 384 ί
1544 443 1604 495 roe

15 567 97 630 ,κάδος
113 558 272 636 διαστήματι
287 555 508 635 ἀνακυκλουμένην
521 557 668 638 προχωρεῖν
691 555 771 614 δόνα-
824 556 917 630 δυάδι,
932 555 985 616 άπό
1000 579 1066 624 τινος
1087 557 1137 636 γδιρ
1153 559 1197 618 ἐπί
1210 581 1250 616 τι·
1270 559 1315 618 κοί
1338 561 1424 641 τριάδι
1448 562 1576 643 προσήκει
1591 571 1609 638 ἡ

14 678 48 712 ια,
88 648 183 722 Τῆςδὲ
199 644 603 724 δεχάδοςδόναμιςὴτετράς.
648 642 705 723 Πρὸ
721 643 770 722 γάρ
820 644 1237 724 ίπιφάνεια,στοιχειωδέστατον
1252 645 1302 726 γδιρ
1312 650 1364 705 τῶν
1375 649 1609 728 εὐθυγράμμωνγτθ

13 749 41 813 ,ἧς
55 740 118 800 κατὰ
133 736 243 805 διέξοδον
255 735 417 806 τελειότητος
428 737 474 802 τῆς
488 735 515 790 έν
528 756 561 810 τη
583 731 688 806 δεκάδι,
702 734 771 800 hriu-
818 732 954 812 τρίγωνον.
995 733 1146 813 Τθστερεθν
1158 733 1185 792 δὲ
1198 737 1291 794 οἰκεῖον
1303 740 1336 815 τῇ
1348 737 1497 818 τετράδι.
1512 739 1545 798 'll
1555 739 1608 818 γάρ

13 832 59 900 ιένη
70 853 106 894 τις
116 825 246 896 τελειότης
260 827 286 883 ἐν
307 821 650 904 τῇτετράδιθεωρεῖιιιρ.
694 816 770 877 ilarii
820 821 913 899 πρώτη
928 821 1044 900 πυραμίς
1066 822 1141 900 ίντῇ
1164 822 1296 901 τετράδι
1311 827 1463 903 θεωρεῖται·
1478 829 1607 907 τριγώνου

13 917 45 996 ‚ip
58 915 169 974 σύνθεσιν
183 911 232 983 τήν
247 911 300 971 ἀπὸ
316 911 428 988 μονάδος
439 907 489 973 ἕως
501 907 678 986 τετράδος,
694 905 771 972 δεκδις
820 909 868 983 μὲν
889 910 989 989 βάσεως
1010 907 1195 981 όποτεθείσης,
1214 914 1259 967 τοῦ
1281 909 1354 988 τρία·
1369 916 1483 992 κορυφῆς
1497 913 1525 971 δὲ
1540 915 1608 994 αὐτῇ

13 1006 28 1064 τὸ
38 1012 85 1060 πᾶν
97 1001 226 1081 ἄθροισμα
239 997 349 1076 γίνεται.
392 995 424 1056 A'
436 993 559 1074 γθρ,κα“ι
574 995 610 1073 β’,
621 993 667 1053 καί
679 994 714 1071 γ’,
726 994 771 1053 καὶ
819 997 995 1072 ίπιτεθείσης,
1010 1003 1055 1055 τοῦ
1078 996 1141 1062 ἑνός.
1186 997 1238 1055 Kal
1254 997 1370 1075 κριτικοὶ
1384 999 1412 1057 δδ
1435 1000 1558 1076 δυνάμεις
1578 1003 1606 1060 δν

12 1091 31 1168 ι’,
41 1091 83 1160 τὴν
96 1087 191 1147 δεκάδα
205 1087 312 1164 πληροῖ.
358 1085 409 1145 Καὶ
420 1083 475 1142 ἔστι
486 1083 598 1160 μεσότης
609 1079 772 1162 άριθμητιιιλ
818 1086 870 1151 τοῖς
880 1077 938 1145 odei
946 1086 1086 1164 τέσσαρες,
1098 1090 1174 1161 νοῦς,
1187 1086 1338 1162 ἐπιστήμη,
1349 1085 1410 1156 δόξα
1421 1087 1467 1146 καί
1478 1087 1607 1158 αίσθησις.

12 1181 98 1244 inridet
121 1177 165 1235 καί
191 1173 336 1250 ἑόδομάδος
357 1177 374 1243 ἡ
399 1171 526 1249 τετράς.
570 1173 618 1250 Τῷ
648 1167 697 1248 ἴσῳ
720 1170 771 1248 γὰρ
818 1173 1007 1252 Κρίνεταιγδιρ
1028 1171 1114 1232 πάντα
1138 1171 1172 1230 τά
1195 1171 1258 1230 όντα
1278 1171 1364 1252 ἥνῷ,
1386 1172 1605 1253 ἢέπιστήμῃ,ή

12 1270 90 1348 ἰριθμῷ
112 1289 164 1331 πιυς
191 1261 330 1342 ὑπερέχει,
353 1260 398 1320 καλ
423 1259 596 1339 ὑπερέχεται,
612 1257 698 1336 τριάδι
724 1255 772 1333 μὲν
818 1259 1068 1340 δόξη,ἢοῖσθήσει.
1113 1259 1166 1320 ilat
1182 1259 1287 1336 ἅπλῶς,
1302 1259 1606 1332 τδιόνταπάνταήτε·

12 1355 129 1432 ‘ttondit‘
138 1351 295 1428 λειπομένη,
310 1349 396 1428 τριάδι
406 1348 433 1406 δὲ
446 1347 546 1425 μονάδα
556 1343 769 1424 θπερόάλλοοσα.
817 1349 898 1427 eph<
909 1348 1064 1420 ἀνεδήσατο,
1075 1345 1210 1426 στοιχείων
1223 1347 1343 1427 ἀριθμόν,
1355 1351 1429 1426 ὡρῶν
1440 1353 1485 1408 τοῦ
1497 1346 1511 1404 έ
1516 1369 1605 1425 τους,

11 1442 109 1508 λισσάδος
126 1439 175 1518 γάρ
191 1440 237 1496 καί
262 1435 407 1512 θόδομάδος
432 1435 465 1493 τὰ
488 1433 620 1508 ἰδιώματα
641 1431 771 1490 κάλλιστά
817 1436 936 1510 ἡλικιῶν,
961 1437 1147 1509 συνοικιομῶν.
1192 1433 1245 1492 liat
1269 1435 1318 1494 οὐκ
1332 1433 1402 1492 ἔστιν
1422 1435 1544 1508 είπεῖν,δ
1567 1433 1605 1512 μὴ

11 1527 214 1608 iatralipten.
244 1524 279 1586 ‘ll
295 1522 411 1603 μένγδιρ
435 1517 773 1600 μονάς,ώςάρχὴποντί)ς
818 1527 864 1594 τῆς
889 1521 1108 1602 τετρακτύος,
1131 1523 1166 1589 ὡς
1190 1523 1260 1604 ῥίζης
1285 1522 1330 1581 καλ
1355 1525 1455 1601 ἀρχῆς,
1480 1522 1604 1603 ἤρτηται.

11 1619 99 1694 ἰριθμοῦ
109 1659 117 1685 ,
129 1614 175 1679 τάς
188 1613 296 1673 πάντων
310 1611 432 1687 δυνάμεις
446 1611 471 1667 έν
484 1611 565 1686 ἑαυτῇ
577 1605 695 1686 συνέχει·
709 1609 726 1675 ἡ
743 1603 770 1663 δὲ
817 1607 897 1670 Ἐστι
908 1609 977 1688 γάρ,
988 1613 1024 1676 ὡς
1038 1607 1149 1688 ἔρομεν,
1166 1610 1321 1689 δημιουργὸς
1336 1615 1388 1669 τῶν
1400 1608 1468 1668 ὅλων
1478 1610 1523 1669 καί
1535 1609 1605 1670 αίτία

11 1705 116 1782 ξςδημάς,
130 1706 164 1770 ὡς
177 1701 291 1782 ἀμήτωρ
304 1701 350 1760 καλ
371 1699 512 1778 παρθένος,
526 1693 573 1766 τήν
592 1699 639 1765 τῆς
661 1692 772 1770 μονάδος
818 1703 834 1770 ἡ
859 1697 995 1776 τετράς,
1016 1697 1071 1763 θεὸς
1090 1699 1196 1772 νοητός,
1213 1697 1293 1765 οίτιος
1307 1705 1353 1757 τοῦ
1368 1698 1487 1777 οὐρανίου
1501 1699 1546 1756 καλ
1561 1701 1606 1758 al·

10 1793 67 1860 iiiii
80 1790 198 1870 δευτέρως
213 1789 281 1868 ἔχει.
325 1787 396 1849 Οὔτε
410 1786 461 1866 γθρ
484 1792 607 1863 γεννᾶται
621 1781 646 1850 ἐξ
662 1783 772 1862 ἀριθμοῦ
818 1789 915 1856 σθητοῦ
937 1789 1005 1846 θεοῦ.
1049 1785 1284 1862 Ποροδέδοται
1305 1785 1331 1843 δέ
1355 1789 1371 1856 ἡ
1397 1785 1489 1844 τούτου
1544 1788 1607 1853 ῶσις

10 1905 61 1946 τινος
80 1883 127 1938 τῶν
141 1878 211 1946 hel<
226 1875 347 1943 δεκάδος·
362 1879 426 1942 oet
443 1873 475 1946 δ,
488 1874 518 1932 ἐκ
531 1875 578 1930 τοῦ
593 1871 631 1939 δίς
647 1869 682 1947 β’,
699 1868 772 1928 καίθ
817 1871 871 1931 τοῖς
887 1861 1072 1942 Πυθαγορείοις
1096 1863 1129 1920 δι’
1152 1864 1231 1922 αὐτοῦ
1256 1870 1302 1922 τοῦ
1328 1809 1543 1944 Πυθαγόρου,θίι
1558 1864 1606 1924 καί

10 1967 30 2032 ἓξ
40 1971 65 2024 ἐκ
77 1974 117 2026 τοῦ
130 1965 166 2030 δὶς
179 1965 216 2044 γ’,
228 1963 276 2023 κοί
286 1967 301 2022 θ
311 1963 338 2035 η’
351 1965 381 2022 ἐκ
394 1969 440 2023 τοῦ
454 1960 492 2028 δὶς
507 1957 539 2033 δ,
554 1957 599 2018 καλ
614 1961 628 2016 δ
643 1956 666 2016 θ’
679 1958 708 2014 ἐκ
722 1961 769 2013 τοῦ
817 1959 861 2012 νῦν
876 1949 1021 2025 ἐπόμνυται
1035 1955 1049 2008 ό
1065 1953 1114 2008 τῶν
1137 1951 1228 2010 Ἐπιῗνν
1251 1950 1349 2010 τοότων
1372 1951 1551 2032 συγγραφεύς,
1564 1952 1605 2012 ότι
1681 2009 1688 2022 ,

10 2053 53 2134 τρίς
64 2053 96 2130 γ’,
110 2053 181 2112 καλό
198 2049 215 2110 ι’
229 2053 262 2110 ἐκ
275 2055 321 2110 τοῦ
334 2049 370 2118 δίς
386 2049 416 2111 ε’.
458 2046 527 2109 Οὔτε
541 2055 618 2127 γεννᾷ
640 2065 698 2102 τινα
718 2047 770 2102 τῶν
817 2042 863 2110 τῆς
874 2041 996 2117 άρετῆςή
1011 2036 1143 2106 τελείωσις
1153 2037 1217 2115 πρὸς
1226 2037 1274 2109 τήν
1285 2043 1332 2109 τῆς
1342 2039 1464 2110 ἀληθείας
1474 2039 1605 2119 ίλλαμψιν

9 2141 64 2207 lui<
77 2139 189 2206 δεκάδος·
204 2141 240 2206 ὣς
256 2143 269 2196 θ
284 2137 328 2198 διίο
348 2137 392 2195 τδν
413 2135 543 2212 τέσσαρα,
558 2134 602 2192 καλ
616 2136 630 2191 θ
650 2131 674 2210 γ’
686 2132 730 2190 τὸν
744 2129 771 2201 ἓξ
817 2130 887 2202 ἡμᾶς
902 2124 1001 2193 θνᾶξῑῑ·
1043 2121 1131 2183 Ὥστε
1145 2124 1191 2184 καί
1202 2126 1272 2184 κατὰ
1283 2131 1360 2185 τοῦτο
1371 2125 1441 2186 ῑίπθῑ
1451 2127 1483 2186 ἄν
1496 2151 1535 2195 rt<
1546 2127 1603 2210 ἶδίᾳ

9 2229 43 2288 καί
52 2227 89 2286 τόν
101 2227 134 2300 θ’,
148 2227 193 2284 καί
206 2230 220 2286 ό
233 2225 255 2285 ε’
269 2223 314 2283 τόν
329 2224 355 2285 ι’.
397 2225 454 2294 Τῆς
464 2219 491 2280 θλ
505 2220 645 2301 όγεννήτου
660 2221 770 2298 μονάδος
817 2213 866 2290 μὲν
888 2217 1024 2291 τηρεῖσθαι
1047 2212 1078 2272 ri
1092 2211 1177 2273 Σέόου
1194 2213 1269 2293 θ’ριιον
1294 2195 1340 2272 ἐπί
1353 2218 1404 2274 τῶν
1419 2215 1461 2273 ἀεὶ
1476 2215 1602 2284 ὡσαύτως

9 2315 43 2372 iai
52 2302 93 2384 τῆξ
105 2313 232 2391 ἀμήτσρος
248 2311 422 2389 ἑόδομάδοςή
436 2308 559 2389 τετρδς
571 2307 640 2384 μέση
651 2309 771 2385 κειμένη,
817 2301 928 2380 ἐχόντων
942 2304 1017 2360 θεῶν·
1029 2299 1085 2381 ίδίιρ
1098 2299 1126 2358 δὲ
1140 2306 1186 2359 νῦν
1207 2301 1335 2376 όμνυσθαι
1350 2302 1423 2361 κατὰ·
1434 2308 1477 2362 τοῦ
1502 2327 1547 2362 πα
1557 2328 1603 2385 ρα-

9 2402 44 2468 τίς
55 2407 100 2460 τῶν
111 2405 260 2478 γεννώντων
273 2401 317 2459 καὶ
332 2397 501 2477 γεννωμένων
517 2395 638 2474 δυνάμεις
654 2394 710 2472 ἅμα
726 2395 772 2454 καί
817 2390 831 2445 δ
839 2388 928 2455 ὄντος
941 2391 1005 2464 hall
1019 2389 1069 2460 ‘hl
1082 2401 1181 2468 '²⁸29‘
1190 2389 1267 2448 ”illl
1282 2390 1453 2463 δῑδθσῑᾶλθυν
1470 2390 1557 2458 θὶθῦκ
1571 2384 1600 2464 θ*

9 2489 124 2570 Μείηηρ,
147 2488 191 2548 καὶ
214 2487 334 2567 συνέχει,
356 2486 423 2562 μόνη
438 2491 491 2545 τῶν
513 2484 584 2553 ἐντός
606 2482 712 2550 δεκάδος
726 2482 772 2542 aul
816 2480 867 2536 τῶν
885 2476 1019 2536 άθονάτων
1033 2479 1109 2550 θεῶν,
1120 2475 1179 2536 otti
1194 2482 1246 2536 τῶν
1261 2477 1336 2558 φύσει
1358 2479 1463 2556 ἡρώων,
1480 2481 1538 2538 ἀλλ’
1553 2480 1605 2538 ἄν·

8 2577 136 2654 ,Μωμξνη
150 2575 200 2634 ὑπό
214 2599 284 2640 τινος
300 2577 409 2653 ἀριθμοῦ
419 2617 426 2644 ‚
438 2571 482 2630 χαὶ
495 2571 614 2649 γεννῶσά
626 2593 693 2633 τινα.
736 2569 771 2631 Ἡ
817 2570 918 2642 θρωπος
933 2561 1056 2638 ὁμοιώσει
1080 2569 1138 2623 θεοῦ
1161 2563 1317 2640 κοσμηθείς,
1331 2565 1375 2622 καλ
1396 2565 1460 2645 πρός
1473 2565 1532 2632 τοθς
1557 2566 1602 2646 ἄρ’

9 2665 50 2742 γὰρ
68 2663 124 2728 διελς
137 2661 232 2734 ἑαυτήν
248 2660 445 2719 διπλασιάσασα
459 2657 506 2730 τήν
523 2656 661 2736 τετράδα
675 2667 769 2738 γεννᾷ·
817 2655 909 2709 ἑαυτοῦ
923 2650 993 2709 θείαν
1016 2649 1159 2719 tinent-'rior
1182 2652 1280 2710 εἰκόνα.
1322 2649 1405 2711 Ὅθεν
1428 2651 1474 2710 καί
1498 2651 1604 2732 ἔνορκον

9 2750 175 2830 ᾒόὲῃςρλς
189 2749 228 2817 δὶς
244 2745 374 2827 γενομένη
395 2746 439 2804 τὸν
456 2743 525 2804 dario
539 2746 673 2804 ἀποπλεῖ.
717 2744 772 2803 Καὶ
818 2738 895 2798 αὐτόν
923 2738 967 2796 inl
990 2742 1041 2796 τῶν
1067 2737 1135 2797 οὕτω
1160 2739 1283 2815 μεγάλων
1304 2747 1434 2812 ποιεῖται,
1458 2742 1603 2814 λεληθότως

11 2843 97 2919 ,κριοῦ
110 2837 197 2916 πρόῃ-,γ
211 2835 328 2915 ἔμφασις
342 2837 369 2892 ἐν
384 2839 417 2910 τῇ
436 2831 541 2912 τετράδι
555 2833 712 2911 εὑρίσκεται.
731 2829 771 2891 Τό
817 2827 991 2904 έπεμόάλλων
1002 2827 1032 2885 τὸ
1045 2825 1106 2904 περί
1121 2825 1279 2906 Πυθαγόραν
1293 2831 1345 2887 τῶν
1360 2830 1496 2907 ἀκροατῶν
1512 2828 1602 2900 sidae,

10 2925 51 3006 γάρ
71 2929 170 3002 σημεῖον
192 2922 323 3002 ἀνάλογόν
348 2923 404 2980 ἐστι
429 2920 540 2998 μονάδι,
565 2924 581 2991 ἡ
605 2919 632 2978 δὲ
659 2917 771 2997 γραμμὴ
817 2917 862 2976 καὶ
875 2916 923 2988 τήν
939 2915 1011 2983 άξίον
1024 2917 1103 2975 αὐτοῦ
1117 2914 1218 2981 δεικνθς
1234 2916 1267 2973 δι’
1282 2906 1502 2996 ώνπαραδέδωκι
1517 2921 1601 2994 μαθη-

12 3122 131 3176 senarium
143 3131 169 3176 et
178 3120 386 3188 novenarium,
401 3127 430 3172 et
446 3117 594 3190 quinarius
611 3115 767 3170 denarium:
818 3130 902 3185 quam
923 3119 1032 3185 potest,
1054 3109 1134 3184 quod
1155 3129 1213 3165 non
1234 3127 1250 3165 e
1268 3115 1446 3184 quaternario
1471 3129 1601 3182 nantem,

12 3210 186 3282 Quaternarius
197 3225 267 3262 vero
280 3223 413 3261 numerus
427 3223 515 3279 quum
530 3203 639 3258 medius
648 3203 685 3257 sit
698 3203 772 3256 inter
817 3209 953 3272 tanquam
975 3198 1071 3254 radice
1089 3208 1118 3254 ct
1130 3198 1288 3272 principio,
1308 3197 1442 3271 pendeat.
1457 3199 1506 3252 Est
1525 3198 1603 3254 enim

14 3296 129 3350 unitatem
144 3295 220 3350 ornis
247 3303 393 3368 expertem
414 3311 446 3348 ac
470 3291 661 3366 septenarium
681 3298 771 3342 matre
815 3289 1011 3358 quaternarius
1024 3304 1170 3356 rzunrerus,
1189 3287 1231 3340 uti
1250 3285 1387 3354 diximus,
1411 3285 1603 3342 universitatis

14 3393 148 3451 carentem,
163 3400 265 3437 eurum
286 3390 455 3454 potestates,
472 3380 522 3453 qui
542 3381 661 3452 gignunt
681 3386 709 3431 et
726 3377 768 3450 gi·
816 3372 911 3446 opifex
922 3382 950 3427 et
964 3391 1065 3446 causa,
1079 3370 1156 3428 Deris
1167 3371 1365 3446 intelligibilis,
1382 3373 1501 3428 coelestis
1514 3373 1600 3428 sensi·

13 3481 125 3542 gnunmr,
138 3469 217 3524 simul
233 3465 452 3540 comprehendit
466 3476 493 3520 et
506 3466 648 3533 continet,
661 3463 769 3536 quippe
817 3460 938 3534 bilisque
950 3461 1002 3515 Dei
1021 3471 1129 3518 auctor.
1146 3459 1237 3530 liujus
1250 3471 1344 3515 autern
1355 3461 1480 3534 cognitio
1497 3461 1600 3517 tradita

13 3557 125 3627 quisolus
135 3575 167 3611 cx
177 3557 210 3610 iis
226 3556 277 3628 qui
285 3551 392 3608 decade
405 3553 588 3606 continentur
601 3560 628 3604 et
638 3551 770 3624 gignatur
817 3559 858 3603 est
872 3548 1054 3622 Pythagoreis
1067 3566 1119 3622 per
1128 3545 1320 3622 Pythagoram
1331 3548 1422 3622 ipsum
1431 3588 1439 3617 ‚
1449 3567 1503 3622 per
1512 3566 1598 3622 quem

15 3643 44 3695 ab
64 3645 148 3716 aliquo
168 3657 290 3696 numero
314 3649 342 3694 et
364 3640 489 3711 aliquem
513 3638 618 3710 gignat
644 3635 771 3690 Binarius
816 3635 920 3690 horum
937 3653 1067 3690 versuum
1099 3637 1223 3710 scriptor
1247 3654 1322 3691 nunc
1340 3633 1439 3706 jurans
1463 3633 1617 3714 affirmat,¹

15 3731 74 3784 enim
91 3748 216 3786 numerus
235 3747 265 3784 se
285 3727 433 3802 duplicans
454 3725 530 3800 parit
543 3728 767 3798 quaternarium,
815 3725 926 3778 virtutis
937 3723 1144 3798 perfectionem
1164 3725 1201 3780 ad
1216 3725 1341 3779 ueritatis
1352 3724 1533 3797 splendorem
1545 3745 1597 3783 nos

15 3819 170 3872 octonarium
191 3835 263 3873 vero
279 3816 436 3888 duplicatus
454 3815 659 3886 quaternarius.
677 3810 770 3864 Prima
814 3828 871 3866 esse
882 3810 1095 3884 perducturam.
1111 3811 1303 3884 Quamobrem
1318 3813 1388 3866 etin
1404 3812 1456 3868 hac
1467 3832 1498 3870 re
1513 3814 1597 3870 dixe-

16 3916 92 3958 autem
105 3903 189 3960 solida
202 3902 294 3978 figura
307 3903 335 3956 in
350 3900 531 3974 quaternario
546 3915 665 3953 numero
684 3914 769 3970 repe·
815 3897 852 3950 rit
866 3898 983 3972 aliquis,
999 3899 1082 3969 illud,
1110 3901 1169 3954 cole
1181 3901 1395 3970 jusjurandum,
1410 3902 1527 3974 proprie
1541 3901 1597 3956 ob-

14 3991 81 4046 ritur.
96 3989 230 4046 Punctum
243 3991 319 4045 enim
334 3988 483 4062 respondet
495 3987 607 4055 unitati,
617 3985 689 4038 linea
703 4001 768 4038 vero
814 3986 919 4040 serrari
939 3985 1022 4042 ducta
1041 3986 1161 4042 deorum
1182 3988 1293 4041 ratione
1305 3986 1355 4059 qui
1373 3987 1475 4043 eodem
1488 4007 1601 4064 semper

14 4075 107 4132 binario
120 4096 255 4146 numero,
279 4075 420 4150 siquidem
436 4084 477 4129 est
491 4073 527 4128 ab
547 4072 643 4144 aliquo
658 4070 696 4126 ad
718 4071 769 4124 ali·
814 4070 902 4128 modo
923 4091 952 4129 se
966 4074 1088 4144 habent3
1103 4075 1220 4148 proprie
1234 4085 1330 4129 autem
1347 4073 1438 4144 jurari
1453 4075 1508 4130 hoc
1529 4076 1597 4132 loco

15 4163 86 4234 quid;
102 4165 219 4219 ternario
246 4173 340 4218 autem
358 4159 519 4236 superficies
538 4159 687 4226 convenit3
703 4175 770 4212 nam
814 4177 868 4232 per
881 4161 1045 4235 magistrum
1062 4164 1112 4234 qui
1126 4166 1334 4236 quaternarium
1350 4181 1501 4218 numerum
1515 4163 1598 4218 uobis

14 4267 96 4304 corum
107 4270 165 4324 quae
181 4251 266 4306 rectis
281 4250 360 4304 lineis
373 4259 502 4304 constant
515 4248 639 4320 primum
651 4254 679 4300 et
699 4246 769 4299 sim·
815 4249 950 4322 tradidit,
967 4249 1016 4322 qui
1031 4267 1083 4304 nec
1098 4249 1168 4304 deus
1187 4249 1355 4304 immortalis
1372 4258 1448 4318 erat,
1467 4267 1520 4304 nec
1542 4268 1596 4304 na.

14 4336 171 4406 plicissimum
183 4338 356 4412 triangulum
368 4347 420 4394 est.
433 4333 562 4390 Solidum
577 4352 646 4387 vero
655 4345 768 4406 quater·
817 4349 880 4394 tura
890 4337 989 4406 heros,
1003 4335 1052 4391 sed
1070 4337 1159 4391 homo
1172 4337 1225 4392 Dei
1240 4335 1422 4392 similitudine
1437 4347 1554 4393 ornatus
1570 4348 1598 4393 et

15 4429 81 4478 uario
90 4443 203 4480 numero
214 4425 366 4500 proprium
381 4433 432 4479 est.
448 4423 540 4477 Prima
552 4421 626 4476 enim
644 4421 769 4493 pyramis
815 4423 918 4481 divinae
931 4425 1060 4498 imaginis
1072 4425 1269 4480 auctoritatem
1285 4424 1362 4499 apud
1371 4434 1523 4479 sectatores
1532 4443 1598 4480 ευοε

14 4508 38 4561 in
48 4514 213 4582 quaternario
223 4529 347 4566 numero
356 4509 495 4577 cernitur3
510 4509 556 4564 cui
567 4508 710 4580 supposita
720 4507 769 4562 ba·
815 4512 954 4569 obtinens.
971 4511 1057 4568 Unde
1078 4524 1107 4567 et
1131 4514 1162 4566 in
1183 4515 1253 4568 tanti
1278 4514 1415 4568 momenti
1440 4512 1525 4570 rebus
1545 4529 1609 4590 per¹

13 4595 42 4648 εῖν
52 4598 177 4670 triquetra
186 4597 300 4654 exhibet
312 4597 380 4663 tria,
393 4605 491 4651 uertex
503 4613 572 4650 vero
585 4595 609 4648 ei
622 4595 771 4668 impositus
814 4619 880 4656 eum
890 4599 985 4671 jurat,
1002 4601 1085 4656 tacite
1097 4599 1257 4674 significans
1270 4600 1434 4656 auditorum
1448 4600 1478 4655 in
1492 4601 1596 4673 Pytha.

15 4699 96 4738 unum.
111 4687 178 4742 Sunt
191 4687 275 4742 etiam
296 4687 325 4740 in
339 4703 435 4740 rerunt
446 4695 547 4738 natura
559 4681 708 4753 judicandi
729 4682 767 4737 sa·
814 4685 911 4763 goram
932 4687 1145 4743 observantiam
1158 4699 1351 4762 quantamque
1366 4687 1532 4762 dignitatem
1543 4697 1597 4744 tra,

15 4771 113 4829 nitate
122 4770 609 4848 quatuorrmens,scientia,opini0
624 4779 765 4825 etsensus·
815 4775 879 4830 ditis
911 4772 1070 4849 disciplinis
1104 4774 1220 4852 adeptus
1242 4777 1278 4830 sit
1304 4774 1464 4831 ostendens.
1488 4775 1596 4830 Rerum

15 4857 72 4914 llam
85 4859 118 4916 de
129 4861 211 4918 rebus
224 4861 357 4916 omnibus
366 4858 528 4932 judicamus
542 4858 588 4914 uel
601 4866 710 4931 mente,
725 4858 770 4912 vel
813 4873 908 4918 autem
923 4862 1091 4918 traditarum
1113 4864 1343 4920 excellentissima
1364 4872 1406 4918 cst
1425 4862 1472 4917 illa
1485 4861 1596 4936 quateri-

14 4945 133 5019 scienfia,
152 4951 198 5006 vel
229 4949 382 5024 opinione,
397 4945 459 5003 'vel
494 4965 586 5004 sensu.
620 4950 714 5021 Atque
740 4949 770 5002 in
813 4954 888 5004 narii
898 4955 1007 5006 numeri
1020 4951 1148 5006 omnium
1157 4953 1281 5025 parentis
1291 4951 1424 5026 cognitio.
1434 4947 1491 5006 Sed
1507 4968 1596 5023 quum

15 5049 106 5090 summa
130 5043 318 5109 quatemarius
341 5054 469 5092 numerus
495 5053 591 5091 omues
620 5035 702 5091 simul
727 5054 771 5092 res
815 5040 905 5113 prima
921 5041 968 5096 illa
981 5040 1108 5095 breviter
1121 5040 1261 5113 explicatu
1275 5038 1482 5108 sint‚secunda
1500 5049 1596 5095 autem

16 5123 202 5194 complectitur,
217 5143 366 5181 numerum
380 5125 601 5193 elementorum,
614 5125 679 5178 anni
698 5134 768 5180 tem·
813 5129 999 5201 promissione
1015 5139 1136 5184 certaret
1153 5145 1201 5201 spe
1218 5125 1333 5181 minime
1347 5124 1441 5182 fallaci
1451 5126 1603 5196 nitentum-

15 5223 118 5278 ponuu,
145 5222 270 5283 etatum,
290 5213 466 5269 societatum.
481 5211 580 5284 Neque
603 5209 658 5267 dici
682 5211 769 5285 quid·
813 5225 842 5269 et
864 5219 1035 5288 quaternarii
1056 5219 1165 5269 πονιιενι·
1187 5212 1377 5286 hierophanta
1398 5222 1482 5268 notus
1504 5214 1596 5289 sit‚et

105 5327 184 5366 nm.
201 5329 273 5368 GUAEG·
1461 5317 1490 5358 50
