3838 5926
259 435 299 486 rs
907 409 1217 476 commutamus

258 553 449 632 velutOdyss.
460 551 513 613 lib.
523 547 755 629 ΧΙ,573,γερσἰν
768 549 836 627 ἔχων
846 544 958 621 ῥόπαλον
968 571 1037 626 παγ-
1084 548 1156 606 sint.
1173 545 1319 616 Quocirca
1342 543 1526 602 llermannus
1551 543 1582 601 in
1606 541 1769 601 Aristotelis
1791 539 1876 602 libro

255 643 387 724 γάλκεον,
407 641 462 700 αἰὲν
475 640 572 718 ἀαγές,
586 641 632 697 vel
647 638 733 697 iliad.
750 636 804 696 lib.
820 635 867 708 Vl,
887 639 957 711 344,
976 637 1039 715 δᾶερ
1084 635 1177 693 scribi
1188 633 1296 710 jussit:
1311 630 1381 711 ζωρά
1392 654 1421 689 τε
1436 630 1497 710 πρὶν
1512 629 1640 710 κε’κρητο,
1650 631 1701 688 alii
1712 629 1784 709 ζωρά
1800 653 1832 688 τε
1842 629 1877 688 τὰ

258 709 349 808 iptio,
363 728 438 796 κυνὸς
453 729 659 807 κακομηχάνου,
676 721 834 802 ὀκρυοάσσης
842 768 851 797 ,
879 722 930 781 ubi
954 742 1040 781 nemo
1086 723 1147 802 πρὶν
1159 723 1282 800 κέκρατο.
1294 719 1399 778 Verum
1412 721 1450 779 iis
1463 719 1672 778 mutationibus
1687 718 1761 777 nibil
1779 719 1876 796 proii-

257 820 303 879 καὶ
319 832 384 878 ante
398 816 453 876 silv
463 814 543 894 ἀαγές
558 815 603 874 vel
617 827 683 872 ante
696 811 858 890 disperire-u<
871 810 1015 870 desiderat
1031 829 1038 870 τ
1085 813 1188 872 cimus.
1207 809 1299 868 Immo
1318 807 1557 886 acquiescendum
1571 807 1751 865 arbitramur
1766 808 1803 866 in
1822 825 1876 866 se-

257 909 302 967 sic
314 905 484 985 Empedocli
506 903 614 962 similis
631 901 752 960 licentia
772 899 957 958 concedenda
982 911 1035 958 est.
1087 911 1180 956 terum
1193 897 1307 974 judicio
1319 898 1371 974 qui
1386 896 1463 954 hanc
1476 896 1561 954 vocis
1577 907 1747 973 potestatem
1764 893 1877 973 Empe·

259 995 360 1074 ltaque
373 1013 438 1052 cum
449 992 620 1062 Brandisio‚
635 989 800 1063 Karstenio,
815 987 1039 1046 Pauzerbietero
1086 987 1162 1046 docli
1174 985 1370 1045 vindicarunt.

258 1083 494 1142 membranarum
514 1079 697 1157 quarundam
721 1077 872 1134 lectionem
890 1076 1041 1135 revocavi.
1126 1073 1190 1134 Vss.
1207 1073 1348 1141 aot-205.
1361 1073 1414 1130 τῶν
1430 1070 1458 1130 δι’
1474 1067 1663 1152 ττ-ῖδύσθαι]
1675 1071 1734 1130 Pro
1746 1070 1878 1150 παντοίῃς

260 1169 387 1248 l‘eyroni
409 1178 602 1226 commentum
621 1184 629 1224 τ
645 1164 780 1243 ἠπιόφρον
803 1161 910 1243 φιλότης
930 1165 1044 1243 ἀμφαμ-
1090 1161 1156 1221 ald.
1174 1164 1322 1226 παντοίαις.
1342 1158 1436 1218 Verba
1448 1165 1536 1237 θαῦμα
1547 1157 1646 1217 ἰδέσθαι
1656 1159 1830 1218 reseruntur
1844 1161 1879 1217 ad

260 1261 326 1338 φῶσ’
341 1255 471 1335 ύμύροτος
481 1257 564 1334 ὁρμῇ,
576 1272 635 1330 qno
646 1253 810 1333 ἀμφαμφῶσ’
823 1271 878 1330 pro
888 1251 1043 1310 Homerico
1057 1267 1062 1275 ·
1090 1263 1219 1309 monstra
1234 1251 1345 1328 βουγινῆ
1354 1249 1526 1329 ἀνδρόπρωρα
1538 1251 1597 1306 κτλ.
1618 1267 1745 1324 quorum
1760 1247 1877 1305 mentio

262 1343 430 1424 ἀμφαφόωσα
441 1343 596 1420 accipitur,
616 1341 685 1398 nolo
700 1339 835 1398 refutare.
859 1337 931 1396 Nam
943 1339 968 1398 si
978 1359 1045 1418 per·
1091 1340 1124 1395 lit
1135 1357 1181 1398 vs.
1198 1339 1255 1405 314
1267 1356 1347 1415 seqq.
1361 1337 1504 1394 Caetcrum
1521 1334 1706 1414 Empedoclis
1719 1335 1756 1394 de
1772 1334 1880 1392 mundi

262 1432 404 1510 spexisset
419 1432 604 1506 sententiam,
619 1427 725 1487 abhoc
739 1425 917 1487 emendandi
939 1439 1044 1486 conatu
1091 1438 1158 1484 ortu
1184 1425 1323 1504 placitum
1359 1425 1479 1502 respicit
1506 1421 1626 1482 'frenes
1654 1442 1700 1500 ap.
1728 1423 1878 1498 Matrang.

227 1577 230 1582 ,
261 1517 460 1576 abstinuisset.
1094 1512 1342 1593 Anecd.t.'lpag.
1360 1533 1395 1570 10
1410 1531 1492 1590 σεεμ

302 1603 350 1662 Vs.
371 1603 519 1664 aua-203.
541 1592 607 1682 αἶψα
630 1600 658 1660 δὲ
681 1599 752 1672 θνήτ’
775 1600 882 1681 ἐφύοντο
906 1602 986 1681 κτλ]
1008 1602 1045 1661 lli

264 1710 367 1751 versus
380 1692 412 1749 in
433 1710 497 1749 eam
511 1688 683 1750 sententiam
699 1689 803 1766 scripti
818 1702 904 1761 sunt,
927 1703 959 1746 ut
982 1707 1057 1768 qua

268 1799 343 1858 pura
355 1779 438 1857 prius
451 1791 480 1836 ct
491 1779 604 1852 integra
618 1777 731 1836 fuerant
743 1776 883 1835 elementa
895 1775 1047 1853 postmodo

264 1875 354 1929 mixta
365 1869 515 1943 variisque
527 1865 621 1923 modis
635 1865 712 1922 inter
726 1883 757 1922 se
768 1863 891 1922 conflata
901 1881 963 1922 esse
972 1863 1049 1922 ‹lice-

264 1971 376 2015 rentur.
389 1956 454 2025 Quo
471 1955 545 2012 iacto
563 1951 752 2030 Empedocles
766 1951 866 2011 statuit
878 1970 914 2009 ex
928 1950 1048 2008 immor·

264 2043 372 2102 talibus
386 2043 498 2100 naturis
513 2041 648 2098 mortalia
662 2057 759 2098 rerum
775 2057 880 2116 genera
891 2039 1046 2100 exstitisse.

266 2131 365 2188 Lectio
377 2131 482 2188 horum
498 2147 635 2186 versuum
650 2128 703 2204 qui
715 2147 732 2185 a
746 2126 881 2206 pluribus
896 2127 1050 2186 laudantur
1132 2129 1195 2190 Vss.
1209 2130 1353 2187 aod-aro.
1364 2125 1400 2190 Ἦ
1410 2125 1437 2186 δὲ
1449 2125 1519 2206 χθὼν
1530 2124 1812 2209 τούτοισιν-σαρκός]
1823 2147 1881 2186 ser-

264 2218 459 2296 scriptoribus
474 2217 544 2274 satis
558 2228 636 2274 certa
650 2227 704 2274 est.
719 2215 818 2293 Neque
827 2216 905 2275 enim
917 2214 1050 2274 librario-
1094 2221 1175 2279 vovit
1188 2217 1357 2296 Simplicius
1373 2215 1463 2294 Phys.
1473 2215 1498 2288 1,
1514 2215 1532 2276 i.
1546 2213 1602 2287 7b.
1615 2214 1663 2273 Vs.
1679 2217 1737 2272 206
1748 2215 1828 2275 ibid.
1842 2215 1880 2287 ll,

267 2325 331 2363 rum
348 2306 452 2364 menda
467 2323 642 2382 quemquam
657 2305 766 2362 morari
779 2317 914 2382 possunt.
931 2305 973 2362 Ac
987 2307 1049 2383 pri·
1095 2307 1113 2367 l.
1131 2315 1166 2379 74
1182 2305 1213 2363 b.
1226 2307 1331 2366 Priore
1338 2304 1404 2362 loco
1427 2303 1490 2361 ait:
1507 2304 1533 2361 ἐν
1555 2293 1592 2369 οἷς
1608 2303 1755 2382 (φυσικοῖς)
1772 2303 1882 2372 καὶτῆς

266 2415 347 2452 mum
358 2395 475 2471 quidem
488 2413 544 2471 pro
557 2382 623 2472 αἶψα
637 2391 665 2450 δλ
674 2391 745 2463 θνήτ’
756 2391 864 2472 ἐφύοντο
878 2405 910 2450 ut
920 2405 964 2450 est
973 2393 1050 2470 apud
1095 2397 1206 2453 ἐνταῦθα
1218 2393 1407 2470 δημιουργικῆς
1416 2389 1584 2470 συγκράσεως
1595 2389 1643 2462 τὴν
1655 2389 1811 2470 Ἀφροδίτην
1824 2391 1882 2462 ἤτοι

268 2481 451 2558 Simplicium
467 2481 513 2538 ed.
533 2481 598 2538 atd.
615 2480 800 2538 Aristotelem
815 2479 937 2556 ejusque
960 2480 1051 2538 inter·
1094 2482 1140 2553 τήν
1161 2481 1249 2560 φιλίαν
1264 2482 1350 2538 ulrici
1364 2479 1440 2560 φησί.
1455 2479 1533 2538 καλοῖ
1545 2475 1574 2536 δὲ
1585 2475 1615 2536 τὸ
1631 2475 1678 2554 μὲν
1701 2482 1754 2557 πῦρ
1767 2479 1818 2537 καὶ
1827 2477 1883 2538 ‘'ll-

268 2579 378 2645 pretem
402 2566 618 2639 lliccobonum,
644 2566 789 2644 Simplicii
818 2568 883 2626 cod.
910 2565 1001 2624 Taur.
1023 2581 1052 2626 et
1095 2566 1261 2648 prisciasci
1275 2565 1523 2646 ήλιονκαὶφλόγα,
1538 2563 1824 2647 τὸδδύδωρθμύρον,
1839 2569 1882 2626 τὸν

266 2657 364 2713 Oxou.
394 2656 425 2714 li.
442 2655 550 2712 liabent
567 2645 633 2734 αἶψα
649 2655 671 2711 δ’
688 2654 762 2712 ἔθνεά
786 2656 811 2712 τ’
828 2653 952 2734 ἐφύοντο,
973 2655 1052 2731 quod
1095 2657 1124 2718 dl
1142 2657 1207 2738 άύρα
1229 2655 1329 2735 αἰθέρα.
1346 2654 1417 2732 λόγιι
1435 2645 1480 2714 ούν
1493 2657 1631 2733 πολλαχοῦ
1655 2654 1702 2732 μὲν
1717 2661 1825 2732 ταῦτα,
1838 2657 1883 2716 καὶ

269 2743 403 2818 vulgavit
436 2741 616 2802 Brundisius.
651 2741 714 2798 lluc
745 2741 857 2800 accedit
883 2741 963 2818 quod
994 2761 1051 2820 pro
1095 2751 1121 2808 iv
1136 2747 1234 2812 τούτοις
1250 2745 1277 2803 δὲ
1292 2744 1344 2810 τοῖς
1357 2742 1457 2802 ἔπεσιν.

269 2830 377 2908 ἐφύοντο
387 2829 542 2889 Athenaeus
549 2843 577 2887 et
589 2829 755 2887 Eustachius
766 2827 868 2902 legunt
879 2828 986 2906 φύοντο;
998 2847 1052 2905 pro
1135 2834 1182 2894 Vs,
1199 2835 1255 2892 ποθ
1270 2833 1384 2910 μάλιστα
1395 2831 1519 2890 mutavit
1532 2829 1703 2890 Karstenius
1716 2833 1747 2890 in
1759 2841 1881 2911 μιγεῖσα,

268 2917 373 2997 ἅκροτρι
395 2930 489 2975 autem
505 2916 585 2994 quod
605 2917 737 2992 assssoffll
752 2915 838 2974 etiam
864 2914 1051 2988 Brandislffl,
1097 2923 1175 3000 quod
1190 2922 1311 2980 minime
1331 2919 1535 2978 necessarium.
1558 2919 1666 2994 Tangit
1679 2919 1726 2978 his
1740 2919 1880 2979 versibus

267 3004 413 3082 Simplicii
426 3003 471 3062 td·
491 3004 581 3081 Phys
597 3017 626 3062 el
639 3003 705 3063 0⁰11·
721 3003 809 3063 Taur-
822 3002 860 3061 (le
873 3002 957 3060 Coelo
969 3003 1054 3061 exhi·
1100 3011 1286 3089 Empedocles
1310 3009 1407 3067 carnis
1429 3021 1458 3066 et
1477 3007 1629 3082 sanguinis
1654 3007 1880 3082 formationem,

271 3092 343 3150 lient
357 3093 453 3171 ἄκριτα
468 3093 578 3170 pariter
590 3103 676 3169 atque
694 3111 737 3176 vs:
755 3099 823 3160 lal-
837 3091 939 3166 Simpl·
962 3090 1052 3167 Phys·
1099 3119 1164 3176 qnae
1178 3095 1340 3174 aequalibus
1356 3107 1482 3172 quatuor
1498 3094 1706 3153 elementorum
1729 3097 1881 3174 portioni·

271 3181 344 3258 ζωρᾶ
360 3179 387 3238 δὲ
399 3177 434 3236 τὰ
448 3179 524 3258 πρὶν,
546 3179 596 3238 sed
618 3178 772 3237 dihessaeus
788 3177 860 3257 topi
879 3199 909 3235 τῦ
926 3175 960 3234 τὰ
980 3177 1052 3255 πρὶν.
1098 3183 1153 3242 bus
1174 3197 1307 3242 constare
1321 3182 1393 3240 vult.
1414 3181 1564 3242 ludicatur
1578 3181 1651 3240 illud
1665 3181 1812 3240 vocabulo
1827 3183 1881 3254 ἴση.

272 3267 332 3325 l'ro
344 3266 519 3333 διαλλάξαντο
533 3267 661 3325 Athenaei
677 3264 852 3324 membranae
866 3263 1054 3323 διαλλάττοντα
1098 3271 1154 3330 Sed
1171 3273 1305 3348 quamvis
1322 3270 1358 3328 de
1369 3271 1576 3328 elementorum
1592 3287 1736 3327 concursu
1754 3283 1785 3326 er
1803 3289 1883 3326 com.

272 3355 318 3413 vel
329 3353 520 3413 διαλλάσσοντα
529 3355 575 3412 vel
586 3353 800 3413 διαλλάσσονται.
811 3351 1055 3412 Plutarchussive
1099 3359 1240 3416 mixtione
1263 3369 1348 3432 agat,
1366 3370 1462 3415 tamen
1477 3362 1583 3434 μιγεῖσα
1605 3358 1794 3435 participium
1825 3380 1883 3417 non

273 3443 420 3500 memoriae
434 3442 517 3520 lapsu
533 3441 596 3500 sive
610 3441 802 3500 librariorum
826 3458 927 3498 errore
943 3440 999 3498 hoc
1013 3441 1056 3498 ei·
1098 3445 1270 3523 requiritur,
1285 3463 1374 3522 quum
1391 3443 1509 3503 fortuitu
1521 3443 1636 3504 collisio
1650 3457 1679 3502 et
1689 3445 1824 3504 incursio
1840 3468 1883 3505 sa-

273 3529 362 3589 lutum
378 3530 419 3588 itu
431 3528 534 3588 scribit
549 3549 556 3585 τ
569 3529 711 3609 ζωρότερον
723 3528 756 3588 cli
770 3527 831 3606 πρὶν
846 3527 964 3607 ἄκρατα,
977 3547 1056 3586 meu·
1100 3535 1137 3592 tis
1163 3533 1344 3611 exprimatur
1375 3528 1468 3591 verb'o
1498 3531 1638 3608 cosixoper
1664 3537 1884 3594 constructione

271 3618 427 3678 dosissime
439 3629 533 3676 autem
547 3618 691 3676 lieltherus
705 3617 735 3675 in
748 3615 913 3674 Aristotelis
928 3615 1056 3675 editione
1099 3620 1198 3678 eadem
1217 3638 1275 3697 qua
1288 3620 1381 3680 utitur
1391 3618 1550 3700 Sophocles
1567 3618 1635 3681 OEd.
1651 3617 1712 3678 Col.
1726 3640 1772 3680 vs.
1791 3630 1883 3696 1404,

271 3706 430 3764 exaravit:
455 3695 521 3784 αἶψα
539 3703 566 3762 δύ
585 3703 656 3776 θνήτ’
660 3748 715 3767 .....
731 3702 849 3764 ἀθάναται
873 3701 927 3781 ζῷά
943 3725 972 3760 τι
996 3703 1056 3785 πρὶν
1101 3706 1160 3765 ἀλλ’
1180 3707 1233 3766 ὄντ’
1246 3705 1357 3765 ἄναυδον
1376 3708 1438 3787 τῇδε
1454 3706 1597 3784 συγκύρααι
1619 3703 1697 3786 τύχῃ.
1713 3705 1817 3786 Neque
1831 3713 1883 3768 du.

274 3793 389 3870 κέκριτο.
407 3791 513 3850 Eadem
528 3811 622 3870 prope
633 3792 738 3851 menda
752 3792 783 3851 in
798 3789 947 3850 veteribus
961 3789 1057 3866 Stagi-
1100 3793 1181 3852 bium
1207 3795 1280 3872 quin
1305 3794 1467 3853 versiculus
1483 3791 1615 3872 Κύπριδος
1639 3799 1796 3875 ὁρμισθεῐσα
1822 3801 1881 3857 κτλ.

275 3883 338 3936 ritae
360 3878 541 3937 editionibus
560 3881 747 3958 reperiuntur
767 3879 824 3937 hoc
844 3892 964 3956 excepto
978 3881 1057 3956 quod
1100 3882 1194 3939 coitus
1207 3883 1355 3939 mentione
1367 3880 1475 3958 injecta
1488 3881 1526 3939 ad
1539 3899 1598 3939 reru
1618 3881 1654 3940 de
1674 3903 1732 3960 quc
1745 3883 1882 3963 disputa-

275 3987 329 4042 pro
344 3966 398 4044 ζῷά
414 3989 443 4024 τε
458 3969 490 4024 in
503 3967 667 4026 Genevensi
682 3980 775 4026 exstat
794 3966 876 4046 Σωρά
896 3989 935 4026 τε.
949 3967 1057 4026 Contra
1103 3982 1150 4027 tur
1164 3969 1383 4044 significandam
1394 3969 1530 4028 sufficiat.

278 4051 460 4111 lliccobonus
478 4053 711 4130 interpretationi
728 4055 823 4112 latinae
843 4073 943 4112 versus
963 4073 1056 4128 graece
1139 4060 1186 4120 Vs.
1200 4081 1268 4134 207.
1284 4083 1314 4120 τε
1328 4062 1436 4119 omittit
1453 4061 1599 4139 Simplicii
1616 4061 1681 4120 cod.
1696 4061 1732 4122 D.
1841 4073 1845 4082 '

275 4141 318 4197 sic
331 4139 455 4217 scriptos
473 4139 583 4216 adjecit
597 4162 603 4197 :
621 4131 686 4219 αἶψα
699 4138 727 4198 δὲ
737 4141 807 4212 θνήτ’
821 4139 928 4222 ἐφύοντο
943 4139 977 4197 cd
995 4142 1056 4220 πρὶν
1138 4149 1188 4211 Vs,
1201 4152 1268 4208 ποθ.
1285 4154 1446 4229 όρμησθεῑσα
1459 4149 1723 4227 λΙάυσ,θρμισθεῐσα
1734 4150 1885 4229 Simplicii

277 4227 360 4294 μάθον
373 4227 492 4286 ἀθάνατα
512 4217 595 4305 εἶναι,
609 4227 679 4306 ζῶρᾶ
693 4251 721 4286 τε
735 4228 796 4308 πρὶν
811 4229 926 4307 dapum.
942 4227 1057 4287 llOYbe·
1102 4238 1166 4298 cod.
1182 4238 1214 4297 C.
1230 4239 1308 4316 quod
1326 4237 1386 4314 jam
1410 4237 1543 4296 Sturaius
1568 4237 1697 4298 dederat.
1723 4237 1797 4315 Ejus
1820 4240 1885 4298 loco

275 4334 337 4371 cam
361 4315 391 4372 in
416 4312 563 4392 Simplicii
583 4315 742 4393 exemplari
764 4335 850 4374 manu
869 4329 985 4373 emam
1003 4319 1056 4394 ζῷα
1101 4325 1229 4384 Steinius
1244 4327 1389 4404 δρμισθεῑσι
1403 4323 1493 4383 scribi
1507 4324 1639 4398 volebat,
1657 4323 1781 4404 probata
1795 4327 1884 4385 simul

275 4401 417 4478 scriptum
433 4401 593 4461 offendisse
607 4415 778 4478 argumento
790 4415 833 4460 est
847 4401 912 4479 ejus
926 4403 1057 4463 vertendi
1102 4410 1249 4470 Kar-srenii
1264 4411 1432 4490 conjectura
1446 4412 1568 4488 μιγεῖσα,
1582 4413 1618 4470 de
1639 4433 1696 4490 qua
1710 4413 1746 4471 ad
1761 4433 1809 4474 vs.
1827 4419 1885 4473 ποθ

276 4491 351 4546 ratio
363 4508 421 4567 qua
435 4503 529 4548 tamen
545 4493 689 4548 sententia
707 4491 848 4550 evertitur
863 4510 870 4547 r
894 4513 907 4542 ι
923 4509 988 4567 quae
1002 4510 1057 4548 an·
1100 4499 1239 4559 diximus.
1251 4499 1484 4576 Sedhujusmodi
1494 4513 1656 4559 commenta
1666 4501 1747 4560 locus
1758 4505 1884 4580 respuit

275 4587 390 4651 tequam
414 4575 564 4636 addiscant
585 4579 762 4637 immortalia
782 4596 845 4637 esse
865 4583 1004 4635 animalia
1024 4599 1057 4637 ac
1103 4587 1225 4664 Elegans
1240 4590 1391 4647 translatio
1405 4585 1538 4668 Κύπριδος
1548 4591 1574 4647 ἐν
1588 4588 1721 4666 λιμένεσσι
1739 4593 1887 4668 repetitur

275 4663 358 4739 prius
380 4664 539 4724 indiscreta
553 4667 714 4744 disponunt
727 4667 801 4727 vias.
821 4692 834 4718 ι
851 4665 907 4724 Sed
921 4668 991 4746 ζωρά
1003 4686 1056 4726 ve·
1101 4695 1145 4736 vs.
1169 4677 1238 4753 331,
1255 4675 1363 4752 λιμένας
1389 4675 1509 4754 operui<
1530 4675 1691 4756 Ἀφροδίτης.
1708 4677 1772 4747 Qua
1794 4679 1834 4736 de
1856 4701 1886 4737 re

275 4769 338 4806 rum
354 4769 416 4810 esse
430 4752 584 4812 coniicitur
598 4773 635 4812 ex
648 4753 846 4834 Theophrasti
861 4753 960 4812 verbis
979 4755 1055 4832 apud
1101 4763 1250 4841 Euripidis
1263 4763 1354 4823 schol,
1367 4767 1402 4824 ad
1414 4763 1556 4822 Phoeniss.
1567 4784 1610 4825 vs.
1630 4767 1683 4822 18:
1697 4764 1886 4842 Ἐμπεδοκλῆς

274 4837 442 4895 Athenarum
458 4858 465 4895 t
482 4839 651 4922 Θεόφραστος
659 4841 681 4899 δ’
695 4845 722 4900 ἐν
731 4846 770 4922 τῷ
781 4842 842 4923 περὶ
853 4841 934 4919 μέθης
945 4843 1055 4924 ζωρύτε-
1100 4849 1229 4932 spueret<
1243 4853 1397 4932 άλληγορῶν
1413 4873 1476 4930 φησι
1494 4851 1622 4931 Σχιστοδς
1637 4850 1746 4928 λιμένας
1759 4851 1885 4934 Ἀφροδί-

275 4923 319 5004 ρύν
333 4947 411 5006 φησιν
423 4917 489 4985 εἶναι
502 4927 532 4986 rb
543 4928 703 5009 κεκραμένον
715 4973 722 5002 ,
735 4930 939 5010 παρατιθέμενος
953 4933 1056 5008 Ἐμπε-
1099 4962 1160 5013 της,
1172 4941 1199 4998 ἰν
1215 4928 1253 5005 οἷς
1272 4943 1290 5010 ή
1302 4943 1354 4997 τῶν
1371 4938 1472 4998 παίδων
1488 4938 1588 5016 γένεσίς
1603 4941 1683 5000 ἔστιν.
1699 4940 1799 5010 Quum
1812 4963 1883 5000 vero

274 5013 393 5080 δοκλέους
403 5013 465 5071 τάδε
477 5016 535 5073 κτλ.
543 5015 816 5075 AddePlutarchum
824 5031 853 5076 et
862 5017 1052 5082 Eustuthium.
1099 5027 1172 5094 τίλας
1180 5071 1188 5099 ,
1197 5029 1330 5086 τελεῖσθαι
1340 5041 1368 5086 et
1378 5026 1447 5086 inde
1456 5026 1587 5086 derivata
1599 5047 1615 5086 a
1630 5029 1732 5086 latiore
1743 5030 1883 5089 initiandi

274 5099 350 5158 lllud
363 5120 435 5160 vero
452 5103 622 5186 scrupulum
636 5105 738 5182 injecit
749 5104 877 5180 criticis,
888 5108 968 5184 quod
985 5109 1054 5189 ζωρά
1100 5127 1240 5194 potestate
1253 5115 1289 5174 ad
1303 5116 1470 5194 nuptiarum
1487 5135 1583 5189 sacra,
1597 5135 1662 5193 quae
1674 5135 1784 5175 marem
1802 5118 1883 5176 femi.

273 5204 302 5249 et
320 5189 423 5272 ἄκρητα
442 5194 490 5254 hic
505 5210 690 5275 opponantur
707 5217 772 5274 quae
790 5199 880 5276 'vulgo
893 5219 1054 5278 synonyma
1099 5221 1240 5280 namque,
1265 5203 1346 5262 velut
1369 5223 1454 5264 novae
1480 5203 1548 5264 vitae
1575 5203 1722 5280 mysteriis
1749 5205 1882 5264 initiatos

1130 1645 1197 1715 ζάλη
1207 1643 1277 1715 δεινή
1293 1644 1340 1704 καλ
1355 1642 1481 1724 σύγχυσις
1491 1641 1581 1721 γέγονε
1593 1645 1646 1701 τῶν
1660 1641 1818 1720 στοιχείων,

1130 1735 1166 1799 ὡς
1176 1733 1245 1792 καὶὸ
1259 1731 1364 1812 φυσικός
1376 1753 1455 1811 φησιν
1464 1729 1650 1807 Ἐμπεδοκλῆς
1663 1732 1773 1798 ἰκτῖνος·

1133 1819 1197 1880 mccl
1208 1819 1256 1897 pls
1272 1818 1324 1898 γάρ
1339 1823 1353 1878 θ
1367 1818 1495 1898 κάθυγρος
1508 1817 1561 1898 ἀήρ
1573 1817 1732 1898 impariliter,

1131 1906 1305 1989 δζοφερύς,ύ
1321 1907 1463 1985 κάθυγρος,
1477 1908 1491 1964 θ
1506 1906 1745 1984 συντιθολωμόνος,

1132 1997 1160 2056 δν
1170 1995 1280 2068 Ἀθηνᾶν
1290 1995 1431 2075 εἰρήκαμεν
1441 1997 1502 2056 κτλ.
