3838 5926
498 427 537 486 in
562 423 805 486 nnrnnocns
824 422 1035 486 canntnnn
1057 403 1273 502 neironis.
1650 441 1685 492 ιι

88 561 435 640 ειυῑὶιιμτίτρηςειιῑιχιτοά
446 555 866 640 ροειειτιιιτερίειέεοεῑγαστρίς.
911 569 1046 634 appetant
1068 558 1176 617 similia
1190 571 1218 615 et
1232 571 1352 632 cognata
1370 577 1433 615 cum
1457 559 1586 634 cognatis
1608 579 1688 616 cortr-

89 651 254 728 Utrumque
266 651 381 708 Sturaio
397 648 458 726 jam
473 650 504 707 in
523 661 646 706 mentem
663 660 799 718 venerat,
816 645 867 721 qui
912 647 1050 703 mercium
1060 645 1193 706 habeant.
1204 646 1289 723 Apud
1303 645 1488 704 Plutarchum
1500 648 1606 722 legitur
1616 648 1690 725 γνοὸς

89 751 186 796 tamen
203 757 221 795 a
238 736 471 796 membranarum
495 737 639 812 scriptura
658 753 717 792 non
738 732 866 790 recessit.
912 745 940 788 et
952 734 1103 814 ἀπόρροιαι,
1116 753 1180 810 quse
1190 733 1377 792 suadentibus
1388 734 1573 792 Wakefieldio
1582 734 1616 792 ad
1632 734 1688 793 Lu-

90 825 152 900 l'go
164 845 229 882 cum
242 823 456 903 posterioribus
467 822 629 882 editoribus
639 819 749 898 γαστρός
759 819 866 894 recepi.
913 831 983 879 eret.
1001 820 1056 890 ΙΙΙ,
1074 820 1128 892 517
1144 833 1172 878 et
1186 821 1284 878 liaeltio
1298 824 1328 877 in
1344 821 1466 880 Choeril.
1487 840 1516 899 p.
1539 823 1591 881 181
1614 835 1690 880 recte

89 911 233 970 Ceterum
248 931 307 969 non
320 925 383 970 erat
396 911 474 988 quod
484 911 613 968 Steinius
624 920 740 966 versum
751 907 782 964 in
792 905 869 962 hunc
914 906 1083 966 Karstenius
1096 911 1126 964 in
1140 910 1216 983 γνῶθ’
1229 921 1257 966 et
1269 908 1395 988 ἀπορροαὶ
1412 911 1563 967 convertit.

90 1000 211 1058 modum
228 1001 382 1074 refingeret
401 1019 408 1056 :
429 1003 455 1058 ἐν
469 997 518 1077 γὸρ
533 996 681 1076 θερμοτέρῳ
695 996 773 1075 ἄρρεν
790 994 869 1070 δέμας
951 994 1014 1054 Vss.
1032 995 1172 1070 338-339.
1186 994 1358 1054 Plutarchus
1370 995 1503 1072 Sympos.
1520 995 1557 1053 tv
1574 1015 1604 1073 p.
1618 997 1688 1072 663,

89 1084 188 1143 ἔπλετο
209 1085 333 1164 γαστρός,
356 1083 498 1159 siquidem
519 1081 548 1141 τὸ
562 1084 622 1139 κατ’
636 1083 731 1161 ἄρρενα
754 1080 868 1157 (χωρίον)
912 1080 1086 1158 vol.Vlllp.
1099 1083 1156 1138 632
1172 1085 1217 1139 ed.
1232 1081 1326 1140 Reisli.
1337 1081 1404 1140 :elce
1419 1085 1470 1160 γὸρ
1482 1081 1508 1149 έξ
1520 1083 1616 1158 ὁμοίων
1626 1087 1689 1140 ένα-

88 1184 170 1230 r'ecte
183 1193 200 1230 a
213 1172 365 1230 lt'arstenio
378 1171 533 1246 exponitur
555 1173 627 1224 ἱσειιε
649 1170 771 1224 maribus
787 1170 870 1222 ‹resrt-
914 1167 1043 1244 λοιμόοίνει
1058 1170 1087 1227 τὸ
1101 1173 1221 1239 οἰκεῖονὴ
1237 1169 1310 1246 ρόσις
1323 1169 1368 1226 καὶ
1384 1171 1419 1235 είς
1433 1169 1476 1227 τὸν
1491 1168 1567 1246 ὄγκον
1585 1172 1689 1230 αὸτόθεν

87 1275 186 1318 natus.
208 1261 305 1330 Quare
319 1259 344 1316 si
367 1257 461 1316 hiatus
480 1257 590 1314 vitandi
613 1275 698 1314 causa
718 1255 871 1330 pluraliter
914 1255 1048 1326 ἡποικίλη
1061 1255 1143 1336 τρορὴ
1156 1253 1255 1321 πολλὸς
1273 1257 1390 1330 μεθιεῖσα
1403 1255 1542 1328 ποιότητας
1556 1256 1582 1325 ἐξ
1597 1261 1690 1330 ἑαυτῆς

89 1347 205 1406 scribas
220 1346 249 1406 τὸ
261 1349 319 1404 κατ’
334 1345 458 1425 ἄρρενας,
470 1345 551 1403 locus
562 1363 648 1402 sanus
660 1357 746 1419 atque
760 1343 871 1416 integer
914 1339 1017 1421 ἑκάστῳ
1031 1341 1104 1420 μέρει
1117 1341 1147 1400 τὸ
1160 1339 1304 1420 πρόσφορον
1317 1341 1479 1414 ἀναδίδωσιν,
1491 1341 1560 1401 dicre
1575 1344 1690 1420 γίνεσθαι

88 1434 157 1493 crit.
182 1433 241 1491 Pro
259 1432 461 1510 ἀνδρωδέστεροι
485 1431 657 1490 Karstenius
678 1429 767 1488 scribi
781 1428 870 1506 jussit
914 1424 944 1482 τὸ
954 1434 999 1486 τοῦ
1012 1427 1229 1500 Ἐμπεδοκλέους·
1240 1429 1275 1495 ὡς
1285 1427 1366 1504 γλυκὸ
1377 1429 1424 1502 μέν
1435 1428 1478 1487 hcl
1487 1429 1568 1505 γλυκὺ
1577 1429 1690 1506 μάρπτε,

90 1517 319 1598 ἁδρομελέστεροι,
334 1537 392 1595 qua
405 1519 583 1576 correctione
600 1529 693 1595 poetae
707 1515 797 1575 verba
811 1535 870 1574 non
914 1514 1007 1590 πικρὸν
1023 1513 1049 1572 δ’
1061 1513 1106 1572 ἐπὶ
1127 1514 1219 1593 πικρὸν
1241 1513 1346 1591 ὄρουσε,
1362 1515 1406 1583 dib
1421 1515 1443 1573 δ’
1458 1515 1499 1574 ἐπ’
1511 1515 1565 1592 dib,
1584 1517 1691 1597 δαλερὸν

88 1619 186 1682 egent,
800 1671 803 1678 ι
915 1600 1024 1680 δαλεροῦ
1038 1601 1159 1676 λαθέτω,
1171 1601 1223 1660 ubi
1241 1603 1372 1660 'l'urnebi
1393 1603 1484 1661 codex
1499 1603 1542 1672 όξὸ
1557 1603 1579 1662 δ’
1593 1606 1634 1662 έπ’
1647 1605 1690 1674 dib

130 1692 182 1754 Vs.
208 1691 277 1749 335.
305 1691 472 1750 Aristoteles
493 1689 530 1748 de
553 1687 763 1749 insecabilibus
784 1688 871 1748 lineis
916 1685 979 1760 ίόη,
994 1689 1096 1768 δολερὸν
1117 1690 1221 1767 δολεροῦ
1243 1687 1333 1748 λάθετ’
1356 1681 1473 1748 chisile
1492 1691 1567 1748 cibis
1585 1705 1614 1750 et
1637 1713 1691 1750 nu-

89 1793 167 1838 extr.
180 1798 245 1856 pag.
256 1799 314 1854 97²
326 1781 357 1840 b.
367 1779 412 1838 ed.
426 1779 546 1838 Beltlter.
562 1800 568 1836 :
582 1776 621 1837 έτι
634 1785 651 1852 ἡ
662 1777 773 1858 γραμμὴ
785 1777 829 1835 καλ
841 1777 871 1836 τὸ
916 1781 1051 1835 trimento
1074 1778 1142 1836 item
1168 1778 1291 1854 loquens
1308 1777 1472 1837 lllacrobins
1493 1779 1609 1840 saturn.
1636 1781 1689 1838 lib.

89 1865 216 1924 ἐπίπεδον
229 1866 312 1945 άρθρα
326 1865 437 1924 ἔσονται·
453 1865 579 1945 ἀνάλογον
592 1866 643 1944 γὸρ
659 1866 773 1946 έχουσιν,
788 1866 828 1924 ότι
843 1867 872 1926 τὸ
914 1864 977 1936 Vll,
988 1867 1003 1923 5
1015 1887 1021 1922 ι
1033 1866 1154 1941 Singula
1164 1866 1380 1942 aureaminquit,
1391 1866 1425 1922 ad
1434 1885 1464 1924 se
1471 1866 1690 1924 similitudinem

89 1953 187 2032 ἄρθρον
213 1953 334 2032 διάφορόν
360 1952 416 2018 πῶς
443 1956 521 2014 ἐστιν.
551 1953 592 2012 διὸ
621 1953 667 2012 καΙ
691 1954 872 2030 Ἐμπεδοκλῆς
916 1954 961 2010 sui
986 1973 1101 2031 rapere,
1117 1953 1197 2011 testis
1221 1966 1264 2011 est
1277 1952 1463 2031 Empedocles
1488 1955 1539 2030 qui
1563 1953 1604 2011 ait
1629 1977 1636 2010 :
1657 1953 1692 2020 ὣς

89 2039 212 2111 έπυίησε·
235 2041 274 2098 διὸ
295 2040 335 2096 δεῖ
356 2041 445 2120 ὀρθῶς.
468 2042 652 2118 Empedoclis
674 2043 784 2100 dictum
804 2061 872 2098 cer-
915 2039 996 2117 γλυκὸ
1012 2039 1059 2116 μὲν
1069 2039 1149 2117 γλυκὸ
1162 2039 1283 2117 μάρπτε,
1295 2039 1387 2117 πικρὸν
1400 2039 1424 2098 δ’
1433 2040 1476 2098 tet
1489 2040 1579 2117 πικρὸν
1588 2040 1690 2119 ὄρουσε·

91 2141 210 2206 ruptum
221 2146 285 2186 esse
295 2127 628 2188 indicioesthlartianus
638 2129 711 2187 llota
722 2129 871 2205 interpres
916 2125 959 2194 θίὸ
973 2130 995 2184 δ’
1016 2130 1057 2187 ἐπ’
1068 2126 1111 2194 dib
1126 2126 1190 2204 ἔθη,
1207 2126 1299 2204 θερμὸν
1314 2129 1338 2184 δ’
1352 2126 1492 2205 ἕποχείετο
1512 2129 1608 2204 θερμῷ
1629 2129 1692 2185 lla-

90 2213 170 2272 hunc
182 2213 326 2274 exhibens
339 2234 456 2273 versum
474 2236 481 2272 τ
917 2215 1047 2272 crohinm
1058 2213 1150 2292 liquet
1160 2227 1253 2289 poetae
1266 2213 1354 2271 verba
1367 2215 1409 2272 sic
1419 2233 1556 2284 servasse,
1570 2227 1602 2272 ut
1615 2217 1693 2274 nulla

153 2325 272 2376 Meus„
283 2329 376 2376 emm
386 2337 480 2389 ⁸0er
488 2327 599 2388 punem„
610 2327 712 2378 duobug
918 2303 982 2360 vitii
993 2303 1036 2361 vel
1046 2302 1262 2380 depravationis
1271 2301 1399 2378 suspicio
1408 2303 1456 2360 sit.
1465 2301 1535 2358 Nam
1546 2320 1583 2358 ne
1592 2305 1694 2380 priora

917 2391 1066 2464 attingam,
1077 2401 1204 2446 extrema
1213 2390 1306 2466 θερμὸν
1318 2390 1341 2447 δ’
1354 2386 1492 2466 έποχειίετυ
1503 2389 1591 2468 θερμῷ
1601 2390 1692 2466 aptis·

916 2479 989 2536 sime
1010 2477 1182 2536 efferuntur.
1198 2477 1340 2534 Nimirum
1356 2477 1489 2555 Ιποχεύειν
1511 2476 1589 2552 quod
1603 2478 1693 2554 vulgo

917 2565 953 2622 de
967 2584 1046 2623 mare
1059 2565 1193 2622 seminam
1204 2564 1321 2621 ineunte
1332 2562 1450 2632 dieitur,
1463 2563 1594 2620 hocloco
1606 2563 1693 2622 latius

132 2635 209 2691 3⁰¹5*
225 2635 257 2706 δὴ
272 2635 364 2716 ἄρθρον
376 2637 475 2712 palies
495 2641 524 2698 Ικ
536 2637 665 2716 πῆγθυῑαῑ
680 2639 747 2712 atat,
918 2665 1005 2729 patet,
1025 2665 1057 2710 ut
1073 2649 1242 2730 έποχεόεσθοιι
1257 2650 1329 2708 nihil
1345 2651 1453 2708 sitnisi
1475 2658 1590 2710 misceri.
1611 2652 1693 2721 Quo-

89 2777 270 2834 qumqmm
285 2773 368 2820 antea
381 2761 513 2820 Spanius
527 2781 593 2840 pag·
613 2764 669 2828 χώ
683 2763 790 2821 rectius
805 2748 873 2822 mig
917 2741 1068 2798 circacum
1079 2737 1377 2798 Sturziohlacrobium
1390 2751 1503 2797 secutus
1513 2759 1586 2796 sum.
1598 2738 1693 2808 anna

91 2859 191 2922 pm„
210 2867 218 2902 :
918 2840 1010 2884 autem
1021 2827 1116 2884 simile
1129 2825 1164 2882 ad
1177 2826 1272 2882 simile
1287 2825 1355 2882 sert-i
1366 2825 1554 2901 Empedocles
1568 2825 1693 2883 tradide-

919 2917 958 2972 rit
972 2916 1060 2992 idque
1071 2915 1166 2992 ipsum
1181 2913 1227 2972 his
1242 2911 1390 2983 versibus,
1409 2913 1433 2970 si
1448 2911 1594 2969 lllacrobio
1608 2913 1690 2985 lides,

918 3003 1089 3079 expresserit
1106 3020 1182 3058 :non
1197 2998 1345 3076 eratquod
1360 3000 1395 3056 de
1405 2999 1476 3057 solis
1486 3001 1692 3074 gustibuseurn

92 3093 221 3172 Verum,
235 3096 292 3154 nisi
307 3096 401 3168 fallor,
416 3115 517 3155 versus
533 3097 740 3176 Empedoclen,
757 3100 809 3157 suit
825 3121 831 3156 :
920 3088 1000 3165 loqui
1010 3085 1433 3146 velletSteinhartusllleletem.
1443 3086 1551 3145 Plotin.
1562 3107 1628 3164 pag.
1645 3091 1693 3159 60,

919 3175 1091 3251 rejectisque
1097 3174 1208 3232 ultimis
1216 3172 1315 3230 verbis
1325 3173 1417 3251 θερμὸν
1428 3173 1452 3230 δ’
1460 3173 1599 3251 ε’ποχεύετο
1607 3177 1694 3254 θερμῷ

919 3262 1003 3318 aliam
1025 3263 1199 3336 excogitaret
1222 3261 1377 3318 clausulam
1398 3259 1463 3318 λάῶε
1477 3260 1501 3317 δ’
1515 3261 1629 3338 ἁλμυρὸν
1644 3262 1695 3318 ἁλ-

133 3343 184 3402 Vs.
201 3345 269 3404 336.
298 3347 377 3421 μηνὸς
401 3349 428 3404 ir
452 3349 510 3426 ὀγδ.
539 3345 612 3428 κτλ]
643 3349 811 3408 Aristoteles
839 3352 876 3410 de
920 3347 1000 3426 μυρὸν
1026 3340 1087 3406 ὧδε.
1116 3347 1414 3424 improbandaeetiam
1434 3359 1542 3402 caeterae
1564 3347 1693 3405 virorum

94 3431 203 3488 Gener.
221 3431 316 3490 haim.
331 3431 380 3507 tv,
396 3433 414 3489 8
429 3454 458 3510 p.
479 3453 533 3504 777
548 3454 573 3492 a.
586 3434 633 3492 ed.
650 3434 769 3492 heller.
785 3435 875 3511 εἘμ-
919 3437 1068 3494 doctorum
1082 3433 1398 3512 conjectnr·aeequibus
1410 3433 1569 3490 Lobeclins
1580 3432 1694 3508 Ῥημοιτ.

94 3517 224 3586 κεδοκλῆς
239 3517 260 3572 δ’
275 3513 292 3586 ἢ
309 3519 356 3574 οὐκ
369 3519 450 3592 ὀρθῶς
464 3519 647 3594 θπιλάμόοινεν
662 3518 679 3590 ἢ
693 3523 740 3578 οὐκ
754 3511 783 3579 ιδ
795 3524 875 3598 μετή-
920 3542 984 3600 pag.
1007 3543 1059 3580 aot
1086 3535 1115 3579 et
1136 3522 1192 3578 355
1218 3519 1293 3598 apud
1316 3520 1494 3577 lllacrobium
1520 3519 1609 3577 scribi
1633 3523 1695 3578 vult

94 3624 172 3679 νεγτιτ
192 3603 320 3674 ποιήσας,
340 3606 375 3670 ὡς
395 3604 425 3662 τὸ
444 3605 514 3682 γάλα
528 3605 608 3680 μηνὸς
622 3609 649 3666 έν
667 3609 792 3686 όγδοάτυυ
814 3614 873 3672 κτλ,
919 3609 1013 3687 θερμὸν
1036 3609 1059 3666 δ’
1081 3605 1224 3683 ἐπεχεύατο
1248 3610 1336 3686 θερμῷ
1359 3619 1387 3662 et
1409 3606 1486 3683 apud
1507 3605 1694 3667 Plutarchum

93 3690 231 3771 σαπρότης
245 3689 296 3770 γὸρ
305 3690 350 3750 καὶ
363 3691 439 3772 πέψις
449 3693 653 3766 Ιναντίυν,τὸδὸ
664 3694 729 3756 πόον
744 3699 876 3776 σαπρότης
920 3697 1027 3776 δαλερὸν
1042 3697 1142 3776 δολερῷ
1166 3693 1188 3754 δ’
1209 3698 1338 3773 έπεχεῖτο.
1360 3695 1432 3763 Quis
1455 3693 1617 3752 inauditum
1641 3697 1695 3755 hoc

94 3779 134 3846 τίς
150 3782 236 3849 έστιν,
249 3779 278 3838 τὸ
292 3777 319 3836 δέ
338 3779 407 3857 γάλα
421 3782 472 3838 τῶν
488 3781 673 3858 πεπεμμένων.
689 3783 876 3862 Empedocles
921 3782 1092 3842 vocabulum
1117 3783 1191 3839 tueri
1214 3783 1327 3860 potest?
1346 3781 1455 3858 Nempe
1476 3783 1621 3859 sapienter
1634 3784 1695 3860 jam

95 3865 162 3924 xire
185 3865 277 3924 λευκὸν
297 3887 352 3942 μαι
370 3869 464 3924 album
488 3883 573 3927 voest
595 3873 639 3926 luc
662 3880 770 3941 rrmtris,
797 3877 875 3950 quod
920 3863 1066 3948 Xylander
1077 3871 1113 3928 ad
1128 3870 1271 3927 Plutarchi
1291 3869 1385 3926 locum
1409 3881 1572 3940 notaverat,
1593 3869 1696 3950 Empe·

97 3954 251 4012 Aristoteli
278 3954 505 4032 reprehensione
525 3955 644 4032 dignum
663 3959 790 4019 videtur.
810 3961 876 4018 hri·
920 3960 1012 4018 doclis
1035 3977 1139 4016 versus
1159 3955 1202 4014 ibi
1224 3969 1408 4034 corruptose
1430 3955 1578 4014 llacrobio
1604 3959 1697 4016 corri-

97 4041 209 4100 stotelis
233 4040 325 4100 rerba
351 4043 438 4117 longa
463 4044 634 4121 paraphrasi
660 4049 780 4124 exponit
807 4049 876 4107 Phi·
920 4047 1107 4122 gendosesse,
1120 4045 1176 4102 nisi
1186 4045 1259 4101 sorte
1271 4045 1332 4101 lieri
1343 4043 1449 4122 potuit,
1461 4055 1493 4100 ut
1504 4043 1697 4123 philosophus

95 4129 221 4206 loponns
247 4130 278 4186 in
306 4129 335 4190 h.
361 4123 384 4188 Ι.’
410 4130 430 4189 Ι.
457 4149 507 4188 τοι
535 4131 568 4190 ΙΙ.
591 4131 647 4190 Sed
675 4135 875 4211 Empedoclem
921 4131 1146 4212 δαλερὸνιιδαλὸς
1161 4139 1255 4188 titione
1268 4132 1380 4208 poetice
1396 4150 1449 4208 pro
1471 4133 1565 4186 calido
1577 4130 1694 4192 dixerit.

95 4214 173 4294 τέρεν
187 4229 217 4274 et
230 4219 308 4294 σῆψιν
320 4217 397 4274 idem
407 4235 470 4276 esse
479 4217 626 4294 judicasse
633 4219 693 4295 jam
706 4222 743 4278 ad
760 4243 803 4280 vs.
817 4227 876 4282 ass
921 4221 958 4278 At
971 4220 1066 4279 obstat
1079 4217 1220 4276 evocatis
1234 4236 1368 4275 mensura
1379 4236 1442 4293 quae
1455 4229 1486 4274 ut
1501 4217 1531 4274 in
1544 4217 1619 4281 δαλὸς
1632 4238 1698 4295 pro-

95 4303 330 4362 observavimns.
921 4309 1037 4366 ducitur
1055 4307 1102 4383 (cs.
1117 4307 1200 4365 llom.
1211 4305 1266 4363 0d.
1281 4304 1333 4362 lib.
1346 4304 1379 4364 V.
1392 4307 1461 4375 4883
1478 4304 1657 4382 llesiod.0p.
1670 4319 1698 4362 ct

134 4390 185 4450 Vs.
202 4391 271 4463 337.
293 4392 381 4466 γνῶθ’,
404 4389 444 4448 δτι
470 4390 541 4472 κτλ]
567 4393 738 4454 Plutarchus
768 4397 875 4465 Quaest.
922 4396 955 4452 l).
968 4413 1013 4454 vs.
1030 4396 1111 4469 703),
1124 4394 1164 4450 ita
1187 4393 1219 4449 in
1227 4391 1340 4469 ’θαλερὸς
1350 4391 1460 4469 corripi
1476 4411 1533 4450 non
1549 4405 1651 4470 posset,
1670 4395 1695 4450 si

96 4477 159 4537 ilat.
177 4499 245 4555 pag.
265 4480 317 4554 96,
337 4478 397 4535 vol.
422 4477 460 4536 ΙΧ
475 4498 541 4555 pag.
562 4481 631 4552 627,
647 4481 809 4557 subjunctis
832 4484 877 4542 his
921 4481 1064 4559 ejusmodi
1078 4498 1177 4538 vocem
1190 4498 1208 4536 a
1219 4477 1365 4536 veteribus
1378 4492 1542 4557 usurpatam
1554 4499 1617 4537 esse
1629 4501 1697 4538 con·

97 4565 218 4624 verbis:
235 4569 264 4624 οὐ
278 4566 328 4643 γὸρ
341 4567 412 4634 ζώων
426 4567 502 4641 μόνον
515 4567 573 4626 atet
587 4574 674 4647 φυτῶν
688 4569 746 4628 οὐδὲ
757 4575 805 4647 γῆς
819 4572 877 4629 οὐδὲ
921 4581 1019 4626 staret.
1038 4571 1129 4626 Nemo
1142 4585 1213 4623 vero
1229 4567 1279 4623 tali
1301 4565 1428 4640 epitheto
1456 4585 1522 4624 usus
1547 4579 1599 4627 cst.
1622 4567 1698 4636 Qua·

98 4651 250 4724 θαλάσσης,
266 4652 335 4710 ἁλλέι
352 4653 398 4710 καὶ
417 4653 495 4710 λίθοιν
518 4653 621 4713 ἄπεισιν
636 4645 775 4734 ἐνδελεχῶς
791 4659 877 4716 πολλὰ
923 4669 1042 4734 propter
1053 4655 1220 4733 Leopardus
1241 4654 1388 4713 Emendat.
1404 4654 1482 4726 Vlll,
1500 4675 1534 4712 ιο
1548 4655 1612 4733 ejus
1634 4656 1699 4714 loco

100 4737 217 4816 ρειίματει
232 4739 278 4798 καί
291 4741 393 4818 χαλκοῦ
404 4739 449 4799 καί
462 4741 577 4818 σιδήρου.
591 4743 705 4820 Spectat
718 4744 766 4802 hic
777 4762 878 4803 versus
923 4742 1035 4823 μαλερόν
1048 4755 1079 4800 ut
1092 4754 1248 4820 poneretur
1259 4754 1358 4799 auctor
1374 4742 1438 4800 suit.
1450 4743 1555 4802 Parum
1576 4743 1698 4819 cogitate

99 4849 163 4886 cum
178 4828 370 4904 sequentibus
383 4829 419 4887 sd
433 4847 529 4887 rerum
542 4832 671 4890 omnium
690 4833 875 4892 incrementa.
922 4830 1012 4905 igitur
1026 4830 1195 4887 Karstenius
1210 4831 1307 4887 versui
1323 4829 1422 4886 intulit
1436 4829 1544 4908 δαλερὸν
1559 4829 1661 4904 δολερῷ
1676 4828 1698 4884 δ’

100 4916 234 4972 lleclarat
245 4916 322 4972 enim
332 4929 435 4992 poeta,
448 4917 593 4993 quomodo
605 4937 729 4996 corpora
738 4933 876 4990 crescant,
922 4921 1065 4996 Ιποχεῶτο,
1083 4917 1151 4974 licet
1164 4917 1248 4973 etiam
1269 4919 1387 4995 Ιποχεῒτο
1407 4929 1435 4974 et
1455 4916 1576 4994 έπὸχευεν
1592 4935 1698 4993 propo·

99 5000 225 5069 alantur,
236 5013 396 5075 senescent,
405 5003 877 5081 rninuantur.0uippecunctorum
923 5007 1026 5075 suerit,
1035 5023 1160 5081 quorum
1173 5006 1316 5080 posterius
1327 5003 1436 5061 Steinio
1447 5003 1555 5060 arrisit.
1570 5002 1699 5078 Denique

24 5103 26 5152 3
100 5085 295 5143 effluviaesse
308 5087 424 5157 statuit,
439 5089 546 5164 quibus
559 5090 638 5149 aliud
650 5092 700 5148 alii
713 5091 877 5152 misceatur.
923 5093 1038 5168 nequis
1053 5089 1159 5147 nodum
1174 5091 1205 5146 in
1220 5091 1319 5168 scirpo
1337 5101 1461 5167 quaerat,
1477 5088 1551 5145 addo
1566 5089 1700 5164 quemad-

25 5191 28 5260 γ
100 5169 206 5230 Verum
222 5170 296 5232 hanc
309 5174 480 5233 mixtionem
499 5177 541 5236 sic
562 5178 712 5250 informat,
727 5191 757 5236 nt
772 5179 879 5236 similia
925 5177 1697 5256 moduminpriorevcrsudulciaamarisopponuntur,

1452 5285 1455 5292 ·
1591 5282 1612 5324 s.

92 2420 188 2496 llujus
208 2423 343 2496 vestigiis
365 2423 513 2498 ingressus
536 2423 705 2482 Karstenius
725 2443 790 2502 pag.
818 2423 870 2492 τῶι,

90 2521 186 2565 ratem
201 2509 425 2584 Agrigentinum
439 2511 482 2568 sic
495 2511 629 2588 posuisse
641 2512 775 2589 opinatus
789 2523 831 2568 est
845 2529 852 2570 :

134 2965 163 3034 ἔξ
178 2967 284 3046 άρὸρυιν
299 2966 325 3024 δὲ
341 2967 411 3025 δυοῖν
423 2967 521 3049 καρπὸς
533 2968 704 3026 συντάσσεται
718 2969 779 3030 αἰεί.

133 3215 211 3270 δοιιῗιν
226 3211 249 3270 δ’
262 3212 289 3280 έξ
303 3214 404 3292 ἄρθρων
419 3213 501 3296 ἁρμὸς
513 3215 696 3294 συμπήγνυται
712 3218 772 3277 αἰεί.
