3708 5916
262 405 320 458 teo
796 393 1001 457 ututoctts
1022 393 1332 458 COMMENTARIUS

261 519 394 592 ὑπομονῆς
408 514 467 585 ἀξια
479 518 517 576 δει
527 518 684 592 τίθεσθαι
670 541 705 584 ως
719 519 764 587 τῆς
765 484 846 584 θείας
860 517 974 596 ἀνάγκης
985 520 1040 577 ἀπε
1083 518 1162 576 δικεῖν
1178 520 1213 586 είς
1227 517 1275 588 clv
1286 516 1346 589 ίσην
1360 514 1526 595 καρτξισν
1497 539 1583 584 αυτοις
1597 514 1728 592 ἔλθωμεν
1739 515 1838 576 otram

261 603 394 680 τάγματα.
388 603 583 683 ,Δυνατωτίρα
596 596 857 684 δίπαρδιτοῖςευφρ
843 609 1040 712 ρονφυσινὴτοθ
1082 605 1358 684 τῆςφιλίαςάντίχεσθ
1360 627 1387 660 αι
1345 605 1452 672 δει
1467 607 1529 660 τοῦτ
1530 599 1647 661 ἔστι
1614 625 1660 672 τος
1670 595 1850 683 φιλανθρι-ιτςι

261 695 304 749 νοῦ
322 691 421 767 ἀνάγκη
444 695 489 760 τῆς
513 628 603 760 liuidae
619 691 687 770 βίας.
717 685 820 752 Eira
790 715 834 752 ουν
856 716 877 751 π
879 695 920 773 ρδς
941 693 988 765 τὴν
1010 696 1040 754 lx
1082 696 1128 762 τῆς
1142 715 1205 771 προς
1217 691 1348 764 ἅπαντας
1361 691 1385 750 ol
1395 713 1480 768 τουγ
1473 691 1539 757 ’ςνου
1552 696 1804 768 ἡμῖνκοινωνοῦσιν.
1813 695 1850 754 'Er'

261 777 439 858 περιστάσεως
452 777 568 855 ἀνάγκην
584 779 697 852 ἀπίδοις,
711 778 819 839 είτε
774 804 838 860 προς
848 781 895 851 clv
910 780 1038 852 ἑκούσιον,
1082 777 1154 846 τάξει
1167 778 1237 837 BV
1206 803 1237 858 τῃ
1248 779 1383 857 πρεπούσῃ
1394 778 1470 837 τδι
1438 803 1484 849 της
1498 779 1632 858 φιλίας’
1596 801 1682 859 μετρα
1693 781 1850 854 ποιησόμεθα,Ἰ

265 863 308 935 τὴν
320 867 350 922 ἐκ
363 869 414 923 τῶν
429 866 637 941 έπιστημονικῶν
657 867 723 946 όρων
745 869 981 946 συμπληρουμένην
994 867 1040 927 καὶ
1083 865 1140 933 τούς
1156 865 1203 940 μὲν
1225 865 1337 944 ἀγαθούς
1352 869 1387 934 ὣς
1409 867 1591 934 ἀποσώζοντας
1604 867 1653 937 τὴν
1666 873 1715 927 τοῦ
1731 868 1845 947 deipara

260 955 291 1010 ἀκ
313 956 363 1010 τῶν
377 951 453 1012 θείων
476 951 561 1026 νόμων
579 951 757 1028 καθείκοθσαν,
772 951 914 1036 ἐξευρήσεις
933 954 963 1012 τό
976 957 1039 1013 ίνυ-
1082 954 1233 1028 τελειότητα
1254 955 1299 1015 καὶ
1321 955 1364 1011 διὰ
1388 953 1434 1025 τὴν
1461 953 1602 1032 φύσινκαὶ
1624 955 1667 1012 διδ
1691 952 1742 1024 τὴν
1761 957 1845 1031 γνώμῃ

261 1039 361 1119 πάρχον
383 1063 423 1099 σοι
439 1043 486 1112 τῆς
500 1041 632 1116 δυνάμεως
646 1040 749 1118 μέτρον,
764 1039 778 1099 δ
792 1047 835 1098 νῦν
849 1045 862 1100 δ
877 1041 950 1118 λόγος
964 1045 1040 1113 εἰση-
1082 1041 1212 1108 πσντοίως
1226 1040 1417 1116 ἀσπαζόμενοι,
1428 1040 1487 1105 τοὺς
1501 1039 1528 1099 δέ
1543 1041 1657 1122 φαύλους
1671 1045 1710 1108 ὡς
1723 1042 1798 1114 μηδὲν
1808 1044 1845 1102 iel

262 1133 344 1204 γεῑται
356 1128 408 1186 δεῖν
420 1134 473 1194 τοῖς
487 1125 568 1205 φίλοις
583 1126 748 1206 προσφέρειν,
763 1128 789 1185 έν
810 1129 848 1206 τῷ
869 1128 1039 1204 προστάττειν
1082 1129 1187 1206 γνώμης
1202 1131 1237 1194 εἷς
1251 1127 1350 1207 αἵρεσιν
1366 1127 1452 1209 φιλίας
1472 1129 1535 1204 ἡμῖν
1554 1128 1703 1208 ὑπέχοντας
1722 1128 1765 1184 διὰ
1784 1133 1845 1202 peip

260 1211 298 1288 μὴ
311 1213 454 1292 προχείρως
467 1217 552 1280 αὐτοῖς
562 1215 597 1280 εἰς
607 1212 746 1291 ἀπέχθειαν
757 1213 928 1272 καθίστασθαι
938 1214 955 1272 d
964 1237 1040 1294 μαρ-
1082 1214 1129 1284 τὴν
1141 1213 1229 1286 κοινὴν
1241 1216 1317 1296 φύσιν
1335 1217 1495 1293 ἀγαπῶντες.
1509 1215 1556 1274 nlo
1575 1215 1620 1272 καλ
1637 1215 1747 1290 λέγεται
1766 1217 1843 1292 ὀρθοῖς,

260 1297 361 1367 τάδος
383 1299 493 1360 είνεκα
516 1305 651 1380 μικρῆς,
666 1299 699 1358 τά
721 1299 770 1368 έξω
791 1306 838 1372 τῆς
851 1305 937 1380 ψυχῆς
952 1302 1039 1361 πάντα
1082 1305 1116 1366 ὡς
1137 1301 1219 1367 οὐδεὶς
1239 1303 1329 1380 ἐχθρὸς
1348 1305 1385 1381 τῷ
1407 1301 1559 1381 σπουδαίῳ,
1580 1301 1626 1359 καὶ
1645 1302 1727 1379 μόνος
1746 1305 1844 1379 tepea

260 1387 343 1466 μικρδι
365 1384 470 1463 θέμενος
490 1385 535 1444 καλ
549 1386 719 1467 ἀπαγορεύων
736 1387 773 1462 μὴ
788 1390 870 1468 φειδοῖ
883 1389 982 1449 τούτων
995 1390 1039 1449 τδν
1082 1390 1171 1468 ἀγαθῷ
1186 1389 1268 1468 φίλος.
1288 1387 1335 1455 Ὡς
1347 1388 1394 1466 μὲν
1410 1389 1460 1468 γδρ
1480 1388 1525 1448 τὸν
1546 1389 1683 1466 ἄνθρωπον
1698 1390 1789 1469 φιλῶν,
1803 1392 1844 1448 οἶδέ

156 1507 160 1514 ·
261 1471 334 1552 φίλον
348 1473 439 1552 έχθρδν
459 1481 553 1546 ποιεῖν,
564 1473 700 1554 ἀδιαφορίορ
715 1472 742 1532 δέ
764 1477 863 1551 μᾶλλον
884 1480 917 1553 τῇ
931 1477 991 1557 περὶ
1004 1478 1038 1535 cle
1081 1475 1124 1534 τδν
1139 1478 1220 1535 κακὸν
1234 1477 1491 1556 έχθρδντίθεται,ὧς
1504 1473 1531 1534 δὲ
1545 1476 1589 1534 τὸν
1602 1479 1684 1554 ἀρετῇ
1699 1480 1842 1551 κεκοσμημέ-

259 1566 367 1620 τοιαῦτοι
391 1561 436 1620 καὶ
455 1559 500 1619 τὸν
523 1561 687 1620 ἀποπεσόντα
702 1561 775 1644 φίλον
790 1565 975 1624 ἀναπλεῖσθαι
994 1565 1039 1624 καλ
1081 1585 1123 1622 νον
1137 1565 1221 1634 ζητῶν
1233 1563 1295 1642 πρὸς
1307 1562 1443 1622 κοινωνίαν
1455 1561 1498 1621 τδν
1514 1561 1610 1639 ἀγαθόν
1621 1564 1651 1622 ἐκ
1669 1563 1777 1621 πάντων
1787 1564 1842 1620 iiii-

259 1657 397 1726 πανταχοῦ
411 1653 487 1706 τοῦτο
500 1648 601 1714 έαυ·οἰ’ς
612 1647 770 1721 συνειδέναι
786 1647 826 1708 ότι
840 1648 899 1709 ὅσον
919 1649 958 1730 ἀφ’
975 1655 1039 1727 ἡμῖν
1082 1673 1170 1726 γεται,
1192 1650 1349 1727 μιμούμενος
1363 1650 1409 1710 καὶ
1428 1652 1454 1708 έν
1471 1654 1532 1718 τοῖς
1541 1655 1588 1722 τῆς
1598 1650 1688 1730 φιλίας
1703 1649 1842 1728 μέτροιςτόι

259 1733 355 1790 καὶ
318 1757 375 1799 τους
389 1731 463 1800 ὄντας
478 1733 567 1812 φίλους
587 1734 752 1814 έτηρησαμεν
776 1736 821 1796 καὶ
843 1735 901 1803 τοὺς
922 1759 943 1794 π
945 1737 987 1814 ρδς
1009 1737 1040 1796 τδ
1082 1737 1137 1794 θεόν
1142 1737 1187 1810 ,δς
1198 1745 1290 1813 μισεῖ
1285 1736 1332 1795 μέν
1342 1737 1432 1797 ουδενα
1443 1737 1587 1815 ἄνθρωπον,
1598 1739 1643 1796 τόν
1659 1738 1690 1797 δὲ
1704 1737 1795 1815 αγαθον
1804 1739 1843 1794 ln

259 1822 345 1928 χεῖρφν
356 1818 543 1898 θπενιχθίντας
555 1821 765 1898 ἀνακτησόμεθα,
774 1821 886 1881 καὶούτε
896 1825 944 1895 τὴν
945 1761 1038 1904 ράρχὴν
1082 1846 1129 1904 φερ
1116 1846 1208 1902 ροντως
1220 1826 1375 1894 ἀσπάζεται.
1390 1825 1430 1885 Το
1441 1825 1535 1905 adp*
1501 1849 1548 1898 της
1562 1828 1639 1906 φιλαν
1641 1828 1795 1904 θρωπίας
1770 1825 1850 1883 ἀνοία

259 1905 330 1970 εἰς
315 1910 362 1984 εχθ
365 1929 410 1984 ραν
431 1907 489 1965 τινά
509 1908 760 1984 κατεστήσαμεν,“
732 1929 791 1968 ουτε
805 1931 858 1986 παρ
860 1910 973 1967 ’ἑαυτοῦ
992 1933 1039 1986 γε·
1082 1915 1155 1990 κοινῇ
1176 1915 1213 1992 τῷ
1232 1913 1301 1988 γένει
1323 1911 1517 1990 apocalama*
1484 1935 1531 1980 της
1558 1913 1747 2016 πρφσηκούοης
1773 1913 1842 2020 μρίρις

259 1991 365 2067 νόμενον
390 1993 479 2074 ἐχθρδν
500 2003 553 2060 τοῖς
572 1993 636 2063 ίσοις
628 1999 733 2076 ’ἠμειψ
734 1996 828 2072 άμεθα.
853 1998 947 2055 'leiim
961 1996 1039 2076 γάρὸ
1084 1997 1191 2056 ἕκαστον
1207 1997 1345 2072 ἀξιοῖ,τοθ
1348 2023 1358 2064 ς
1374 1996 1421 2075 μέν
1439 1999 1549 2076 ἀγαθους
1560 2022 1624 2078 προς
1637 1999 1768 2056 έαυτον
1754 2001 1841 2102 ονίγιρ,

258 2084 306 2150 τῆς
319 2078 405 2186 φιλίας
420 2081 548 2160 θπαγορ
522 2104 574 2140 ευει
590 2081 698 2160 θεσμός,
711 2084 836 2161 μεγίστης
854 2083 932 2155 ούσης
946 2087 1039 2160 ἀρετῆς
1082 2083 1139 2150 τοὺς
1152 2084 1179 2142 δέ
1191 2087 1267 2157 τῆςά
1271 2107 1345 2164 ρετης
1355 2085 1470 2163 φυγάδας
1485 2093 1538 2151 τοῖς
1553 2109 1599 2156 της
1618 2084 1736 2156 δίκης’
1706 2087 1841 2162 νομοιςπρδς
1849 2147 1850 2150 ,

259 2166 305 2226 καὶ
316 2175 374 2234 ταῖς
387 2168 504 2234 ἀλλοις(
489 2193 524 2235 ως
543 2169 703 2243 τελειότητος
724 2170 934 2250 ἀποφαινομένης.
952 2172 1038 2251 Πέρας
1081 2191 1110 2228 το
1099 2170 1177 2230 δέον
1187 2172 1344 2232 ἀπευθύνων.
1355 2176 1439 2231 Τουτο
1447 2170 1498 2249 γάρ
1507 2179 1560 2239 τοῖς
1570 2173 1748 2250 ἑκατέρως’
1718 2195 1842 2250 συμμετρα

261 2252 308 2331 μέν
322 2253 373 2334 γδιρ
383 2259 434 2314 τῶν
450 2260 547 2334 ἀρετῶν
558 2262 574 2326 ἦ
585 2259 674 2336 φιλία,
687 2259 757 2338 ἀρχὴ
773 2257 800 2318 δέ
815 2264 830 2330 ἡ
844 2258 970 2320 atriden.
985 2260 1039 2320 Καί
1082 2281 1109 2315 τε
1122 2257 1166 2316 καλ
1175 2259 1318 2340 ὠφέλιμον.
1333 2257 1413 2319 Olea
1424 2259 1469 2316 καὶ
1486 2263 1558 2334 ἡμᾶς
1576 2261 1710 2336 προσήκει
1723 2259 1768 2328 τὴν
1778 2260 1841 2337 φιλίαν

259 2343 329 2402 ἔστιν
340 2344 408 2411 ὁτῆς
419 2341 550 2411 εύσεὸείας
563 2343 638 2422 λόγος
651 2345 756 2426 σπίρμα
770 2350 821 2406 τῶν
837 2351 940 2424 ἀγαθῶν
955 2347 1038 2406 ἁπάν·
1082 2347 1169 2426 τηρεῖν
1179 2347 1242 2424 πρὸς
1254 2347 1354 2412 πάντας
1364 2344 1513 2424 ἀνθρώπους
1523 2343 1591 2423 μετὰ
1602 2349 1648 2416 τῆς
1656 2344 1728 2423 πρὸς
1736 2343 1779 2414 vlu
1790 2345 1841 2412 ἀξίαν

258 2449 310 2485 των
321 2431 394 2502 ἡμῖν·
403 2433 420 2498 ἡ
430 2429 457 2486 δέ
469 2434 514 2502 τῆς
545 2429 611 2498 ιλίας
622 2431 672 2500 ίξις
682 2437 696 2492 θ
706 2436 866 2501 τελειότατος
878 2438 929 2493 τῶν
940 2437 1037 2513 ἀρετῶν
1083 2435 1278 2507 &toletalum-

260 2514 371 2594 καρπός.
391 2514 496 2594 Ὥσπερ
514 2541 558 2577 ουν
582 2519 743 2591 δικαιοσύνης
757 2522 886 2580 ποιεῖσθαι
905 2522 944 2580 δεῖ
962 2523 1038 2598 λόγον
1121 2519 1176 2580 Καὶ
1186 2520 1235 2598 γὰρ
1245 2517 1413 2600 σωφροσύνην
1427 2518 1472 2577 καὶ
1484 2517 1649 2589 δικαιοσύνην
1665 2519 1736 2596 πρὸς
1751 2519 1842 2582 ἅπαντας

258 2603 288 2662 οθ
298 2601 375 2678 μόνον
388 2603 451 2682 πρὸς
462 2602 519 2671 τούς
531 2606 636 2672 δικαίως
645 2612 708 2681 ἡμῖν
717 2607 958 2687 προσφερομένους,
970 2609 1038 2668 ἀλλά
1081 2606 1180 2682 έξομεν,
1194 2607 1239 2663 καὶ
1248 2607 1277 2662 οὗ
1289 2604 1352 2684 πρὸς
1366 2604 1456 2682 μόνους
1467 2605 1525 2670 τοὺς
1537 2605 1649 2672 δικαίους
1661 2605 1714 2664 καὶ
1726 2603 1840 2685 σώφρονα·

259 2688 306 2748 καί
320 2687 386 2769 πρὸς
399 2689 457 2756 τοθς
474 2692 571 2748 ἀδικεῖν
583 2695 761 2771 έγρειροῦντοις
769 2737 777 2765 ,
790 2693 832 2751 ίνα
847 2693 883 2766 μὴ
906 2698 942 2774 τῷ
957 2699 1037 2753 ἀντοι-
1081 2695 1138 2753 οὐδὲ
1160 2693 1252 2769 ἀγαθοὶ
1273 2691 1321 2769 μέν
1339 2700 1392 2758 τοῖς
1411 2694 1516 2767 ἀγαθοῖς
1537 2690 1661 2767 ἐσόμεθα,
1676 2693 1790 2752 meite
1805 2700 1841 2755 τοῖς

259 2883 433 2953 existimare,
447 2894 582 2958 tanquam
596 2885 699 2940 divinae
713 2889 885 2944 necessitatis
897 2889 1039 2948 mandata.
1086 2890 1266 2958 curialem,
1290 2889 1409 2944 nedum
1424 2887 1558 2960 injuriam
1574 2889 1683 2944 illatam
1705 2889 1841 2944 ulciscimur

261 2969 361 3026 Mentis
372 2989 440 3027 vero
453 2974 600 3030 necessitas
612 2973 689 3048 apud
703 2993 751 3029 eos
768 2977 816 3048 qui
826 2987 901 3032 recte
912 2978 1036 3050 sapiunt,
1084 2975 1114 3028 in
1126 2973 1202 3029 idem
1217 2993 1282 3029 cum
1295 2974 1351 3030 illis
1364 2976 1465 3030 vitium
1477 2975 1636 3031 incidamus
1651 2991 1658 3031 :
1676 2977 1757 3031 sicet
1769 2977 1840 3029 amiei-

260 3058 324 3130 plus
344 3060 419 3114 valet
435 3077 520 3134 quam
538 3061 580 3115 vis
594 3071 719 3119 externa.
735 3059 800 3117 Sive
816 3063 900 3136 igitur
914 3063 950 3117 ad
963 3063 1038 3118 illam
1084 3062 1167 3127 tiam,
1185 3060 1216 3114 id
1239 3072 1293 3129 est,
1318 3060 1521 3117 humanitatem
1543 3063 1639 3117 colere
1662 3075 1778 3136 oportet
1793 3081 1840 3136 erga

260 3147 452 3202 necessitatem
461 3149 611 3220 respicias,
622 3165 684 3220 quae
694 3165 728 3202 ex
740 3167 834 3202 retum
848 3159 921 3203 statu
936 3150 1039 3219 oritur,
1085 3165 1179 3202 omnm
1201 3149 1251 3220 qui
1274 3145 1399 3217 ejusdem
1415 3149 1564 3204 nobiscum
1581 3153 1696 3222 generis
1718 3152 1840 3224 partic-pes

259 3235 318 3290 aive
333 3234 371 3292 ad
386 3234 597 3302 voluntarium,
613 3249 675 3306 quae
689 3235 810 3288 scientiae
825 3235 948 3289 terminis
961 3254 1038 3290 con·-
1084 3243 1158 3287 sunt.
1176 3235 1262 3288 Recte
1277 3243 1370 3289 autem
1385 3245 1414 3289 et
1428 3233 1528 3288 ordine
1539 3235 1695 3288 amicitiam
1706 3239 1850 3298 metiemu,¹

261 3321 367 3376 tinetur
387 3339 507 3395 quaeque
522 3321 624 3376 divinis
641 3321 751 3396 legibus
773 3333 961 3376 consentanee
983 3331 1039 3393 est,
1084 3322 1106 3376 si
1120 3321 1225 3396 bonos,
1239 3330 1272 3375 ut
1291 3321 1421 3378 humanae
1447 3331 1553 3377 nature
1570 3323 1776 3395 perlectionem
1793 3321 1850 3384 ser-3

261 3409 387 3465 inveniet
412 3427 475 3465 eam
500 3411 530 3464 in
551 3419 579 3464 te
599 3425 658 3464 esse
682 3407 820 3464 facultatis
840 3410 1040 3483 potestatisque
1084 3420 1196 3476 rantes,
1215 3427 1279 3462 eum
1299 3419 1419 3482 propter
1433 3419 1579 3478 naturam,
1600 3420 1661 3463 tum
1678 3411 1718 3465 ob
1741 3412 1838 3464 animun

263 3513 439 3566 mensuram,
462 3515 547 3570 quam
561 3515 637 3550 nunc
650 3494 763 3551 carmen
783 3497 880 3551 amicis
893 3513 951 3550 esse
963 3514 1039 3569 prte-
1083 3497 1316 3569 voluntatemque
1326 3498 1443 3551 omnino
1451 3497 1665 3571 amplectamur,
1673 3499 1762 3552 malos
1770 3507 1838 3550 auten

258 3581 386 3637 standam
398 3579 579 3650 docet,dum
593 3587 949 3655 uoaparvr'peccaticausa
965 3592 1042 3637 uetat
1084 3594 1204 3656 propter
1232 3601 1412 3638 communem
1438 3593 1570 3638 naturam
1602 3585 1696 3638 solum
1724 3601 1836 3648 amemus,

259 3684 361 3721 eorum
372 3668 546 3724 inimicitiam
561 3680 665 3724 temere
676 3671 833 3744 suscipere3
843 3671 949 3744 quippe
960 3669 1040 3742 quod
1085 3671 1192 3744 quippe
1207 3671 1255 3743 qui
1270 3670 1340 3724 nhil
1356 3670 1391 3724 ab
1407 3672 1502 3724 animo
1522 3669 1559 3725 ad
1579 3670 1766 3744 expetendam
1781 3673 1838 3742 ipso

263 3755 379 3830 omnia,
391 3775 453 3830 quae
470 3767 547 3812 extra
562 3757 687 3811 animum
701 3768 781 3824 sunt,
794 3759 824 3812 in
837 3759 931 3830 parvis
944 3757 1040 3826 habet,
1084 3773 1148 3810 rum
1157 3756 1308 3810 amicitiam
1319 3755 1404 3810 uobis
1414 3755 1543 3812 asserant.
1557 3757 1743 3831 Quapropter
1752 3767 1777 3812 et
1783 3767 1838 3810 recte

262 3843 465 3916 praecipitque,
480 3863 552 3912 non,
567 3853 599 3898 ut
613 3845 657 3899 his
670 3844 815 3917 parcendo
826 3863 862 3899 ex
878 3845 969 3900 amico
984 3845 1041 3898 ini·
1085 3842 1188 3898 dicitur
1210 3859 1293 3896 nenio
1317 3843 1448 3897 inimicus
1462 3859 1524 3898 esse
1542 3844 1606 3897 viro
1629 3844 1708 3899 bono
1732 3845 1837 3913 solaeque

260 3947 327 3984 cum
340 3931 494 4000 faciamus,
510 3930 560 3986 sed
574 3933 650 3986 utils
663 3934 760 4005 potius
775 3932 908 4005 neglectis
920 3932 1042 3986 amicum
1084 3929 1176 3984 bonus
1189 3929 1268 3984 bono
1285 3929 1402 3985 amicus.
1424 3929 1451 3982 Is
1471 3929 1562 3997 enim,
1578 3939 1612 3984 ut
1628 3929 1770 3984 hominem
1788 3927 1837 3980 dili-

260 4017 367 4089 iupsum
381 4035 590 4092 recuperemus,
601 4017 740 4090 nobisque
754 4020 785 4072 in
795 4017 926 4072 omatibus
937 4019 1041 4073 conscii
1085 4033 1170 4090 gens,
1191 4033 1227 4070 ne
1250 4016 1356 4068 malum
1371 4015 1487 4088 quidem
1499 4033 1553 4088 pro
1579 4016 1699 4072 inimico
1713 4017 1802 4077 habet;
1816 4024 1837 4065 ut

258 4104 359 4172 simus,
381 4123 432 4158 uos
457 4104 552 4176 quoad
581 4105 742 4176 potuimus,
766 4115 794 4159 et
814 4123 863 4160 eos
885 4105 935 4178 qui
958 4106 1042 4160 amici
1084 4121 1152 4158 vero
1160 4104 1262 4157 virtute
1271 4103 1421 4176 praeditum
1429 4102 1483 4156 sibi
1492 4104 1601 4158 socium
1613 4121 1742 4176 quaerens
1752 4103 1834 4155 honen

258 4199 341 4243 eraut
355 4207 533 4245 conservasse
543 4200 571 4244 et
586 4191 617 4244 in
631 4191 754 4246 deterius
764 4191 912 4264 prolapsos
925 4210 1041 4265 reeupe·
1084 4207 1119 4244 ex
1130 4189 1259 4243 omnibus
1273 4187 1385 4262 deligit,
1401 4189 1431 4241 in
1442 4188 1509 4261 ipsis
1522 4189 1605 4242 etiam
1618 4190 1748 4244 amicitiae
1757 4187 1836 4259 regulis

260 4293 350 4343 rasse,
364 4293 398 4330 ac
413 4294 506 4350 neque
521 4277 675 4332 inimicitiae
694 4279 827 4350 cuiquam
842 4297 951 4334 causam
965 4298 1039 4352 prae·
1084 4277 1169 4333 deum
1177 4277 1288 4330 imitans
1300 4277 1349 4348 qui
1358 4275 1504 4329 hominum
1515 4277 1659 4330 neminem
1669 4278 1739 4342 odit,
1750 4276 1834 4329 bonan

260 4362 368 4431 buisse,
382 4381 435 4416 nec
457 4365 482 4418 ei
496 4363 546 4434 qui
561 4373 662 4436 sponte
680 4382 729 4419 sua
742 4365 826 4420 nobis
841 4367 968 4421 inimicus
982 4378 1041 4422 erat
1084 4380 1153 4417 vcro
1164 4363 1307 4435 praecipue
1320 4361 1511 4436 amplectitur.
1526 4364 1579 4418 Ille
1593 4367 1671 4419 enirn
1689 4364 1835 4418 beneuolen-

259 4449 340 4522 paria
354 4447 470 4522 paribus
486 4447 623 4504 retulisse.
640 4451 708 4505 Haec
722 4451 796 4506 enim
812 4449 900 4506 dictat
911 4452 1040 4506 amicitiae
1084 4449 1127 4504 tiae
1134 4465 1191 4505 auae
1199 4447 1348 4504 commoda
1360 4448 1483 4504 humano
1493 4450 1590 4524 generi
1600 4453 1835 4522 communiterpor

261 4535 323 4610 lex,
339 4553 401 4608 quae
415 4535 552 4589 virtutum
567 4537 689 4592 maxima
702 4547 742 4592 est
762 4547 792 4592 et
805 4539 834 4592 in
851 4539 956 4594 caeteris
979 4549 1040 4593 tan·
1084 4537 1176 4610 rigens
1190 4536 1404 4590 convenientem
1416 4536 1530 4610 singulis
1544 4550 1650 4593 sortem
1664 4538 1834 4610 tribuit,pni·

260 4639 347 4695 quam
359 4640 456 4678 earum
468 4622 606 4696 perfectio
623 4623 725 4680 elucet.
739 4626 810 4682 Nam
825 4625 962 4680 virtutum
977 4624 1041 4680 linis
1084 4621 1136 4678 bos
1146 4622 1182 4678 ad
1193 4641 1222 4678 se
1232 4621 1386 4692 adducens,
1396 4625 1508 4678 virtutis
1517 4635 1609 4681 autem
1622 4624 1776 4681 desertores
1781 4625 1833 4693 jusu

260 4718 303 4764 eet
314 4711 453 4778 amicitia,
468 4710 640 4784 principium
654 4729 723 4766 vero
737 4713 836 4784 pietas.
848 4714 941 4784 Atque
954 4713 1041 4784 pieta·
1086 4711 1268 4784 castigatione
1278 4708 1315 4763 ad
1327 4707 1452 4763 officium
1461 4710 1608 4769 reducens.
1625 4712 1686 4768 Hoc
1696 4709 1832 4766 enimutris

260 4799 296 4854 tie
309 4801 382 4854 ratio
402 4798 486 4854 nobis
496 4799 640 4854 bonorum
655 4801 781 4855 omnium
793 4817 888 4856 semen
901 4809 956 4868 est,
969 4802 1039 4854 ami·
1085 4814 1140 4870 que
1158 4815 1316 4870 congruum
1340 4807 1425 4870 atque
1440 4799 1509 4852 utile
1531 4808 1583 4855 est.
1598 4799 1733 4854 Similiter
1756 4809 1780 4851 et
1795 4813 1830 4848 σοι

261 4889 334 4944 citiae
358 4907 428 4944 vero
453 4885 566 4944 habitus
590 4886 809 4963 perfectissimus
834 4897 876 4942 εει
901 4887 1038 4941 virtutum
1084 4885 1369 4939 omniumhominurn
1380 4885 1515 4940 amicitias
1528 4886 1622 4942 colere
1637 4881 1831 4961 oportet,adh'r

261 4973 379 5031 fructus.
403 4973 651 5043 Quemadmodum
674 4976 760 5050 igitur
781 4972 916 5045 justitiam
946 4973 1039 5028 colere
1083 4972 1142 5027 bita
1165 4974 1339 5048 singulorum
1365 4971 1507 5047 digrdtatis
1531 4973 1722 5030 distinctione.
1747 4971 1829 5026 Eteniu

261 5059 399 5118 debemus
412 5081 472 5118 non
484 5064 576 5118 solum
589 5079 658 5137 erga
672 5079 720 5118 eoa
741 5063 791 5134 qui
801 5061 875 5132 juste
890 5057 1038 5114 uobiscum
1083 5062 1296 5134 temperantiam
1314 5070 1342 5115 et
1373 5059 1509 5133 justitiam
1528 5061 1719 5116 exercebimus
1741 5071 1829 5130 ergau

260 5159 367 5224 agunt,
382 5149 432 5206 sed
449 5161 478 5206 et
490 5167 557 5225 erga
568 5168 616 5206 eos
631 5151 682 5223 qui
693 5149 775 5206 nobis
786 5147 918 5220 injuriam
932 5163 1039 5204 conan-
1083 5165 1209 5220 mnes,ac
1222 5167 1279 5202 non
1291 5147 1383 5204 solum
1392 5165 1459 5222 erga
1468 5146 1560 5219 justos
1576 5156 1605 5202 et
1619 5154 1827 5220 imperatorem
1849 5137 1850 5222 γ
