3708 5916
271 387 331 440 426
793 377 995 440 nttnoetts
1020 377 1328 444 COMMENTARIUS

266 509 299 570 ιίν
312 532 350 590 τιρ
365 507 461 578 θόξιιεν
475 507 525 569 tat
540 511 586 582 τῆς
600 508 735 584 συνηθείας
752 510 801 584 τὴν
813 509 881 580 λίξιν
899 510 1045 594 ίμροιίνειν.
1442 517 1482 579 V·
1505 524 1535 585 ίι.
1843 535 1844 608 γ

264 595 354 665 Ὅλους
368 597 420 678 γθρ
433 595 467 655 et
480 596 586 678 χείρονα
599 603 645 670 τῆς
659 597 821 678 ιἰνθροίπίνης
842 599 930 668 οὐσίας
950 601 980 660 οὐ
999 624 1049 660 κοι-
1198 651 1204 665 ,
1365 652 1372 669 ,
1464 653 1472 668 ,
1514 653 1521 674 ‚
1617 653 1625 671 ,
1843 663 1844 676 γ

266 685 341 758 θήκιι
350 695 428 763 τιμᾶν
440 689 476 764 τῷ
486 687 615 768 ίρωτινῶς
625 685 712 767 ίχοντι
720 691 765 746 τοῦ
777 691 835 747 θεοῦ
846 685 946 760 καίτῆς
956 691 1051 748 ίαυτοῦ
1158 653 1512 716 Τουςπγοναςτψα’τω“
1530 653 1619 718 mm
1636 655 1795 719 Μ’
1843 687 1844 772 ί

265 771 340 840 ιἰξίας
354 771 506 852 ᾐσθημίνιμ.
523 771 591 833 Ἀλλ’
605 773 664 834 etet
677 772 755 834 αὐτὸν
773 773 817 834 τὀν
832 774 966 854 άνθριυπον
983 774 1050 854 μετὰ
1136 783 1204 851 Τοὺς
1229 779 1276 862 μὲν
1301 780 1412 862 ἀγοοοὺς
1433 780 1599 862 ἀνθρώπους,
1613 786 1647 851 ὡς
1666 773 1844 864 δοιμοοίοοςοί

265 859 300 920 cd
312 860 447 937 κρείττονα
456 859 615 938 τιμήσομεν,
626 859 672 919 etv
680 859 721 936 ,μὴ
731 869 784 928 τοῖς
793 862 937 940 κρείττοσιν
951 866 1051 940 όιμοιω·
1097 872 1194 950 θείους,
1210 870 1295 931 cisae
1308 874 1322 931 ὁ
1334 871 1408 948 λόγος
1418 870 1540 931 ὑπέθετο·
1551 871 1611 939 τοὺς
1623 871 1650 930 δὲ
1659 871 1760 950 γονέος
1774 877 1812 931 χοὶ
1820 888 1844 936 ογ

266 939 373 1027 μόνοςῇ
394 947 439 1007 καί
456 946 567 1034 τῖρθείιρ
578 949 650 1027 χορῷ
671 951 878 1030 συμφερόμενος.
898 949 947 1017 Τίς
969 942 1050 1022 οῦνὴ
1098 959 1175 1038 ἐγγύς
1194 961 1331 1018 τετούτων
1353 963 1386 1038 τῇ
1409 961 1506 1040 φυσικῇ
1525 956 1662 1038 συγγενείορ
1689 959 1844 1037 προσάμωτη

266 1033 333 1112 “hb
353 1033 398 1094 καί
416 1033 526 1107 ἳθθῑωθῖ
548 1034 578 1093 ἳθ
591 1034 687 1110 ‘mil‘
702 1035 793 1115 ῥίίῑθθ
814 1035 889 1117 φησί·
917 1039 1004 1096 Τθῧῒῦ
1024 1037 1051 1095 δί
1098 1046 1183 1107 θποῑοί
1195 1049 1254 1106 ποτ’
1265 1047 1298 1106 ἂν
1307 1037 1371 1116 ῶσι,
1384 1049 1416 1106 δι’
1429 1046 1511 1117 αῦτλν
1522 1044 1571 1118 τὴν
1581 1049 1627 1118 τῆς
1639 1045 1761 1124 τγὲσειος
1771 1039 1844 1128 diripi

267 1123 323 1181 ίστι
337 1120 368 1180 τὸ
378 1121 513 1182 πείθεσθαι
531 1109 567 1188 οἷς
582 1124 803 1184 καταλελοίπασιν
817 1127 882 1200 ἡμῖν
902 1123 1052 1203 παρσγγίλ-
1098 1143 1178 1213 τιμᾶν
1195 1135 1347 1210 ιῑοηγεῑται.
1359 1132 1448 1212 Ὅπερ
1471 1135 1522 1210 γὰρ
1541 1139 1606 1210 ἡμῖν
1629 1136 1653 1192 οἱ
1667 1133 1811 1213 κρείττονός
1826 1139 1844 1200 th

268 1232 349 1287 μασι,
363 1208 408 1268 καὶ
422 1211 456 1276 ὡς
470 1209 557 1286 νόμοις
570 1211 690 1288 ίμμίνιιν
705 1220 760 1278 τοῖς
773 1212 878 1272 ἐκείνων
896 1211 982 1289 λόγοις
1007 1211 1053 1272 καί
1098 1218 1168 1280 κατὰ
1180 1220 1228 1289 τὴν
1241 1219 1323 1278 ἀΐδιον
1338 1219 1497 1298 συγγένειαν,
1509 1219 1630 1299 ποτέρων
1640 1221 1691 1296 μὲν
1703 1219 1774 1289 τάξιν
1785 1221 1844 1300 ἔγωγ

267 1297 316 1367 τὴν
329 1297 411 1368 αὐτὴν
425 1297 483 1358 θδδν
495 1296 613 1375 μετιίναι
623 1304 668 1357 τοῦ
680 1297 753 1378 βίου,
765 1300 797 1372 ἣν
808 1303 901 1360 ίκεῐνοι
912 1299 1054 1368 διελθόντες
1099 1309 1123 1365 οί
1138 1305 1268 1388 οὖρόνιοι,
1286 1311 1417 1384 συγγενῶν
1431 1307 1458 1368 δὲ
1473 1307 1567 1384 τιμίων
1582 1311 1607 1367 οί
1620 1305 1724 1387 ἥρωες·
1736 1313 1805 1367 τοῦτο
1817 1303 1844 1386 τά

269 1387 316 1444 ⁰¹3²
338 1383 481 1464 ίθθόθηῦαθ
503 1384 599 1456 ταύτης
618 1389 681 1462 ἡμῖν
705 1389 875 1462 μῑτσδθῧναῑ,
891 1388 949 1446 ἄλλ’
964 1385 1053 1466 ὥσπερ
1100 1394 1144 1454 τὸν
1156 1393 1248 1466 θνητὸν
1263 1393 1319 1476 βίον
1333 1395 1496 1454 συντελοῦσιν
1511 1399 1575 1472 ἡμῖν
1595 1397 1619 1454 σί
1632 1403 1722 1474 γονεῖς
1735 1395 1778 1454 κοί
1793 1398 1812 1453 σί
1827 1399 1844 1476 ἐγ

268 1470 328 1531 τινίι
340 1472 469 1532 ἀθάνατον
482 1471 528 1531 καί
541 1475 662 1553 πατρῷον
682 1477 778 1553 κλῆρον
793 1474 982 1553 διηγωνίσαντο
998 1485 1051 1542 τοῖς
1099 1487 1217 1564 veeste,
1232 1485 1256 1542 οἱ
1271 1483 1402 1562 ἐγγύτατα
1414 1487 1465 1542 τῶν
1483 1483 1579 1561 γονέων
1593 1483 1683 1557 ὄντες,
1697 1482 1746 1540 χοὶ
1758 1483 1796 1540 dd
1807 1490 1844 1542 esta

271 1559 499 1639 μεταγενεστέροις
517 1560 690 1640 διαφυλάξαι,
703 1560 737 1621 τθι
750 1565 867 1642 στοιχεῖα
881 1567 934 1622 τῶν
955 1567 1054 1643 ἀρετῶν
1099 1577 1133 1645 τῆ
1148 1570 1216 1647 μετὰ
1228 1571 1319 1650 γονέας
1332 1573 1398 1650 τιμῇ
1412 1569 1607 1646 σεμνυνόμενοι.
1625 1573 1689 1638 Πῶς
1705 1565 1750 1628 οῦν
1768 1571 1844 1632 zaid

270 1646 317 1706 καί
334 1651 380 1718 τῆς
400 1645 522 1718 &habim
542 1645 600 1714 ²⁰3²<
621 1647 733 1716 κανόνας
752 1651 788 1716 Εἷς
811 1648 894 1709 totth*
916 1651 1006 1731 ὅφθθθς
1028 1653 1054 1710 ίν
1100 1637 1158 1728 τόυς
1169 1660 1330 1736 τιμήσομεν;
1341 1649 1392 1738 δρα
1401 1657 1445 1717 τὸν
1457 1660 1557 1718 ἑαυτῶν
1569 1656 1625 1736 βίον
1641 1659 1710 1738 πρὸς
1728 1657 1773 1728 τὴν
1785 1660 1844 1736 mi

270 1737 411 1817 γράμμασι
423 1731 610 1812 καταθίμινοι·
621 1726 658 1804 οἷς
672 1736 702 1795 τδ
716 1737 850 1797 πείθεσθαι
865 1739 910 1797 καί
929 1744 974 1822 ζῇν
994 1743 1055 1799 teo·
1101 1736 1409 1816 δπευθιίνοντεςγνιίιμην,
1418 1735 1486 1797 ῶστε
1496 1737 1611 1805 δοξάζειν
1621 1761 1649 1796 τε
1660 1743 1747 1795 ταῦτα
1755 1736 1844 1814 καίτρη

271 1824 371 1900 μόνως,
392 1822 554 1902 ἀληθεστέρα
576 1823 680 1883 ίκιίνων
702 1824 767 1899 τιμὴ
788 1825 950 1903 γίγνεται,ἣ
972 1825 996 1886 εί
1017 1849 1056 1892 τις
1101 1847 1166 1899 τειν,
1178 1823 1233 1882 όδν
1243 1823 1348 1890 ίκείνοις
1359 1823 1399 1895 εἴη
1411 1823 1491 1905 φίλας
1503 1823 1573 1884 Ἀλλ’
1582 1823 1661 1890 οῦτιος
1671 1823 1707 1882 ἃν
1718 1819 1844 1904 περιτριτεί

270 1911 335 1992 χοάς
349 1914 435 1980 αὐτοῖς
446 1909 558 1992 ίπιρίρῃ
570 1911 795 1978 πολυτελεστάτας
807 1912 853 1971 καὶ
864 1915 968 1991 ίνσγίζῃ
979 1916 1057 1973 πλου-
1101 1919 1119 1986 ἡ
1133 1917 1184 1972 τῶν
1196 1914 1295 1991 αἰριτῶν
1307 1911 1418 1982 ἄσκησις
1431 1910 1496 1993 πρὸς
1504 1911 1599 1978 κακίας
1610 1913 1743 1984 σπουδήν,
1755 1915 1776 1970 εί
1785 1913 1844 1988 τόγοί

272 1998 344 2066 σίνος.
357 1997 473 2069 Τοιαύτη
496 1998 544 2074 μίν
558 2001 641 2069 ἡτῶν
661 1997 817 2078 κρειττόνων
839 1999 916 2076 τιμή,
936 1999 988 2058 derb
1010 2003 1055 2058 τοῦ
1103 1999 1173 2066 ὄντες
1185 1999 1293 2079 πονηροί
1306 2002 1331 2058 οί
1346 1997 1465 2076 πατίρες.
1476 1997 1555 2057 Ἀλλά
1571 1998 1738 2074 ἀτιμάσομεν
1752 1995 1844 2064 σάτοθςά

272 2088 431 2168 δημιουργοῦ
446 2085 581 2168 όρξαμίνη
595 2085 641 2144 καί
655 2089 691 2156 είς
704 2086 855 2166 ἀνθρώπους
869 2085 927 2152 τοὺς
946 2086 1057 2166 ἀγαθοὺς
1102 2087 1189 2145 πάντα
1203 2085 1247 2145 διδ
1258 2085 1306 2157 τὴν
1319 2089 1366 2157 τῆς
1380 2087 1474 2152 κακίας
1486 2085 1665 2165 κατάγνωσιν;
1675 2086 1723 2144 καί
1738 2089 1789 2152 πῶς
1797 2079 1844 2178 ε’τιγ

271 2173 452 2253 πιριιτουμίνη
474 2172 518 2232 διίι
543 2173 631 2252 με’σων
650 2177 701 2232 τῶν
720 2173 846 2252 οὐρανίων
867 2173 912 2232 καί
936 2175 1056 2254 σιίθιρίων
1102 2173 1212 2253 παρόντι
1230 2175 1302 2252 νόμῳ
1322 2175 1480 2249 πειθόμεθα;
1496 2175 1553 2239 πῶς
1577 2171 1606 2231 δὲ
1626 2172 1673 2245 τὴν
1690 2173 1844 2244 teneremini

271 2265 364 2341 γενῶν.
384 2261 495 2335 Ἐπειδὴ
517 2263 545 2324 δὲ
569 2260 616 2322 καί
637 2267 689 2322 τῶν
707 2263 777 2320 κατὰ
800 2261 844 2319 τὸν
862 2262 917 2340 βίον
940 2263 1056 2342 σχίσιων
1102 2266 1154 2322 τῶν
1165 2260 1260 2340 γονέων
1275 2262 1293 2332 ἢ
1306 2261 1355 2334 τὴν
1368 2261 1484 2342 ἡρωϊκὴν
1498 2264 1551 2320 τῶν
1562 2260 1713 2340 ιἰγχιστίων
1726 2258 1844 2339 lapsare*

272 2350 394 2408 πλεῖστον
406 2349 445 2407 δεῖ
458 2349 589 2408 ποιεῖσθαι
602 2349 688 2429 λόγον,
701 2339 755 2408 οἷον
770 2349 892 2429 πατέρων
907 2350 954 2410 καί
964 2371 1054 2427 συγγε-
1103 2351 1228 2426 τιμῶντες
1243 2350 1291 2407 οὐκ
1302 2350 1338 2415 είς
1352 2348 1461 2415 ἐκείνους
1473 2348 1651 2424 άσεόήσομεν,
1666 2339 1706 2414 οἷς
1723 2347 1844 2411 τοίτωςὲιι

272 2441 323 2496 νῶν
347 2434 387 2513 (σί
406 2437 435 2494 οὗ
450 2434 555 2502 πάντως
575 2435 622 2512 μέν
642 2438 706 2494 είσιν
726 2435 839 2515 ἀγαθοί,
857 2437 961 2502 πόντιος
982 2436 1009 2494 ὀί
1029 2435 1058 2494 τδ
1103 2439 1176 2495 κε’νιιι
1188 2437 1289 2516 papiu
1302 2435 1347 2494 καί
1358 2435 1465 2507 οθτωςὴ
1476 2437 1587 2495 δοκοῦσα
1600 2438 1635 2495 δι’
1647 2435 1778 2502 ἀπειθείας
1788 2435 1844 2511 γονέα

273 2525 359 2598 τίμιον
372 2527 407 2590 ὡς
421 2521 484 2601 πρὸς
494 2527 565 2599 ἡμᾶς
578 2547 610 2602 τη
626 2521 686 2604 sitq
707 2527 753 2595 τῆς
764 2525 879 2604 σχίσεως
894 2525 1057 2601 κέκτηνται),
1104 2523 1183 2600 άρετὴ
1198 2525 1262 2597 ἡμῖν
1285 2524 1420 2582 δοκεῖσθαι
1434 2523 1469 2588 εἷς
1483 2523 1569 2600 μεῖζον
1588 2522 1670 2582 κακὸν
1685 2522 1844 2603 περιπίπτει

272 2611 365 2672 τούτου
376 2611 453 2691 χάριν
469 2609 597 2688 ίπνίγαγι·
1102 2608 1152 2680 τὴν
1172 2607 1304 2669 οἷσίόειαν.
1321 2608 1477 2686 Πειθόμενοι
1491 2609 1518 2668 δὲ
1533 2609 1621 2669 πάντα
1635 2615 1754 2690 γονεῦσι,
1765 2609 1844 2674 πῶςολ

274 2843 307 2889 nt
321 2833 445 2908 cuipiam
468 2831 584 2888 forsitan
599 2832 707 2888 locutio
729 2807 818 2888 haece
838 2833 982 2887 communi
1004 2852 1056 2888 usu
1454 2837 1488 2893 V.
1510 2841 1539 2900 4.

273 2919 431 2995 significare
444 2919 586 2976 videatur.
602 2921 727 2975 Οτιιιιίιιο
740 2921 814 2974 enim
828 2939 887 2975 non
900 2921 979 2976 decet
992 2939 1057 2976 eum

275 3010 326 3082 qui
341 3011 433 3064 Deum
451 3016 527 3062 amat
547 3018 665 3062 τίουσαι
689 3006 856 3082 dignitatem
874 3008 1004 3083 intelligit
1025 3026 1058 3063 ea
1148 2971 1562 3036 om⁸⁰n⁸mp³m¹⁰⁸m⁰⁸
1577 2969 1823 3034 qnipmimwffl

1462 3045 1528 3092 sunt.

173 3108 176 3112 ·
274 3095 435 3163 honorare,
451 3111 513 3166 qun
526 3093 691 3148 bominibus
713 3103 814 3150 natura
827 3106 892 3149 sunt
905 3095 1055 3150 deteriora.

276 3182 338 3237 lmo
353 3197 421 3236 rere
430 3198 483 3236 nec
497 3181 574 3254 ipsos
584 3181 713 3235 homines
726 3193 792 3254 post
804 3184 997 3255 praestantiom
1010 3183 1057 3238 illa
1143 3176 1183 3232 Ut
1196 3176 1290 3231 bonos
1303 3177 1396 3247 viros,
1413 3187 1547 3248 tanquam
1560 3175 1702 3248 sapientes
1716 3184 1742 3228 et
1755 3171 1844 3246 ιίίνίοιιγ

277 3268 496 3338 honorabimus,
509 3270 562 3323 nisi
578 3270 817 3342 praestantioribus
830 3270 934 3324 similes
946 3269 1056 3325 divino·
1106 3266 1231 3321 colamus
1244 3283 1357 3328 carmen
1369 3263 1455 3318 nobis
1469 3259 1623 3337 praecepit,
1634 3271 1762 3334 parentes
1775 3263 1844 3332 ruod

278 3373 334 3430 que
350 3356 441 3411 choro
467 3355 613 3434 conjuncti
635 3357 708 3413 sint?
727 3357 782 3428 Qui
805 3358 892 3431 igitur
905 3355 997 3411 honos
1015 3357 1059 3413 bis
1104 3354 1225 3408 naturali
1249 3353 1418 3427 cognatione
1436 3351 1476 3407 cis
1497 3349 1662 3424 proximos,
1679 3347 1844 3420 qualescunque

276 3462 394 3517 quoque
409 3443 584 3498 exhibendus
601 3443 659 3498 esti
669 3445 807 3518 legitima,
822 3445 925 3517 inquit,
933 3443 1054 3513 sacer-e:
1105 3441 1220 3498 demum
1233 3441 1304 3510 sint,
1315 3449 1435 3514 propter
1447 3439 1534 3511 ipsam
1544 3434 1776 3491 necessitudinem
1786 3432 1844 3484 hona

277 3527 335 3586 hoc
348 3548 415 3585 vero
429 3537 470 3584 est
481 3531 515 3584 iis
528 3529 648 3585 obedire
661 3533 824 3604 praecptis,
841 3549 903 3603 quae
918 3531 959 3586 itti
976 3532 1060 3587 nobis
1104 3529 1210 3585 randos
1225 3547 1282 3584 esse
1297 3527 1391 3583 docet.
1411 3523 1498 3598 Quod
1511 3525 1584 3579 enim
1599 3523 1698 3596 superi
1712 3521 1785 3574 nobis
1792 3527 1844 3580 sunt,

277 3619 470 3692 reliquerunt,
483 3628 621 3672 eteorum
637 3617 711 3672 dicta
728 3629 863 3690 tanquam
874 3618 949 3692 leges
965 3618 1050 3674 obser
1105 3617 1210 3671 coelites
1228 3615 1346 3690 quidem
1359 3625 1462 3668 aeterna
1478 3612 1651 3686 cognatione
1665 3606 1844 3682 parentumlaea

279 3723 346 3760 aare
358 3746 365 3775 ,
378 3715 463 3777 atque
479 3703 598 3759 eandem
613 3705 677 3759 vitae
689 3705 764 3758 viam
779 3703 906 3779 ingredi,
918 3723 1002 3778 ιγιιιιιπ
1020 3706 1057 3762 iili
1105 3704 1188 3758 nobis
1205 3703 1371 3784 constituti,
1395 3711 1579 3776 cognatorum
1595 3710 1691 3753 autem
1704 3691 1844 3750 honorande«

278 3795 383 3848 emensi
398 3791 482 3847 nobis
500 3803 658 3847 monstrare
672 3811 732 3847 non
755 3791 898 3866 dedignati
912 3802 990 3862 sunt,
1010 3792 1059 3848 sed
1105 3808 1168 3844 rum
1185 3789 1251 3846 ioco
1267 3789 1368 3846 heroes
1384 3808 1391 3844 ε
1409 3789 1438 3844 id
1455 3790 1546 3862 ipsum
1562 3785 1647 3842 nobis
1664 3786 1695 3840 in
1708 3785 1756 3839 hae
1767 3781 1844 3836 meruli

279 3897 394 3955 operam
407 3879 506 3935 sedulo
522 3878 677 3950 dedenunt,
693 3891 724 3934 ut
736 3881 811 3935 hanc
824 3881 902 3935 velut
913 3881 1057 3936 immorta-
1104 3879 1162 3933 vita
1179 3889 1246 3933 sunt
1266 3887 1397 3952 parentes
1419 3886 1448 3932 et
1470 3874 1640 3950 propinqui,
1660 3874 1712 3946 qui
1724 3869 1844 3946 parentibus

278 3967 334 4022 lem
349 3966 492 4040 quandam
503 3978 711 4042 paternamque
733 3967 918 4023 hereditatem
940 3969 1059 4042 posteris
1104 3966 1228 4038 proximi
1247 3977 1312 4020 sunt
1336 3977 1421 4037 atque
1435 3963 1501 4018 ideo
1522 3962 1656 4036 proximo
1673 3969 1737 4034 post
1753 3965 1842 4032 parentes

279 4065 491 4122 conservarent,
507 4056 643 4110 virtutum
659 4055 794 4110 elementa
813 4056 993 4128 veritatisque
1010 4073 1058 4110 re·
1103 4052 1214 4107 honore
1229 4051 1414 4108 decorantur.
1431 4047 1585 4122 Quomodo
1601 4049 1692 4122 igitur
1705 4049 1752 4102 hos
1763 4056 1844 4116 quoque

279 4143 358 4215 gulas
383 4143 412 4194 in
433 4159 612 4197 communem
634 4161 716 4197 usum
741 4143 853 4216 scriptis
876 4143 1040 4200 mandantes
1047 4165 1056 4219 3
1102 4143 1323 4200 honorabimus?
1344 4161 1413 4197 num
1431 4143 1516 4196 vitam
1541 4149 1667 4196 nostram
1692 4141 1728 4194 ita
1747 4135 1776 4192 ad
1795 4134 1840 4188 iiio·

280 4227 384 4300 quibns
398 4226 516 4300 obsequi
534 4241 561 4283 et
576 4239 765 4304 congruenter
778 4232 865 4286 vitam
879 4249 958 4285 suam
976 4233 1058 4286 insti·
1103 4250 1167 4285 rum
1181 4232 1348 4286 sententiam
1365 4228 1584 4305 componendo,
1598 4239 1676 4283 ntea
1688 4245 1745 4300 que
1759 4221 1841 4292 illispb·

280 4325 360 4370 tuere
373 4315 468 4368 verior
483 4326 524 4369 est
536 4333 635 4370 eorum
649 4317 754 4386 cuitus,
769 4333 852 4389 qnam
868 4317 891 4371 si
907 4318 969 4389 quis
985 4317 1058 4373 liba·
1104 4329 1185 4386 cent,
1200 4336 1251 4372 nos
1265 4328 1293 4371 et
1303 4319 1454 4373 sentiamus
1467 4328 1496 4372 et
1511 4315 1839 4372 faciamusiltaveroerer

279 4401 354 4456 mina
366 4401 406 4455 eis
420 4401 522 4456 offerat
534 4403 752 4456 sumtuosissimae
768 4401 943 4476 profuseque
954 4419 1059 4476 parcn—
1104 4403 1201 4457 citatio
1222 4403 1334 4456 virtutis
1350 4413 1476 4457 vertatur
1491 4403 1521 4464 in
1535 4403 1597 4454 vitii
1614 4401 1750 4466 studium,
1767 4399 1784 4451 si
1795 4395 1839 4447 ίοιθ

279 4497 329 4542 tet.
347 4485 515 4558 liujusmodi
535 4489 676 4562 igiturest
693 4489 785 4544 honos
797 4490 905 4563 superis
917 4489 1057 4564 tributus,
1103 4491 1169 4545 maii
1181 4492 1236 4545 sint
1246 4501 1388 4564 parentes.
1402 4491 1477 4544 Num
1497 4506 1570 4545 vero
1583 4490 1623 4543 eis
1642 4490 1673 4542 in
1686 4487 1807 4550 omnibus,
1817 4480 1839 4534 ιθ

279 4577 330 4666 qui
354 4587 514 4632 acreatore
535 4578 673 4652 incipiens
686 4577 717 4630 in
738 4577 831 4632 bonos
853 4578 980 4631 homines
1005 4596 1058 4652 per
1102 4579 1237 4632 vitiorum
1251 4575 1656 4650 improbationem,honorem
1667 4567 1837 4646 denegabimus?

278 4662 372 4719 media
384 4662 505 4720 caelestia
517 4678 600 4738 atque
612 4663 732 4719 aetherea
741 4681 843 4738 genera
853 4661 966 4721 desinit.
978 4666 1055 4736 Quo·
1102 4663 1256 4738 Quomodo
1264 4665 1350 4738 igitur
1359 4663 1424 4718 iruic
1437 4662 1491 4737 legi
1505 4663 1625 4736 emplius
1642 4653 1837 4736 parebimustnt

278 4753 354 4806 niam
369 4763 463 4808 autem
479 4761 507 4807 et
519 4751 774 4819 necessitudinum,
789 4769 852 4826 quae
867 4749 897 4807 in
910 4753 1058 4808 hominnm
1105 4756 1154 4826 qui
1168 4751 1232 4824 fiat,
1246 4762 1277 4807 ut
1289 4751 1357 4806 dum
1371 4751 1472 4806 divinae
1487 4751 1518 4804 in
1533 4751 1700 4823 parentibus
1712 4745 1835 4819 imap'nitt¹

278 4841 366 4894 vitam
381 4839 502 4906 cadunt,
521 4840 664 4915 praecipua
678 4850 719 4895 est
731 4839 862 4895 habenda
878 4841 1059 4907 1·atio‚reiut
1103 4841 1223 4896 heroicae
1236 4841 1464 4914 propinquorum
1481 4841 1587 4912 speciei
1602 4839 1738 4895 honorem
1751 4835 1834 4902 denqi-

278 4938 428 5001 parentum
443 4938 470 4983 et
485 4939 671 5004 cognatorum
694 4929 764 5001 (qui
779 4928 844 4984 lieet
863 4947 921 4982 non
941 4930 1058 4983 omnino
1104 4947 1181 5003 mus,
1198 4947 1256 4982 non
1271 4930 1360 4984 ineos
1380 4927 1532 5002 impietatis
1549 4929 1591 4982 rei
1604 4930 1708 4995 simus,
1725 4917 1833 4998 quibnssi-

278 5015 348 5074 boni
370 5017 442 5090 sint,
470 5019 588 5072 omnino
609 5027 701 5072 tamen
718 5027 835 5092 propter
848 5018 1060 5073 necessitudinis
1103 5017 1183 5071 miles
1203 5015 1255 5072 hos
1276 5033 1333 5072 esse
1354 5016 1492 5073 dicimus?
1513 5020 1556 5072 lta
1578 5035 1645 5073 vero
1663 5019 1834 5084 riemann

283 5102 449 5176 dignitatem
465 5107 567 5161 merito
581 5103 659 5181 apud
678 5122 730 5160 nos
742 5113 806 5160 sunt
820 5105 848 5159 in
865 5104 988 5183 bonore)
1011 5103 1060 5162 id·
1104 5106 1189 5161 nobis
1206 5108 1235 5161 in
1258 5103 1388 5181 negando
1407 5104 1574 5181 parentibus
1597 5106 1732 5180 obsequio
1751 5091 1834 5157 exerceri

280 5190 358 5246 circo
371 5189 484 5263 adjicit:
1104 5193 1226 5270 videtur,
1240 5195 1269 5249 in
1279 5194 1383 5248 malum
1398 5196 1524 5270 gravius,
1543 5195 1716 5269 impietatem
1728 5188 1796 5247 cedet.
1806 5181 1844 5236 Sit
