3838 5926
218 443 255 492 ιι
358 377 391 514 ’χ
863 415 1166 483 connexuimus

216 563 260 619 sic
272 560 471 638 inposteriore
483 568 564 616 acrrta
573 556 676 614 calidis
686 555 820 634 opposita
830 553 866 612 de
877 552 991 629 frigidis
1029 583 1031 588 ·
1072 547 1123 609 Vs.
1144 551 1211 616 θοι.
1238 544 1327 624 βύσσῳ
1341 543 1368 601 tt
1386 540 1454 623 κτλ]
1468 539 1641 598 Plutarchus
1663 537 1699 596 de
1720 537 1810 596 Orac.

159 677 165 704 t
218 646 404 720 intelligenda
430 644 536 702 videri.
559 643 707 719 Siquidem
730 642 783 700 bac
805 639 992 699 translatione
1036 637 1093 696 det.
1108 657 1175 716 pag.
1193 635 1263 704 433,
1279 632 1339 690 νοί.
1354 631 1408 690 Vll
1421 651 1451 706 p.
1469 638 1524 702 7⁰4
1537 627 1584 686 ed.
1601 625 1697 686 netu.
1712 639 1811 684 osten·
1873 690 1876 694 ¹

163 773 165 780 ‹
218 734 354 792 Horatius
370 732 466 791 Carni.
480 728 534 789 lib.
553 729 578 800 1,
591 749 622 805 9,
640 739 656 799 l
673 732 739 806 gelu
749 742 858 784 acutum
876 727 952 784 dixit
965 738 993 784 et
1023 725 1109 783 'dens
1125 725 1182 782 alia
1197 721 1263 780 aliis
1283 738 1345 778 esse
1365 717 1551 792 congruentia
1566 713 1739 792 Empedocle
1753 715 1814 772 uti-

218 809 283 877 arite
294 839 358 877 eum
370 818 514 890 Pindarus
523 816 608 894 Pyth.
624 815 650 888 l,
666 836 704 877 ao
715 813 780 893 χιὼν
791 813 872 889 θῑιῑα,
886 812 936 870 ubi
947 813 996 886 inf
1037 824 1085 870 tur
1109 823 1234 870 auctore.
1251 808 1318 865 llaec
1338 818 1431 863 autem
1453 803 1516 880 ejus
1535 801 1624 860 verba
1638 813 1725 860 sunt:
1742 800 1816 858 ἄλλοι

219 919 330 984 terpres
346 907 464 964 Graecus
480 925 487 962 ε
506 903 590 970 ὀξεῖαν
604 903 631 963 δὲ
647 903 723 981 χιόνα
737 902 825 980 φησίν,
841 901 899 973 ἤτοι
921 899 993 978 παρὰ
1037 897 1087 977 γὰρ
1102 898 1190 963 ἄλλοις
1213 892 1295 954 οίκεῖα
1309 893 1354 951 καί
1367 889 1517 970 πρόορορα,
1543 887 1660 966 καθάπερ
1691 891 1737 959 τῆς
1766 886 1818 962 μὲν

218 992 266 1063 τὴν
278 992 427 1062 πυκνότητα
442 993 489 1061 τῆς
511 997 662 1070 καταφορᾶς
679 987 784 1066 ἣπαρίι
801 987 849 1059 τὴν
861 985 995 1067 ψυχρότα-
1038 985 1193 1066 πορρόραςθ
1208 983 1316 1058 κύαμος,
1333 983 1378 1050 τῆς
1392 979 1420 1036 δὲ
1433 978 1527 1036 κόκκου
1543 973 1573 1033 τό
1586 975 1671 1052 νίτρον
1686 972 1817 1044 δοκεῖν-ἡν

219 1101 270 1154 τα,
290 1078 329 1137 ότι
341 1081 365 1137 ot
381 1077 553 1158 ἐφαπτόμενοι
573 1075 662 1152 ὅμοιόν
679 1097 704 1133 τι
723 1069 857 1155 ποία-γουσι
869 1082 920 1140 τοῖς
934 1095 992 1132 κεν·
1039 1073 1125 1152 βορὴν
1138 1071 1209 1150 ἄγειν
1222 1066 1389 1146 μεμιγμένον·
1408 1091 1420 1116 α
1439 1063 1527 1143 βόσσιρ
1543 1060 1571 1120 bl
1589 1063 1705 1140 γλαυκῆς
1718 1059 1817 1138 κρόκου

165 1188 167 1192 ’
218 1165 361 1243 τουμίνοις.
1038 1158 1246 1236 καταμίσγεται,
1264 1157 1324 1218 νόος
1340 1151 1523 1229 Ἐμπεδοκλῆς
1543 1147 1640 1226 είρηκε.
1661 1147 1743 1204 Patet
1766 1147 1820 1203 de-
1890 1175 1895 1182 ·

170 1331 173 1340 ¹
257 1258 322 1331 yos.
339 1253 488 1322 llo-341.
505 1250 564 1328 οίνῳ
579 1249 648 1327 ὕδωρ
672 1246 740 1328 κτλ]
760 1247 942 1326 Philoponus
964 1239 995 1305 in
1039 1258 1174 1323 pravatus
1194 1261 1256 1302 esse
1276 1258 1376 1298 versus
1400 1235 1582 1314 Empedoclei
1607 1233 1766 1310 reliquias,
1783 1244 1819 1290 ut

201 1373 203 1377 ·
220 1340 527 1398 AristeadeGenerat.
537 1337 633 1395 Anim.
643 1336 670 1393 ll
682 1338 702 1396 f.
714 1337 751 1411 59
761 1356 787 1397 a.
798 1355 805 1394 ε
817 1335 996 1407 Ἐμπεδοκλῆς
1040 1333 1162 1392 difficile
1183 1330 1222 1388 sit
1238 1339 1331 1406 poetae
1348 1343 1464 1382 munitm
1479 1323 1628 1380 resitnere.
1644 1321 1686 1379 Ac
1706 1318 1819 1395 Xylan·

222 1427 249 1483 ἐν
264 1425 346 1484 όπασι
363 1432 416 1492 τοῖς
429 1422 534 1500 σμἰμασι
547 1430 599 1488 τοῖς
615 1421 665 1480 ὑπὸ
687 1423 810 1494 σελήνην,
833 1413 885 1480 οἷον
902 1421 995 1495 ὕδασι,
1040 1423 1092 1480 der
1106 1418 1222 1497 quidem
1244 1411 1365 1472 tentavit
1387 1432 1394 1467 z
1420 1408 1510 1488 βόσσιρ
1533 1404 1560 1464 δὲ
1574 1405 1697 1484 γλαόκοιο
1720 1403 1819 1481 κρόκου

222 1511 316 1579 ἐλαίοις
330 1513 375 1572 καί
397 1519 450 1577 τοῖς
471 1511 558 1576 ἄλλοις
580 1500 645 1568 ιίναι
667 1510 754 1587 ἔλεγεν
774 1507 998 1586 ἀναμεμιγμένους
1040 1505 1231 1582 καταμίσγεται
1254 1501 1341 1570 ἄνθος,
1367 1497 1498 1555 Sturtius
1529 1497 1599 1552 vero
1626 1494 1668 1550 ita
1698 1491 1819 1549 edidit:

221 1597 316 1676 πόρους
330 1597 375 1656 καί
389 1595 480 1656 ναστιί·
504 1595 549 1653 καί
562 1617 619 1662 τους
629 1593 676 1670 μὲν
686 1595 779 1670 πόρους
793 1595 900 1655 ίκιίλεσε
912 1595 997 1663 κοῖλα,
1043 1595 1132 1673 βόσοῳ
1148 1592 1176 1650 δὲ
1190 1591 1293 1668 γλαυκῇ
1308 1585 1338 1644 τό
1348 1583 1442 1664 κρόκου
1455 1579 1647 1657 καταμίσγεται
1662 1576 1749 1648 ἄνθος,
1767 1577 1822 1635 sed

222 1685 255 1741 τὰ
270 1685 297 1743 δὲ
311 1682 393 1744 ναστίι
407 1683 500 1742 πυκναί.
517 1681 571 1742 Καί
591 1673 627 1740 ὧν
641 1681 688 1756 ptr
703 1683 753 1740 είσι
769 1681 802 1740 td
815 1679 898 1740 vaurd
915 1679 961 1739 καί
974 1681 997 1737 οἱ
1042 1685 1073 1742 in
1100 1676 1250 1738 addendis
1280 1685 1388 1732 mutata
1411 1668 1551 1729 sententia
1578 1663 1670 1724 scribi
1690 1663 1785 1721 voluit
1812 1685 1821 1720 a

222 1772 312 1851 πόροι,
324 1771 440 1831 τουτίστι
454 1771 488 1830 τὰ
504 1773 580 1830 κοῖλα
598 1768 641 1828 καί
653 1770 754 1840 πυκνά,
768 1767 920 1847 σύμμετρα,
931 1765 998 1825 ὥστε
1044 1769 1134 1848 βόσσοι
1155 1762 1182 1821 dd
1203 1763 1304 1838 γλαυκῇ
1325 1759 1421 1836 κόχλου
1444 1751 1635 1828 καταμίσγεται
1656 1740 1734 1824 αἷμα.
1752 1751 1823 1808 Dis-

220 1860 348 1919 δύνασθαι
369 1860 401 1918 δι’
424 1857 545 1926 ἀλλήλων
566 1863 669 1936 χωρεῖν,
685 1856 783 1915 τούτων
803 1853 914 1968 ίραοκεν
934 1845 999 1912 εἶναι
1043 1825 1130 1934 ρίίοσί
1143 1853 1174 1910 iu
1187 1851 1233 1907 his
1245 1846 1419 1924 conjecturis
1427 1840 1605 1900 Plutarcheae
1614 1839 1823 1914 explicationis

219 1947 292 2020 μῖξιν
306 1947 350 2005 καί
365 1956 468 2026 κρᾶσιν,
479 1936 532 2004 οἷον
548 1943 639 2010 ὕδατος
653 1943 697 2001 καί
711 1944 793 2002 οίνου·
812 1965 849 2000 ων
869 1940 895 2000 tt
911 1939 999 2017 ιἰσόμ-
1043 1942 1080 2000 ab
1095 1936 1285 2017 Empedoclea
1296 1933 1426 1991 oratioue
1437 1927 1640 2004 discrepantia.
1652 1924 1726 1993 Quis
1739 1925 1821 1982 euim

223 2057 322 2114 μετρκ,
336 2034 435 2109 ἄμικτα
446 2039 528 2091 ταῦτα
541 2023 605 2089 εἶναι
617 2029 739 2109 ἔφασκεν,
754 2027 843 2106 ὥσπερ
857 2027 943 2088 ἔλαιον
955 2027 1000 2086 καί
1044 2028 1140 2088 credat
1152 2021 1350 2102 Empedoclem
1359 2018 1510 2096 scripsisse
1519 2011 1822 2094 xpo'xou,Plutarchum

217 2120 308 2201 ·ίίδοιρ·
323 2119 387 2199 φησί
400 2119 466 2196 γοίρ·
481 2117 551 2196 ὕδωρ
564 2115 624 2196 οίνιρ
636 2118 734 2193 μᾶλλον
750 2116 906 2195 ἐναρίθμιον,
919 2111 1001 2186 αὐτὰρ
1044 2114 1157 2174 κόκκουθ
1184 2111 1305 2169 Videtur
1330 2119 1423 2165 autem
1449 2115 1535 2182 poeta
1568 2100 1641 2158 nihil
1671 2099 1727 2155 nisi
1764 2099 1824 2154 hoc

225 2206 305 2284 ἐλαίῳ
317 2209 364 2264 οὐκ
375 2206 468 2265 ἐθέλει.
483 2205 578 2274 Quum
592 2203 683 2261 verba
695 2224 760 2281 quae
780 2221 817 2260 ex
837 2202 1000 2280 Philopono
1044 2202 1168 2272 dixisse,
1182 2199 1299 2275 byssum
1312 2195 1389 2252 nitro
1401 2190 1540 2249 imbutam
1557 2187 1639 2245 facile
1653 2187 1784 2260 accipere
1793 2197 1826 2242 et

226 2294 308 2367 attuli
332 2306 422 2352 metro
441 2302 619 2368 repugnent,
636 2289 824 2367 Empedocles
841 2301 934 2346 autem
950 2306 1000 2364 pe·
1044 2306 1160 2348 servare
1189 2285 1354 2343 coccineum
1384 2278 1526 2348 colorem,
1550 2273 1686 2350 quoniam
1714 2270 1824 2345 ambo,

226 2381 375 2438 nultimam
387 2379 469 2437 vocis
481 2377 550 2454 θδοιρ
562 2376 703 2453 syllabam
716 2375 802 2433 modo
813 2377 961 2452 corripiat,
970 2385 1002 2430 ut
1046 2396 1149 2434 coccus
1162 2386 1191 2432 ct
1204 2373 1329 2438 nitrum,
1345 2366 1425 2424 nullo
1439 2362 1555 2437 negotio
1567 2359 1823 2418 commisceantur.

227 2487 271 2525 vs.
289 2467 353 2536 358,
373 2465 461 2522 modo
481 2463 642 2540 producat,
665 2473 697 2519 ut
713 2480 757 2518 vs.
782 2462 851 2532 357,
874 2459 1002 2516 Sturzius
1045 2463 1163 2520 Constat
1181 2460 1267 2517 etiam
1288 2457 1397 2514 nitrum
1416 2450 1451 2510 ad
1471 2467 1630 2526 purpuram
1651 2458 1680 2503 et
1694 2444 1824 2522 quodvis

226 2553 318 2611 edidit
335 2574 341 2610 ι
358 2549 419 2630 sitq>
433 2551 532 2626 μᾶλλον
552 2547 622 2627 ὕδωρ
641 2547 798 2627 ἐναρίθμιον,
813 2545 895 2622 αὐτὰρ
914 2544 1002 2622 ἐλαίῳ.
1047 2551 1178 2607 tincturae
1194 2563 1283 2621 genus
1306 2539 1465 2599 adhibitum
1485 2553 1557 2594 esse.
1577 2533 1648 2601 Qua
1670 2551 1761 2609 quum
1782 2533 1826 2588 ita

227 2641 314 2718 Atqui
336 2635 483 2716 ἐναρίθμιον
503 2636 582 2713 quod
599 2636 676 2693 valet
695 2636 935 2690 adnumerandum
951 2632 1003 2690 vix
1046 2633 1119 2706 sint,
1149 2631 1319 2690 Karsteuius
1349 2625 1522 2703 astipulante
1552 2621 1663 2679 Steinio
1690 2618 1826 2692 vulgavit

227 2727 380 2802 quisquam
402 2722 510 2780 dixerit
529 2721 565 2779 de
588 2719 675 2778 rebus
696 2739 760 2797 quae
778 2720 825 2777 vel
842 2717 1005 2776 coalescunt
1049 2722 1137 2800 βύσσῳ
1151 2717 1179 2778 δί
1193 2719 1295 2796 γλαυκῇ
1316 2712 1410 2771 κόκκου
1432 2708 1622 2784 καταμίσγεται
1640 2704 1747 2782 (ἄνθος).
1764 2707 1826 2781 xp-

227 2813 274 2872 vel
289 2815 455 2872 miscentur.
467 2809 538 2868 Nam
551 2807 635 2866 nede
649 2807 715 2865 aliis
726 2805 876 2864 vocabulis
889 2805 1003 2880 loquar,
1048 2819 1129 2886 paret
1140 2825 1210 2864 vero
1221 2804 1269 2862 hic
1281 2801 1379 2880 potius
1394 2797 1474 2877 ξανθῇ
1490 2814 1576 2872 quarn
1593 2793 1695 2870 γλαυκῇ
1711 2792 1825 2867 requiri

229 2899 375 2978 imprimis
383 2897 433 2956 hic
441 2893 767 2974 exspectaverisdptlptov
775 2891 854 2969 quod
863 2910 898 2948 eo
917 2909 1003 2949 seusu
1046 2896 1102 2953 hoc
1116 2913 1202 2952 sensu
1217 2913 1224 2948 ι
1240 2916 1252 2942 α
1265 2889 1355 2966 bysso
1369 2899 1462 2944 autem
1478 2883 1558 2940 flavae
1572 2880 1650 2938 cocci
1669 2878 1723 2936 flos
1737 2891 1827 2954 atque

228 3006 317 3066 supra
337 2983 491 3062 usurpavit
513 2980 698 3058 Empedocles
720 2998 767 3038 ve.
796 2979 864 3035 262·
890 2977 954 3046 Qua
974 2996 1005 3034 re
1047 2993 1248 3040 ornamentum
1264 2977 1283 3034 i.
1298 2995 1325 3034 e.
1341 2974 1493 3031 coccineus
1507 2969 1587 3027 color
1608 2960 1789 3025 admiscetur.
1810 2991 1823 3017 ι

229 3073 431 3132 animadversa
446 3069 615 3127 Karstenius
628 3067 745 3144 scripsit
754 3065 822 3142 ὕδωρ
835 3064 896 3143 οἴνῳ
906 3065 1004 3140 μᾶλλον
1086 3068 1149 3125 Vss.
1176 3064 1318 3134 343367.
1342 3050 1393 3118 ὧδε
1416 3057 1440 3116 δ’
1474 3042 1679 3114 ἀναπνεῖ-ἶσον
1708 3049 1826 3127 ὀπίσσω]

229 3153 700 3237 ίνόρθμιον,αθτόιρζλαίῳ,δῑείιιίυα
709 3171 780 3211 vero
790 3150 850 3230 οἴνῳ
859 3149 928 3227 ὕδωρ
936 3151 1004 3225 μθλ-
1049 3154 1216 3214 Aristoteles
1230 3151 1267 3209 de
1284 3148 1485 3226 Respiratione
1495 3164 1520 3202 c.
1542 3162 1557 3212 7
1582 3158 1650 3218 pag.
1665 3138 1720 3208 473
1735 3136 1766 3198 b.
1779 3139 1827 3196 ed.

229 3249 273 3305 λον
286 3245 332 3322 μίν
343 3244 488 3321 ίνᾶρθμιον,
499 3241 581 3320 αὖτίορ
591 3240 679 3320 tlaiqt.
696 3240 733 3297 Αί
748 3239 871 3296 offendit
888 3257 1005 3314 compo·
1049 3245 1167 3302 Bekker,
1180 3242 1236 3298 hoc
1251 3239 1440 3312 fragmentum
1456 3229 1583 3289 servavit
1600 3245 1658 3303 quo
1676 3223 1826 3301 Empedo-

230 3325 1005 3409 situmlvdptprosidoneaauctoritatedestitutum.ilinc
1049 3331 1102 3388 ctis
1126 3329 1162 3386 de
1186 3323 1376 3402 respiratione
1406 3316 1546 3377 sententia
1575 3313 1750 3372 continetur.
1776 3313 1828 3368 xit

229 3421 305 3479 haud
325 3419 462 3496 gravatim
484 3417 600 3494 reposui
616 3439 623 3472 :
638 3415 699 3490 οίνιμ
719 3413 789 3491 όθιορ
811 3413 910 3487 μᾶλλον
932 3409 1006 3469 πόλει
1049 3414 1165 3493 quidem
1182 3409 1364 3477 Aristotcles,
1380 3405 1461 3462 illum
1478 3421 1537 3460 non
1555 3399 1690 3457 distincte
1711 3397 1828 3471 signiti-

230 3509 348 3587 ἄρθμιον,
363 3504 446 3585 αὗτίιρ
467 3504 557 3584 ἐλαίῳ.
584 3502 752 3580 Exemplum
776 3501 831 3558 boc
853 3499 1007 3575 proposuit
1050 3521 1132 3573 care,
1152 3512 1250 3558 utrum
1271 3496 1307 3553 de
1324 3494 1385 3553 oris
1403 3489 1618 3550 undenarium
1634 3484 1829 3562 respiratione

230 3593 434 3672 Empedocles,
448 3605 480 3649 ut
491 3591 719 3662 demonstraret,
730 3587 880 3665 quomodo
895 3586 925 3643 iu
938 3605 1005 3642 con·
1051 3590 1196 3665 loquatur,
1209 3584 1259 3644 sed
1267 3583 1330 3660 ipse
1338 3580 1375 3638 de
1383 3576 1503 3636 naribus
1513 3572 1695 3652 potissimum
1706 3569 1825 3646 accipit,

231 3681 331 3739 cubitu
348 3699 444 3738 semen
459 3678 611 3754 utriusque
625 3695 710 3734 sexus
725 3694 801 3732 nttnc
813 3673 1005 3744 concordare,
1050 3689 1082 3732 ut
1096 3674 1205 3733 indicat
1225 3670 1289 3748 ejus
1302 3665 1458 3745 explicatio
1475 3663 1524 3720 his
1543 3658 1677 3718 versibus
1691 3655 1804 3732 adjecta
1819 3675 1827 3711 ι

231 3789 309 3826 nunc
325 3767 492 3825 discordare
509 3766 615 3837 soleat,
630 3763 777 3822 interdum
792 3762 877 3819 letum
895 3761 1006 3835 gignat,
1051 3761 1234 3836 Ἐμπεδοκλῆς
1258 3803 1265 3818 .
1296 3798 1303 3814 .
1333 3800 1340 3814 .
1372 3750 1462 3828 .περί
1485 3752 1531 3818 τῆς
1551 3745 1594 3804 nl
1611 3747 1663 3802 τῶν
1685 3741 1828 3819 μυκτήρων

231 3856 302 3913 alias
314 3854 412 3913 sterile
426 3865 559 3929 maneat:
573 3851 650 3909 unde
663 3851 807 3910 mulorum
820 3850 904 3907 etiam
917 3843 1007 3906 steri-⁸
1052 3851 1182 3919 ἀναπνοῆς
1196 3847 1290 3922 λέγων,
1306 3840 1386 3902 οίεται
1399 3837 1460 3916 περί
1481 3839 1528 3906 τῆς
1547 3831 1636 3912 κυρίας
1656 3829 1739 3906 λέγειν
1761 3831 1828 3886 ἀνα·

232 3943 340 4018 litatem
363 3938 508 4039 explicare
534 3949 655 3996 conatus
678 3952 731 3996 est.
756 3937 901 3994 Discimus
922 3936 977 3993 hoc
990 3955 1006 3993 e
1052 3940 1142 4006 πνοῆς.
1156 3932 1203 4002 τὴν
1216 3931 1307 4008 κυρίαν
1321 3937 1406 3986 vocat
1415 3943 1476 3982 earn
1491 3938 1555 3997 qua
1569 3919 1600 3975 lit
1614 3934 1666 3994 per
1677 3913 1828 3972 arteriam.

231 4025 345 4085 duobus
355 4025 518 4108 Aristotelis
528 4025 611 4097 locis,
623 4023 673 4082 ubi
684 4023 801 4081 effatum
823 4024 897 4080 illud
909 4023 1009 4096 tangit
1051 4024 1085 4082 ln
1098 4018 1285 4100 sequentibus
1296 4035 1365 4073 sero
1377 4011 1463 4091 paulo
1482 4005 1663 4067 dubitantius
1685 4002 1829 4078 loquitur.

232 4113 268 4170 de
279 4113 384 4171 Gener.
397 4111 523 4176 Animal.
542 4111 567 4183 l,
586 4112 660 4188 18p,
674 4111 730 4169 805
747 4111 831 4168 Dtor'r
846 4111 895 4187 γὰρ
907 4109 1008 4179 δὴούδί
1052 4111 1191 4168 Caeterum
1215 4108 1387 4179 interpretes
1412 4094 1524 4174 antiqui
1546 4111 1605 4150 non
1626 4087 1718 4164 magis
1738 4105 1830 4162 quam

231 4205 306 4259 τοῦτο
317 4199 448 4278 ίνδίχεται
459 4199 553 4276 λέγειν,
566 4202 600 4263 όις
614 4197 654 4272 (τὸ
664 4195 780 4276 σπέρμα)
791 4197 1007 4275 τῇκατακεραίαει
1052 4199 1226 4254 recentiores
1249 4189 1395 4250 cardinem
1420 4185 1462 4242 rei
1478 4183 1509 4241 in
1523 4197 1595 4239 voce
1612 4177 1687 4256 ῥινῶν
1708 4191 1750 4230 vs.
1769 4172 1831 4240 346

234 4285 370 4354 αὐξάνεται
380 4285 496 4363 ὕστερον,
507 4270 596 4364 όίσπιρ
607 4274 671 4349 σίνος
681 4281 772 4349 ὕδατος
781 4281 1007 4362 προσεγγυθίντος.
1053 4301 1138 4359 quam
1163 4299 1261 4336 nasum
1289 4277 1515 4352 interpretantur
1537 4267 1612 4324 verti
1635 4260 1832 4334 intelligentes

233 4373 276 4433 Cf.
288 4372 394 4431 ibidem
408 4371 444 4440 ll,
458 4374 514 4449 8p.
528 4373 586 4430 830
597 4369 635 4442 E3
648 4369 864 4446 'l'lreoplrrastus
875 4368 1009 4427 deSensu
1052 4382 1143 4427 totum
1158 4368 1254 4425 locum
1270 4363 1306 4421 ad
1326 4361 1440 4419 narium
1455 4353 1675 4433 respirationem
1689 4345 1831 4404 tulerunt.

234 4481 260 4516 c.
282 4481 314 4516 ιο
331 4480 361 4536 p.
383 4459 438 4516 651
464 4459 511 4518 ed.
533 4457 666 4518 Schneid.
688 4455 772 4526 Quod
794 4445 937 4532 reliquum
967 4469 1010 4515 est
1054 4455 1098 4514 Ab
1112 4455 1158 4514 his
1177 4451 1314 4512 omnibus
1330 4449 1524 4507 discessemut
1538 4433 1782 4498 Lommataschius
1800 4447 1833 4490 et

235 4547 314 4604 istud
338 4547 385 4602 οὐκ
407 4544 488 4603 ἐθίλει
511 4544 666 4604 subaudito
689 4540 882 4619 συμμίγνυσθαι
903 4542 1009 4602 intelli·
1054 4543 1224 4601 Karstcnius
1238 4536 1443 4598 contendentes
1463 4526 1665 4606 Empedoclem
1683 4520 1757 4606 nihil
1780 4519 1832 4577 bic

209 4685 212 4689 .
234 4633 369 4706 gendum.
383 4633 497 4690 Diserte
510 4632 538 4689 id
551 4631 634 4709 ponit
645 4629 727 4687 Plato
739 4629 828 4707 Soph.
845 4650 875 4707 p.
893 4633 948 4686 262
965 4629 1007 4688 E:
1053 4631 1210 4709 praecipere
1230 4628 1266 4685 de
1288 4622 1477 4702 respiratione
1497 4635 1561 4694 quae
1583 4613 1680 4690 aliqua
1694 4607 1833 4684 corporis

235 4719 280 4778 καί
297 4718 348 4796 μὴν
360 4718 387 4776 ίν
402 4719 432 4795 γε’
444 4742 469 4777 τι
483 4716 580 4777 τούτων
592 4715 771 4795 ἀναγκαῖον,ἢ
788 4719 876 4774 πάντα
891 4715 908 4787 ἢ
928 4718 1008 4790 μηδὲν
1053 4731 1133 4797 parte
1158 4735 1211 4794 per
1233 4735 1267 4774 os
1287 4713 1334 4770 tel
1353 4729 1438 4768 nares
1452 4707 1516 4780 fiat,
1529 4703 1580 4762 sed
1593 4700 1630 4757 de
1645 4715 1753 4772 eaquae
1768 4707 1833 4751 toto

234 4807 252 4878 ἣ
277 4805 310 4865 rt
333 4803 381 4881 μὲν
402 4804 508 4880 ίθελειν,
521 4803 554 4862 τὰ
574 4805 602 4864 at
625 4803 661 4881 μὴ
683 4801 885 4881 συμμίγνυσθαι.
903 4802 1007 4862 Notum
1054 4823 1176 4882 corpore
1191 4821 1243 4880 per
1256 4813 1365 4858 meatus
1385 4790 1561 4854 animalibus
1579 4783 1732 4858 contingit.
1755 4780 1831 4839 Mihi

235 4893 319 4951 vorbi
331 4891 426 4952 ίθέλιιν
441 4911 543 4964 usum,
560 4911 618 4969 quo
628 4892 714 4950 etiam
728 4892 763 4948 ad
779 4909 824 4948 res
838 4891 1010 4950 inanimatas
1054 4891 1139 4950 ambo
1152 4891 1207 4949 ista
1226 4884 1427 4966 respirationis
1446 4897 1552 4956 genera
1573 4875 1615 4933 sic
1637 4869 1754 4928 videtur
1773 4865 1833 4924 hoc

235 4981 418 5050 transfertur,
431 4998 495 5037 curn
512 4979 561 5036 alii
576 4977 776 5048 illustrarunt,
790 4990 849 5036 tum
865 4977 1010 5036 Staltbau-
1055 4981 1119 5038 loco
1129 4975 1316 5053 descripsisse
1327 4967 1529 5050 philosophus,
1539 4975 1571 5021 ut
1581 4952 1832 5036 generatimillum

235 5068 311 5142 ¹¹¹5l¹⁸
325 5067 355 5126 5¹¹
372 5067 446 5129 Plat.
460 5067 597 5135 Phaetlotl·
614 5087 645 5143 P·
665 5086 717 5126 ¹⁰2
745 5065 769 5123 Ι)
783 5077 811 5123 et
833 5065 869 5124 de
884 5065 956 5142 Rep.
982 5063 1008 5121 ll
1055 5063 1217 5141 respirandi
1233 5061 1349 5119 modum
1366 5056 1417 5134 qui
1429 5067 1489 5112 toto
1500 5039 1834 5125 fitcorporeaduurbret,

235 5175 264 5232 Ρ·
281 5156 335 5227 3⁰7
350 5155 380 5211 Β·
1059 5154 1108 5214 sed
1129 5153 1165 5211 de
1184 5151 1296 5208 narium
1313 5147 1504 5224 respiratione
1523 5135 1673 5212 sigillatim
1696 5131 1831 5188 disserat.
