3838 5926
587 437 801 501 clamauit
824 437 1037 514 antlotssn.
1566 449 1620 499 ttt

60 575 120 634 tert
135 573 189 656 γὰρ
202 575 251 633 οιίκ
265 571 397 645 irrideris,
409 571 451 633 tir
465 570 494 630 δέ
508 595 536 632 κα
552 569 649 640 παντὸς
661 572 755 634 ἐδεῖτο.
837 593 885 632 oon
896 578 961 631 enirn
969 578 1078 642 indigeat
1091 579 1142 640 esl3
1155 590 1210 628 nrm
1224 577 1245 628 si
1256 579 1331 640 esset,
1342 577 1453 629 omnibus
1466 582 1553 642 egeret.

1009 729 1023 756 t
1224 727 1235 754 d

19 855 46 896 νο
60 843 170 899 Aedesa
186 837 210 898 δ’
223 837 295 915 ὅμως
307 837 421 898 όπιόντα
430 835 481 918 νόῳ
494 837 626 920 παρεόντα
642 839 768 919 dedeina·
842 844 888 895 Sed
900 843 1094 895 οὴιοιιίίιοαὶπιο
1104 845 1185 894 nmen
1197 847 1225 895 ot
1235 844 1360 907 prasentia
1370 843 1438 894 llrme
1447 845 1621 909 contemplarer

60 929 90 984 οὐ
108 926 164 1006 γὰρ
179 924 326 1002 ἀποτμήξιι
338 925 369 985 τό
384 925 424 984 ἐὸν
437 929 483 984 τοῦ
498 927 582 994 ἐόντος
596 926 718 1007 ἔχεσθαι,
837 931 961 983 nonenim
972 945 1015 983 eus
1027 931 1058 982 ab'
1071 934 1141 992 ente,
1157 945 1187 982 ne
1201 933 1331 993 cohercet,
1344 931 1442 983 divellet
1453 934 1561 995 animus,

61 1014 124 1074 οὔτε
139 1014 313 1090 σκιδνάμενον
327 1015 413 1094 πάντῃ
423 1015 528 1080 πάντως
539 1013 608 1073 κατὰ
620 1014 717 1092 κόσμον
837 1021 904 1070 itaut
911 1005 1483 1090 nepueomninoquoqrrorersursolutaeompage
1493 1020 1622 1084 dissipetur

61 1104 122 1162 οὗτε
135 1103 336 1178 συνιστάμενον.
838 1121 915 1170 neque
929 1107 1063 1172 copuletur.

389 1261 404 1292 ν
567 1259 580 1290 r
655 1244 656 1250 ’

63 1366 175 1427 Τωῦτὸν
189 1366 213 1425 δ’
223 1365 280 1425 tert
288 1375 355 1424 νοεῖν
372 1389 399 1424 τε
413 1365 459 1424 καὶ
474 1363 576 1426 obtende
592 1367 649 1425 icet
662 1365 761 1443 νόημα·
840 1378 906 1430 ldem
919 1383 955 1429 est
965 1381 1070 1442 cogitare
1081 1383 1155 1443 atque
1167 1380 1225 1429 illud
1238 1381 1307 1442 cujus
1320 1391 1389 1428 causa
1403 1383 1439 1430 est
1451 1379 1575 1440 capitatim

46 1634 78 1690 V.
92 1629 141 1704 89.
160 1627 324 1704 Simplicius
333 1628 354 1683 f.
369 1649 398 1704 7,
413 1646 441 1702 a,
452 1627 529 1684 hunc
542 1647 656 1685 versum
666 1631 705 1686 sic
716 1631 794 1686 exhi-
838 1631 860 1688 f.
878 1651 906 1702 7,
927 1649 956 1699 a,
971 1631 991 1686 b
1007 1649 1015 1690 ε
1034 1629 1085 1696 Ὡς
1101 1628 1153 1709 γὰρ
1174 1626 1255 1704 τὸμὴ
1274 1627 1301 1688 ὃν
1321 1629 1403 1696 ἐνδεὲς
1417 1628 1523 1688 πάντων
1543 1633 1623 1704 ἐστίν,

13 1721 57 1776 bet
73 1739 80 1773 :
97 1715 155 1775 teet
170 1715 222 1793 γὰρ
234 1716 282 1772 οὐκ
301 1713 431 1791 ἐπιδευὲς,
454 1713 491 1790 μὴ
507 1712 549 1774 ἐὸν
569 1712 620 1794 γὰρ
641 1713 672 1773 ἂν
691 1714 796 1782 πάντως
839 1718 906 1776 οὕτω
917 1718 947 1775 τὸ
956 1715 984 1775 ὂν
996 1714 1110 1784 detriti<
1122 1716 1167 1775 καὶ
1179 1717 1291 1776 τέλειον·
1306 1716 1335 1775 τὸ
1346 1719 1372 1776 δὲ
1382 1717 1531 1794 κινούμενον
1542 1717 1624 1786 ἐνδεὲς

13 1807 108 1874 ἐδεῖτο,
125 1806 178 1860 sed
192 1805 243 1864 fol.
257 1821 276 1878 9
290 1815 316 1861 et
327 1804 349 1861 l'.
372 1803 406 1859 31
427 1814 552 1860 extrema
563 1805 650 1878 paulo
662 1804 745 1860 aliter
756 1807 795 1862 le·
841 1805 939 1864 ἐκείνου
952 1805 984 1864 δι’
994 1804 1009 1865 d
1019 1807 1142 1864 κινεῖται·
1155 1803 1185 1865 τὸ
1197 1807 1247 1884 ἄρα
1261 1802 1289 1865 ὃν
1299 1807 1328 1864 οὐ
1342 1813 1463 1866 κινεῖται.

13 1907 125 1972 guntur.
142 1895 255 1950 Etenim
270 1892 599 1967 priorelocoinrenitur
615 1889 652 1966 μὴ
671 1892 711 1950 ἐὸν
726 1891 748 1949 δ’
764 1889 795 1950 ἂν
880 1897 912 1951 V.
937 1895 1041 1970 90·93.
1068 1897 1135 1950 Post
1155 1913 1268 1950 versum
1292 1896 1422 1968 proxime
1446 1895 1622 1969 superiorem

13 1981 120 2046 παντός,
134 1983 297 2055 posteriore
313 1975 390 2052 μὴδν
404 1976 427 2034 δ’
441 1975 472 2036 ἂν
484 1977 591 2043 παντός.
610 1973 795 2052 Quibirsver·
840 1981 1002 2056 Simplicius
1025 1981 1063 2038 ad
1078 1983 1163 2054 Phys.
1189 1982 1210 2039 l.
1233 1981 1280 2056 31,
1301 1999 1329 2051 a,
1344 1982 1374 2054 b,
1397 1997 1494 2038 versus
1514 1989 1579 2057 pir-¹
1590 2003 1622 2038 ra

13 2071 186 2125 bismetrum
196 2068 305 2122 turbari
317 2066 495 2122 manifestum
505 2079 555 2123 est.
569 2068 796 2142 ltaqueKarste·
842 2067 948 2144 [τωύτὸν
961 2069 983 2125 δ’
999 2065 1229 2139 ἐστὶ-ἀπατηλὸν
1247 2067 1357 2144 ἀκούων)
1375 2088 1432 2123 uno
1446 2081 1544 2124 tenore
1555 2071 1623 2124 sub·

14 2161 73 2212 nius
87 2175 143 2231 pro
169 2151 199 2211 tr
215 2156 309 2210 ionice
322 2156 435 2228 scripsit
447 2175 492 2224 κε,
513 2155 684 2211 claudicanti
704 2165 797 2210 autem
836 2155 939 2232 jungit.
959 2157 1120 2232 interposui
1140 2157 1187 2213 lrtc
1215 2176 1279 2212 cum
1306 2158 1457 2212 Karstenio
1485 2168 1621 2230 quattuor

14 2257 101 2300 metro
115 2246 156 2299 ita
170 2260 337 2298 succurrere
356 2241 475 2311 studuit,
497 2253 529 2297 ut
548 2243 593 2297 rel
615 2237 730 2307 ἐπιδευός
743 2261 798 2317 per
842 2263 936 2300 versus
949 2256 1056 2300 sumtos
1072 2263 1108 2300 ex
1125 2245 1267 2300 Clemente
1290 2241 1394 2299 Strom.
1410 2247 1432 2301 V
1449 2261 1479 2317 p.
1503 2241 1571 2312 552,
1586 2247 1622 2316 D,

16 2335 147 2406 synizesin
163 2330 341 2403 trisyllabum
352 2329 509 2385 laceretrel
527 2325 563 2402 μὴ
574 2324 625 2404 ἐὸν,
638 2329 717 2402 cujus
731 2330 797 2385 loco
844 2331 948 2407 quibus
962 2335 1009 2388 rix
1028 2335 1125 2408 aptior
1137 2333 1204 2389 alibi
1219 2333 1297 2388 sedes
1313 2333 1378 2406 eligi
1394 2343 1489 2404 queat.
1507 2335 1624 2387 Versum

16 2421 178 2494 ponendum
193 2416 230 2492 μὴ
243 2415 282 2489 ὃν,
295 2419 325 2472 in
339 2435 425 2472 unam
446 2417 582 2490 syllabam
603 2418 796 2476 contraheret.
843 2417 1494 2496 nonagesimumseparatimcitatTheodoretus
1501 2419 1624 2494 Tlrerap.

19 2509 132 2564 Sensum
147 2509 235 2582 igitur
248 2505 797 2579 huncesseputat:nonens,siloret‚
844 2509 1001 2582 Sermlp.
1020 2505 1147 2580 rtsytb.
1167 2507 1268 2566 Λεῦσαι
1285 2503 1307 2562 δ’
1321 2502 1391 2578 ὅμως
1403 2525 1430 2563 κ.
1446 2505 1507 2564 et
1540 2507 1626 2566 verba

19 2598 89 2650 omni
100 2606 183 2669 parte
199 2589 330 2668 indigens
340 2603 422 2662 esset,
437 2593 544 2666 quippe
556 2593 676 2648 essentia
687 2611 795 2664 carens.
843 2595 902 2650 deae
921 2608 997 2664 sunt,
1020 2615 1106 2668 quam
1130 2597 1295 2669 loquentem
1318 2594 1370 2649 sub
1388 2595 1521 2668 prooemii
1541 2593 1626 2650 finem

20 2689 51 2742 tr
63 2686 118 2739 boc
130 2684 199 2738 loco
211 2683 261 2737 ubi
276 2683 311 2738 de
323 2693 387 2738 ente
409 2683 467 2756 agit
482 2690 580 2756 poeta,
600 2681 738 2736 mirabilis
759 2694 801 2738 est
843 2683 956 2739 induxit
974 2683 1163 2742 Parmenides.
1179 2684 1245 2738 Haec
1260 2680 1349 2756 igitur
1369 2683 1463 2736 virum
1486 2684 1627 2756 sapientire

20 2772 107 2826 subita
120 2770 263 2824 non-entis
284 2769 402 2842 mentio,
423 2786 517 2841 neque
536 2768 610 2822 bene
628 2767 737 2841 singula
751 2787 799 2823 co·
845 2769 981 2844 cupidum
993 2772 1135 2844 hortatur,
1148 2780 1181 2824 ut
1194 2789 1257 2844 quse
1272 2769 1308 2824 de
1327 2780 1447 2836 eterna,
1465 2767 1624 2835 individua,

20 2858 128 2912 haerent.
141 2853 336 2928 Quamobrem
351 2856 433 2910 omisi
447 2851 484 2928 μὴ
500 2866 564 2909 ante
580 2853 632 2929 Por,
655 2873 713 2928 quo
726 2855 800 2911 facto
845 2857 985 2914 immobili
997 2859 1066 2912 entis
1080 2868 1180 2912 natura
1195 2856 1344 2926 docentur,
1354 2875 1386 2912 ea
1398 2856 1465 2911 licet
1476 2857 1626 2911 oculorum

21 2964 73 3000 uon
97 2945 189 2999 solum
206 2953 300 2998 metro
325 2943 509 3010 consuluisse,
534 2939 583 2997 sed
607 2942 800 2998 etiamreram
846 2947 936 3001 ariem
947 2943 1066 3020 fugiant,
1078 2955 1110 2999 ut
1119 2945 1244 3001 absentia
1254 2944 1417 3014 rideantur,
1427 2956 1519 2999 tamen
1531 2945 1627 3000 animo

21 3031 192 3088 Parmenidis
206 3031 374 3086 sententiam
387 3031 539 3086 restituisse
550 3029 660 3086 videor.
672 3033 801 3104 Apparet
846 3045 983 3106 tanquam
1012 3035 1160 3107 praesentia
1183 3033 1401 3106 contempletur.
1432 3035 1530 3106 Neque
1552 3035 1627 3088 enim

22 3122 89 3174 enim
108 3119 163 3173 hoc
186 3119 284 3174 dicere
306 3117 530 3172 Parmenidem:
552 3115 610 3173 Eos
634 3134 693 3170 non
707 3125 802 3193 potest
844 3122 922 3196 uulgi
935 3119 1077 3192 judicium
1090 3121 1209 3194 probari
1222 3131 1367 3193 oportere,
1380 3118 1525 3192 quodalia
1539 3118 1627 3174 modo

22 3205 240 3274 mseinfinitum,
263 3221 358 3278 neque
377 3205 452 3260 enim
466 3202 530 3258 finis
550 3203 686 3259 eideesse
708 3213 802 3277 potest
845 3227 913 3276 csso,
928 3208 1016 3263 modo
1042 3228 1101 3263 non
1123 3227 1192 3278 esse,
1217 3208 1274 3262 alia
1292 3225 1368 3261 nunc
1395 3205 1535 3279 dissipari,
1550 3225 1627 3262 nunc

23 3295 96 3369 quod
119 3297 247 3350 omnium
271 3287 320 3348 est'
337 3291 584 3367 perfectissimum·
611 3293 754 3346 Nimirum
776 3292 800 3346 si
846 3295 964 3353 conflari
992 3307 1081 3371 liutet,
1104 3295 1153 3352 sed
1179 3295 1263 3350 statui
1282 3294 1445 3361 convenire,-
1465 3313 1553 3348 unum
1570 3312 1629 3348 esso

24 3384 87 3456 quid
102 3385 126 3438 ei
145 3383 255 3439 deesset
275 3378 326 3460 [ἐὸν
352 3377 379 3438 di
401 3377 538 3451 reitesta,
565 3380 698 3435 omnibus
715 3379 801 3436 rebus
845 3404 905 3457 ens,
922 3385 1099 3449 continuum,
1108 3383 1361 3458 individuum,per
1374 3383 1469 3436 omnia
1480 3381 1625 3438 diffusum.

25 3481 121 3544 egeret,
136 3471 231 3540 idest,
248 3471 342 3544 ipsum
361 3487 421 3523 non
436 3479 508 3525 esset
524 3469 569 3522 rel
589 3478 799 3524 non-emesset.
846 3473 995 3528 Clementis
1017 3483 1045 3526 et
1059 3470 1233 3526 Theodoreti
1256 3469 1505 3544 interpretationes
1518 3467 1628 3523 adrem

25 3557 293 3630 l'idithocjamolim
300 3555 657 3629 Bessarionquiadr.Plat.
671 3553 800 3614 Calumn.
845 3561 916 3615 nihil
930 3561 1104 3634 pertinentes
1116 3559 1228 3614 silentio
1245 3559 1431 3633 praeterimus.

24 3647 58 3714 ll,
75 3665 106 3702 rr
123 3647 145 3703 ι’.
168 3645 218 3718 31,
237 3645 274 3718 b;
292 3643 342 3718 3²,
360 3661 388 3715 a,
405 3662 501 3700 versus
524 3642 616 3730 ila-89
644 3645 684 3700 sic
703 3642 801 3699 reddi·
886 3650 920 3705 V.
938 3667 986 3723 9¹·
1002 3649 1058 3705 Pro
1070 3642 1216 3718 ἀποτμήξιι
1230 3645 1308 3719 quod
1330 3663 1382 3718 ego
1395 3643 1432 3699 ad
1447 3639 1503 3700 νόον
1517 3643 1639 3716 rettuli„

30 3733 88 3789 dit:
847 3735 1008 3794 Brandisius
1039 3733 1208 3806 conjiciebat
1251 3730 1421 3807 ἀποτμήξας.
1464 3733 1630 3788 Karstenius

846 3824 931 3879 scribi
942 3823 1057 3878 volebat
1075 3843 1082 3876 z
1099 3821 1127 3878 οὖ
1144 3817 1195 3900 γὰρ
1207 3817 1396 3894 ἀποτμηξεῖται
1413 3817 1452 3876 ἐὸν
1469 3819 1525 3896 μετ’
1544 3815 1631 3882 ἐόντος

846 3912 962 3993 ἔχεσθαι.

888 4005 922 4060 V.
935 3997 1241 4077 maturassemus)
1257 3997 1402 4056 Sententia
1416 4005 1457 4052 est
1469 4013 1476 4049 :
1489 3993 1527 4049 ita
1540 4003 1631 4048 utens

848 4111 941 4165 neque
955 4093 1073 4146 omnino
1084 4107 1300 4164 quoquoversus
1312 4087 1404 4143 soluta
1425 4099 1561 4156 compage
1575 4081 1632 4137 dis·

847 4183 963 4254 sipetur,
977 4197 1072 4254 neque
1093 4179 1252 4252 copuletur.
1274 4178 1470 4252 Opponuntur
1488 4170 1547 4225 haec
1572 4189 1632 4224 non

849 4271 933 4344 vulgo
943 4269 1036 4324 solum
1059 4285 1155 4322 rerum
1173 4276 1267 4322 ortum
1282 4278 1310 4322 et
1328 4264 1472 4319 interitum
1487 4257 1625 4326 credenti,

849 4357 898 4413 scd
921 4359 1009 4414 etiam
1034 4357 1211 4430 philosophis
1233 4357 1282 4430 qui
1305 4370 1429 4428 corpora
1450 4343 1631 4423 συγκρίνεσθαι

850 4455 878 4501 et
895 4441 1071 4520 διακρίνεσθαι
1088 4443 1249 4498 tradebant.
1270 4442 1348 4498 Talia
1363 4445 1546 4512 Anaxagorae,
1565 4435 1632 4489 Em-

849 4532 978 4608 pedocli,
989 4533 1138 4605 Leucippo
1151 4542 1179 4586 et
1193 4531 1358 4586 Democrito
1372 4525 1550 4602 placuerunt
1567 4517 1632 4580 vid.

81 3871 209 3918 Immotum
218 3867 304 3918 validis
316 3867 403 3930 iniecta
412 3869 438 3918 in
453 3868 540 3918 auibus
549 3871 632 3918 arreni

81 3957 179 4005 t'inoula
189 3956 350 4019 principiique
361 3969 446 4019 expers
459 3956 560 4018 turrisque
574 3955 662 4016 lulrrri3

81 4045 139 4092 Hinc
150 4043 241 4093 etenlm
252 4044 323 4106 longe
335 4043 437 4107 finisque
448 4049 564 4106 ortusque
576 4043 690 4094 recedunt
702 4057 709 4092 ε

80 4134 139 4182 tera
152 4133 213 4182 srdrs
225 4132 279 4181 brec
289 4135 335 4194 eat,
350 4143 395 4182 nec
405 4132 451 4182 bor
461 4135 504 4196 qut
516 4131 594 4182 credit
604 4132 708 4181 aberrat.

81 4224 122 4270 Est
136 4221 238 4270 etitem
250 4233 293 4282 per
307 4233 382 4282 seque
395 4233 496 4269 manens
507 4232 549 4270 ern
561 4231 657 4282 semper
670 4218 772 4280 eodem,

81 4312 213 4358 Immotum
225 4307 350 4370 fixumque
364 4308 451 4369 simul;
466 4309 502 4357 ris
514 4320 602 4368 magua
613 4307 704 4356 necessi

81 4398 191 4460 implicat
201 4397 248 4446 boc
259 4396 360 4457 circeum,
374 4409 471 4446 summe
483 4409 579 4459 quoque
594 4396 641 4445 sroe
656 4395 759 4446 coerrat.

82 4484 173 4543 οοοόοί
187 4483 237 4534 dae
248 4485 327 4541 tacet,
337 4495 489 4546 nequmuam
498 4481 600 4532 dicimur
610 4494 661 4532 esee
673 4500 679 4530 ι

82 4573 106 4622 si
119 4571 179 4635 qulrl
192 4585 301 4636 namque
311 4571 390 4634 reat,
400 4585 462 4635 epm
473 4573 511 4623 est
525 4585 568 4622 ens
580 4583 653 4622 omne
664 4571 756 4622 doessa.

67 4705 222 4762 Concinunt
239 4707 325 4762 etiarn
343 4725 407 4761 cum
429 4706 473 4761 bis
491 4705 594 4760 Eleatae
617 4702 707 4760 verba
728 4705 805 4780 apud
850 4699 1071 4774 compositione,
1091 4715 1240 4772 compage.
1265 4697 1322 4751 Est·
1339 4695 1416 4750 enim
1433 4689 1634 4764 antiquissimis

34 4791 166 4850 Platonem
188 4793 279 4870 Sopb.
295 4813 326 4869 p.
344 4791 413 4864 alb,
430 4793 451 4850 C
468 4812 474 4847 ι
492 4789 546 4850 Καὶ
563 4789 616 4866 μὴν
631 4789 676 4848 ἐόν
695 4813 724 4867 γε
736 4787 765 4848 τό
778 4785 805 4846 δν
851 4789 957 4846 Graecis
977 4785 1073 4860 κόσμος
1087 4803 1146 4840 non
1163 4795 1219 4840 tam
1247 4785 1307 4857 ipse
1328 4779 1451 4836 mundus
1471 4779 1517 4833 rel
1537 4795 1633 4832 renum

32 4865 92 4954 dpl
103 4879 171 4958 tim,
183 4923 287 4940 .....
301 4877 384 4944 ἐνδεὲς
397 4877 426 4936 τό
436 4875 463 4936 δν
476 4879 568 4938 ἑαυτοῦ
580 4875 732 4954 ξυμόαίνει.
747 4921 754 4938 .
772 4921 780 4937 .
795 4922 802 4934 .
851 4877 1031 4947 universitas,
1041 4892 1126 4948 quam
1144 4883 1244 4928 ornata
1255 4880 1354 4946 etapta
1367 4887 1463 4924 rernm
1472 4882 1632 4938 compages.

34 4965 73 5024 tri
85 4966 149 5024 rael
165 4971 259 5026 τοῦτον
276 4965 308 5038 δὴ
324 4965 368 5024 τὀν
390 4964 466 5042 λόγον
485 4967 578 5024 ἑαυτοῦ
592 4963 746 5045 στερόμενον
760 4963 807 5021 οὒκ
890 4968 922 5023 V.
937 4972 986 5039 94.
998 4961 1080 5018 ldera
1093 4963 1226 5034 aitpoeta
1247 4977 1305 5014 esse
1322 4958 1449 5032 cogitare
1464 4965 1549 5024 atque
1561 4950 1634 5005 illud

35 5047 193 5112 deierarrd
213 5051 252 5114 όν.
284 5055 431 5110 Postremo
455 5073 645 5110 memoremus
668 5049 806 5126 Simplicii
852 5050 931 5124 cujus
944 5066 1028 5106 causa
1048 5049 1085 5104 sit
1104 5047 1248 5123 cogitatio.
1263 5043 1319 5102 Sed
1339 5043 1369 5099 id
1390 5039 1469 5113 cujus
1494 5047 1635 5094 causaest

36 5145 312 5214 argumentationem,
327 5161 385 5218 qua
397 5155 490 5217 poetar
513 5143 598 5199 dictis
611 5142 749 5200 subnixus
759 5160 806 5196 ens
852 5139 988 5214 cogitatio
1001 5128 1070 5192 nibil
1081 5135 1160 5192 aliud
1175 5153 1260 5209 quam
1270 5151 1319 5188 ens
1328 5141 1379 5200 est,
1393 5127 1472 5202 quod
1487 5143 1634 5199 esequen·

38 5229 174 5288 immotum
187 5251 246 5290 esse
261 5230 391 5290 coniicit.
414 5233 459 5288 llit
479 5232 637 5289 Aristotelis
657 5241 806 5288 enarrator
853 5227 928 5282 tibus
947 5225 1116 5300 intelligitur
1134 5233 1219 5296 atque
1235 5239 1269 5328 epe
1292 5237 1326 5276 eo
1349 5215 1429 5292 quod
1443 5232 1528 5290 supra
1545 5215 1635 5270 versi·

851 4623 982 4677 Democr.
998 4620 1126 4695 fragmm.
1147 4636 1213 4692 pag.
1231 4615 1297 4674 386.
1314 4649 1349 4660 -
1373 4609 1442 4671 κατόν
1458 4608 1590 4684 redoperi.
1606 4627 1633 4670 e.
1718 4686 1721 4692 1
