3840 5924
274 361 311 413 ις
924 345 1234 412 COMMENTARIUS

273 471 456 546 cohibemus,
483 463 557 548 sugit
580 471 676 530 virum
696 469 926 530 eruditissimum
949 471 1052 531 discri·
1098 471 1231 553 άκήρθτον
1251 471 1336 533 stalis
1352 479 1432 533 πᾶσιν
1447 471 1562 541 dotati<
1576 473 1667 544 σώζειν
1689 477 1717 533 οὗ
1730 476 1840 574 tulpia,

274 583 352 642 mep,
365 561 442 640 quod
454 563 531 619 inter
541 557 878 640 ἈστίμρηςεῑἏστιμρής
888 560 1052 632 intercedit,
1098 560 1248 639 Expressit
1261 560 1348 620 'l'imo
1367 561 1513 620 Phliasius
1535 579 1582 641 ap.
1597 561 1704 622 Euseb.
1724 563 1841 643 Preper.

273 651 310 709 de
325 671 383 728 quo
396 651 443 725 egi
453 649 489 708 ad
501 669 546 710 vs.
558 649 607 708 ab.
620 648 692 707 lllihi
704 648 782 707 enim
792 649 874 708 locus
884 649 928 706 sic
938 649 1055 708 videtur
1098 646 1173 724 lllV,
1192 650 1226 706 18
1232 670 1263 727 p.
1281 651 1336 722 763
1346 650 1459 728 (fragm.
1471 647 1520 728 V.)
1534 649 1657 728 Σχίτλιοι
1668 649 1842 730 άνθροιποι,κοίί

274 737 458 814 refingendus
472 758 480 794 ι
535 786 540 796 .
1099 733 1220 814 ίλίγχια,
1232 735 1356 816 γαστέρες
1367 727 1431 811 οἶον,
1446 735 1523 796 τοίων
1529 735 1560 794 ἔκ
1568 739 1593 793 τ’
1603 736 1696 816 ίρίδων
1708 737 1738 795 ἔκ
1746 759 1771 794 τε
1781 750 1843 798 crue

1098 827 1153 901 χῶν
1168 823 1313 886 πίπλασθε.
1327 823 1406 901 (leg.
1419 845 1455 883 ex
1468 823 1640 902 Empedocle
1653 822 1734 900 σίων).
1749 820 1845 906 ὃωίίγά

1099 913 1175 991 apud
1186 914 1362 993 Stephanum
1371 915 1402 973 in
1409 934 1489 993 poes.
1501 914 1575 992 phil.
1587 916 1684 992 pand
1696 913 1846 1020 scribendup

315 864 400 926 Φυσώ
413 889 442 924 τε
453 863 575 942 domim
586 889 614 926 τι
625 863 670 924 καλ
682 863 781 936 Εὗναίη
793 865 838 924 καί
849 863 974 944 Ἔγερσις

314 953 389 1014 llud
399 955 422 1011 τ’
435 951 581 1032 Ἀστεμρής
591 977 632 1024 τε,
652 952 845 1033 πολυστίρανός
856 978 885 1012 τε
896 955 1020 1032 Μεγιστὼ

314 1041 359 1100 καὶ
373 1040 467 1122 Qui
483 1039 528 1099 „,7
540 1042 583 1099 iis
598 1041 692 1112 χωρ
705 1043 728 1099 τι
743 1037 918 1120 ’⁰1²9‘th
1099 1019 1161 1060 esse
1173 1004 1248 1062 vidit
1258 993 1280 1062 ds
1290 1004 1385 1074 δειλὸν,
1402 1023 1492 1081 quum
1507 1004 1596 1078 vulgo
1612 1003 1691 1080 apud
1703 1003 1848 1162 Clemente&

1100 1079 1116 1168 ᾖ
1136 1089 1219 1148 δειλὸν
1234 1092 1355 1166 legatur.
1375 1091 1551 1168 Sylburgius
1566 1090 1762 1168 reponendum
1772 1095 1835 1149 exis'

274 1181 324 1240 Vs.
343 1200 380 1256 ²9
395 1179 501 1238 citatur
512 1198 530 1237 a
540 1179 707 1258 Porphyris
730 1179 767 1236 de
789 1191 873 1236 antro
887 1177 1014 1256 Nymph.
1031 1199 1055 1237 c.
1100 1175 1197 1236 mabat
1208 1179 1254 1236 vel
1270 1169 1287 1235 d
1301 1180 1347 1237 vel
1361 1169 1394 1238 ὦ.
1410 1179 1551 1254 scaligeri
1565 1178 1788 1238 emendationem
1808 1170 1849 1240 nel

276 1271 306 1342 θ,
331 1269 383 1327 ubi
405 1268 465 1326 haec
488 1269 623 1343 leguntur
645 1289 652 1325 ι
675 1269 710 1327 ot
727 1265 900 1346 Πυθαγόρειοι
919 1265 965 1326 καί
989 1267 1056 1342 μετὰ
1100 1265 1157 1324 rito
1168 1266 1331 1344 probarunt
1344 1267 1475 1326 Sturzius
1486 1280 1515 1324 et
1527 1266 1708 1326 Karstenius.
1730 1267 1782 1324 Pro
1793 1269 1840 1326 θοαί

275 1355 381 1422 τούτους
395 1354 509 1415 Πλάτων
521 1355 615 1434 άντρον
628 1354 672 1412 καί
684 1355 813 1422 σπήλαιον
825 1352 868 1412 τὸν
879 1353 977 1430 κόσμον
988 1356 1054 1413 άπι-
1100 1353 1192 1412 νολάαν
1207 1375 1265 1414 non
1280 1369 1358 1434 erat,
1374 1356 1453 1432 quod
1465 1355 1580 1414 Naeltius
1592 1355 1715 1416 OEnoetil.
1725 1355 1795 1432 conji

275 1444 403 1525 φήναντο.
421 1442 502 1521 Παρὰ
519 1441 569 1522 γάρ
584 1442 763 1520 Ἐμπεδοκλεῖ
777 1443 804 1500 αἱ
823 1441 994 1522 ψυχοπομποί
1012 1443 1057 1500 δυ·
1101 1440 1281 1516 δ,ίςάνολάον
1306 1444 1451 1522 siquidem
1473 1442 1631 1510 δυσάνολὸος
1644 1445 1746 1502 eodem
1761 1448 1853 1521 promti

274 1535 366 1612 νάμεις
377 1533 506 1610 λέγουσιν·
514 1530 709 1607 ’illudopev'
678 1533 723 1590 τοό
726 1528 789 1588 “’θπ
802 1529 1055 1608 α’ίντρονθπόστεγον.
1102 1532 1187 1590 modo
1196 1532 1349 1592 formatum
1360 1546 1403 1592 est
1412 1553 1471 1612 quo
1481 1532 1619 1611 δυσάμμορ
1621 1534 1702 1599 cavel
1714 1518 1855 1628 δυσίμοιροςί

275 1593 486 1700 Cdnjungenda
508 1641 573 1678 cum
596 1620 652 1678 hcc
673 1620 737 1677 loco
761 1619 871 1676 Plotini
887 1616 977 1677 verba
999 1618 1055 1676 En·
1102 1618 1233 1678 Alterum
1255 1621 1333 1698 quod
1349 1620 1519 1681 Karstenius
1539 1621 1735 1698 comparavit,
1756 1640 1805 1676 non
1820 1588 1856 1706 in,

276 1711 360 1770 nead
372 1707 421 1780 lV,
436 1710 455 1765 θ
457 1729 537 1786 ,.ιρ
551 1709 658 1784 ςθρίλι
673 1707 799 1778 Τοαῖσθη
800 1729 843 1765 ον
855 1715 908 1764 πᾶν
920 1729 1056 1786 πανταρου
1102 1706 1237 1783 frequens
1251 1709 1327 1787 apud
1343 1721 1442 1785 poetas
1456 1721 1510 1768 est
1524 1708 1560 1767 cl'.
1580 1709 1712 1816 llipd.,7
1728 1711 1790 1778 428,
1803 1710 1857 1766 alim

276 1800 408 1873 ατιιισσας
421 1799 446 1874 (ὁ
461 1797 575 1856 Πλάτων
562 1797 646 1876 ν)καί
658 1795 781 1874 τλνπρ,
755 1818 820 1854 το
831 1818 910 1873 σωμα
919 1797 1056 1855 κοινωνίαν
1102 1814 1165 1852 rum
1181 1794 1218 1853 ab
1234 1796 1732 1877 Πειιγείιίοειιροιιὶιιιοκακόμοιρος,
1746 1796 1858 1874 dictami

276 1891 322 1958 τῆς
336 1889 437 2043 ψυχῆςὴ
439 1885 610 1965 μεμψάμενος
623 1887 649 1944 ἐν
663 1886 752 1992 διομιρ
766 1906 795 1942 τε
803 1873 923 1941 εἶναικαι
932 1883 1057 1963 τεθάφθαι
1102 1883 1242 1962 δυστυγης.
1257 1920 1295 1930 -
1305 1885 1365 1945 οἵων
1378 1885 1444 1965 ἔξίρ
1446 1884 1507 1945 ίδων
1520 1885 1646 1944 refertur
1659 1887 1696 1944 ad
1709 1841 1860 1986 eatamiluel

277 1975 452 2051 ἐναύτῷτν
420 1971 650 2052 ὴνψοχλνλίγει,
665 1969 765 2030 καὶτὸν
779 1973 805 2030 lv
820 1971 1058 2052 ἀπορρήτοιςλιγό·
1102 1991 1174 2048 quas
1188 1974 1321 2033 homines
1342 1975 1387 2032 vel
1411 1975 1508 2053 potius
1532 1975 1574 2033 dii
1588 1994 1605 2032 e
1619 1975 1697 2032 coelo
1718 1973 1793 2050 ejecti
1810 1974 1861 2051 jam

183 2105 188 2113 .
278 2031 627 2168 μινονλόγονμίγανείναι,
638 2058 747 2171 θςένρρ
749 2082 795 2141 ουρ
796 2059 1058 2140 ρτὴνψυχηνρησιν
1102 2062 1185 2139 prius
1208 2081 1294 2140 quam
1318 2063 1457 2120 mnndum
1481 2061 1722 2136 ingrederentur,
1747 2062 1862 2138 perulis-²

276 2142 353 2211 ε.ίναι
367 2147 467 2210 Καὶ
443 2169 473 2206 το
488 2148 618 2218 σπήλαιον
639 2151 710 2227 αὐτῷ
725 2145 815 2248 θ’ρσπερ
830 2146 1009 2224 Ἐμπεδοκλεῖ
1027 2149 1057 2208 τί
1102 2163 1175 2209 sent.
1200 2149 1363 2208 Mirandum
1390 2163 1484 2208 autern
1507 2149 1649 2207 Steinium
1666 2168 1684 2207 e
1704 2149 1852 2227 Porphyris,

277 2238 382 2316 ἄντρον.
408 2235 441 2293 ln
469 2235 589 2294 eandem
620 2235 790 2293 sententiam
814 2234 916 2292 AEncus
938 2234 1058 2294 Gazaeus
1102 2256 1152 2314 qm
1145 2236 1352 2315 Empedoclis
1366 2237 1458 2296 verba
1469 2237 1636 2295 memoriter
1646 2235 1811 2308 οοιαι,τοω
1801 2237 1854 2292 viic

277 2323 427 2401 Theophr.
441 2324 471 2381 in
486 2323 525 2382 lll.
537 2323 612 2382 bibl.
626 2323 685 2383 PP.
696 2322 732 2383 Τ.
750 2322 805 2381 ΧΠ
817 2343 846 2400 p.
858 2324 915 2380 6ου
930 2323 974 2380 A:
989 2323 1058 2382 Τόδε
1103 2323 1264 2381 rescribere
1273 2324 1411 2382 voluisse.
1421 2324 1503 2382 Alios
1512 2321 1601 2399 hujus
1610 2323 1854 2400 generispoetarm

276 2411 307 2469 τὸ
320 2418 373 2468 πᾶν
386 2410 570 2486 Ἐμπεδοκλῆς
582 2409 673 2488 άιτρον
691 2409 843 2480 πεποίηκεν·
858 2411 884 2467 lv
897 2411 1017 2490 πσλιτείορ
1030 2409 1057 2468 il
1104 2409 1183 2468 locos
1197 2411 1329 2471 Clemens
1344 2413 1363 2471 l.
1378 2433 1402 2470 c.
1418 2410 1547 2471 exhibet.
1563 2409 1627 2471 Vss.
1642 2412 1750 2470 32-35.
1769 2423 1856 2468 exstant

280 2497 394 2559 Πλάτων
422 2496 595 2574 μεταθαλλων
622 2497 752 2570 σπήλαιον
776 2499 907 2574 ὀνομάζει.
931 2497 995 2556 Νοιο
1016 2513 1059 2558 est
1103 2498 1179 2574 apud
1194 2499 1380 2558 Plutarchum
1392 2499 1428 2558 de
1443 2498 1515 2558 lsid.
1529 2511 1557 2556 et
1568 2499 1644 2558 Osir.
1659 2519 1689 2577 p.
1705 2500 1774 2570 361;
1786 2498 1856 2554 desi·

279 2586 359 2664 quod
384 2598 518 2664 putemus
542 2583 588 2650 τὰς
613 2583 804 2664 ψσροπαμποὺς
825 2583 964 2660 δυνάμεις,
987 2605 1058 2663 quas
1104 2585 1191 2644 tando
1211 2606 1267 2644 aere
1287 2587 1382 2645 alieno
1397 2607 1426 2664 p.
1445 2586 1503 2644 830
1525 2585 1600 2664 (vol.
1622 2585 1678 2643 llll
1701 2607 1732 2666 p.
1754 2590 1817 2654 αοθς
1830 2583 1857 2640 Π

278 2673 447 2752 Porphyric
463 2685 532 2730 teste
546 2672 697 2750 loquentes
716 2673 830 2730 inducit
850 2672 1057 2751 Empedocles,
1103 2691 1134 2750 p.
1149 2675 1205 2731 302
1217 2675 1264 2734 ed.
1276 2673 1393 2752 lleisl.).
1406 2673 1452 2731 Ab
1463 2674 1519 2732 hoc
1530 2687 1678 2733 mutuatus
1690 2687 1733 2733 est
1745 2672 1857 2732 Eusebius

279 2762 409 2819 diuersas
423 2778 486 2818 esse
500 2758 537 2817 ab
550 2759 605 2833 iis,
623 2779 745 2836 quarum
760 2760 847 2818 modo
864 2761 972 2818 mentio
988 2763 1059 2820 iacta
1104 2759 1198 2840 Praep.
1211 2761 1264 2822 Er.
1274 2761 1309 2835 V,
1326 2761 1343 2820 5
1357 2783 1386 2841 p.
1402 2764 1455 2834 187
1466 2763 1500 2822 D.
1512 2761 1650 2842 Ἀπορυγὴ
1666 2763 1690 2820 δ’
1702 2763 1749 2819 οὐκ
1759 2760 1817 2818 ἔστιν
1828 2761 1858 2817 lai

279 2859 337 2916 est,
355 2845 469 2926 Χθονίῃ,
491 2844 609 2926 Ἥλιάπῃ
631 2858 684 2906 cet.
709 2845 840 2904 Platonis
854 2845 963 2903 dictum
980 2850 1058 2924 quod
1103 2847 1150 2916 τάς
1162 2849 1243 2927 νομάς
1257 2849 1357 2915 ἐκείνας
1369 2849 1415 2908 καλ
1426 2846 1484 2914 τυλς
1492 2850 1639 2925 λειμῶνας,
1654 2848 1725 2907 ἀλλὰ
1734 2850 1858 2914 πλάζονται,

281 2937 443 3014 respiciunt
463 2935 663 3012 Porphyrius,
676 2934 810 2992 Plotinus
833 2946 861 2992 et
884 2932 985 2992 AEncas
1001 2935 1059 2993 Ga·
1104 2937 1222 3017 καθάπερ
1236 2938 1260 2996 σί
1275 2937 1397 3008 θεήλατοι
1409 2935 1455 2996 καλ
1468 2938 1650 3014 οὖρανοπετεῑς
1661 2938 1754 2995 istium
1765 2941 1804 2993 mi
1813 2935 1857 3006 'Ep-

281 3043 357 3081 aaeus
369 3035 460 3080 exstat
469 3023 554 3080 initio
566 3022 636 3080 libri
647 3019 700 3078 Vll
712 3021 748 3078 de
756 3018 914 3097 liepublica
924 3039 990 3098 psg.
1002 3021 1058 3092 517
1103 3024 1395 3100 πεδοκλίουςδαίμονες.
1403 3023 1551 3082 Plutarchi
1564 3024 1655 3082 verba
1662 3026 1785 3102 suntqui
1794 3024 1859 3082 simul

280 3111 327 3169 ed.
339 3109 436 3188 Steph.
444 3107 510 3170 s'ltt
523 3107 573 3187 γάρ
586 3107 736 3186 ἀνθρώπους
745 3097 798 3166 οἷον
809 3109 836 3165 ἐν
848 3110 980 3187 καταγείῳ
986 3109 1059 3182 οἰκή-
1103 3111 1140 3170 de
1152 3114 1227 3172 vatis
1240 3111 1425 3188 Agrigentini
1437 3112 1579 3170 sententia
1590 3114 1694 3188 genios
1703 3127 1859 3192 peccatcmn

281 3221 322 3257 σει
332 3197 508 3268 σπηλαιώδει
519 3197 626 3256 Eodem
641 3196 787 3274 pertinent
798 3193 850 3252 illa
862 3214 927 3271 quas
938 3193 1059 3256 Procius
1104 3200 1334 3299 delictorumque
1349 3219 1451 3278 poenas
1465 3200 1546 3257 luere
1555 3199 1646 3272 dicit
1662 3201 1756 3259 donec
1769 3199 1860 3279 purgati

280 3290 312 3345 in
324 3287 466 3345 'limacum
479 3303 547 3362 pag.
567 3283 667 3343 οοιΓ.
682 3283 727 3342 ed.
741 3283 828 3342 liasil.
843 3283 918 3359 (pag.
937 3292 994 3350 aio
1011 3285 1057 3343 ed
1105 3285 1135 3343 in
1165 3287 1322 3364 pristinum
1364 3287 1544 3345 domicilium
1575 3301 1766 3347 revertantur.
1791 3287 1860 3344 lidem

280 3372 450 3434 Schneider.
454 3371 649 3452 )dealiorum
663 3369 779 3448 placitis
794 3369 911 3427 rel'ert:
925 3365 1012 3430 Ενιοι
1032 3370 1060 3432 δὲ
1104 3392 1205 3432 versus
1219 3375 1355 3449 leguntur
1369 3375 1446 3452 apud
1461 3375 1585 3474 Hippoi)
1583 3389 1651 3433 tum
1666 3397 1735 3454 pag
1759 3377 1809 3433 aio
1826 3375 1859 3431 οιΙ.

279 3463 325 3522 τὸν
345 3460 393 3538 μὲν
411 3459 567 3538 δημιουργὸν
588 3460 722 3517 αἰτιᾶσθαι
742 3458 863 3532 οὐδαμῶς
880 3458 1012 3533 τολμῶσι,
1030 3481 1060 3518 το
1104 3451 1222 3510 Μίίίθῑῑ
1241 3452 1502 3512 Μεταλλιίσσουσῑ
1474 3455 1664 3534 γαραὶψυχαί
1679 3461 1759 3531 σῶμα
1780 3453 1861 3513 duell·

282 3549 377 3607 δὲνπαν
392 3571 468 3607 τουτο
483 3549 617 3605 αίτιωνται
631 3545 676 3605 καὶ
688 3543 868 3625 παραφέρουσι
888 3544 973 3600 τὰ
938 3567 989 3602 των
1007 3569 1058 3603 πα·
1105 3561 1186 3614 ματος
1201 3539 1252 3598 ὑπὸ
1271 3545 1316 3598 τοῦ
1336 3539 1436 3606 νείκους
1457 3538 1688 3616 μιταθαλλόμεναι
1711 3513 1755 3600 nial
1774 3543 1815 3599 καλ
1816 3540 1863 3605 rii·

280 3640 362 3696 λαιῶν
379 3634 471 3716 ἄντρον
491 3633 638 3694 καλούντων
663 3630 708 3690 καί
732 3633 871 3701 σπήλαιον.
893 3630 970 3688 ldem
992 3653 1058 3709 pag.
1104 3649 1180 3738 μεναγ
1191 3627 1271 3686 καί
1246 3652 1292 3688 ουκ
1301 3627 1506 3704 ἔωμιναιμενειν
1517 3629 1552 3694 είς
1563 3627 1592 3686 rb
1604 3628 1641 3696 ἕν,
1651 3629 1722 3688 αλλὰ
1732 3633 1863 3696 κολαζιοθ

283 3725 320 3801 95
337 3725 362 3782 D
376 3727 452 3801 (pag
468 3732 524 3790 nai
539 3721 584 3782 ed.
598 3719 777 3789 Schneider.)
790 3718 887 3776 laudat
900 3719 1060 3830 Orphicum
1105 3713 1179 3772 ἶν’
1141 3737 1239 3783 πασαις
1248 3715 1386 3775 κολάσεσιν
1400 3717 1450 3777 (οπο
1464 3739 1509 3774 του
1521 3715 1620 3782 νείκους
1637 3716 1683 3783 τὰς
1702 3717 1787 3798 ψορθς
1800 3739 1839 3790 μοι
1832 3739 1862 3770 ο-

284 3813 396 3869 huncce
409 3829 556 3868 verum.
578 3811 671 3866 Γαυτα
687 3804 775 3882 πατὴρ
787 3805 879 3875 ποίησε
899 3806 966 3864 κατὰ
983 3806 1061 3874 σπέος
1105 3800 1268 3876 ὅαλλομένας
1292 3807 1370 3880 σῶμα
1389 3805 1419 3862 ἐκ
1443 3825 1579 3879 σωματος,
1593 3803 1644 3862 ubi
1670 3808 1757 3864 etiam
1782 3821 1863 3861 versus

284 3895 424 3976 ἠεροειδές,
438 3908 583 3973 receptum
595 3891 753 3970 rnOrphrc
765 3891 865 3950 Herm.
876 3896 980 3968 pffass
994 3893 1060 3952 ldie·
1107 3891 1156 3946 33·
1162 3889 1217 3946 35
1209 3903 1359 3950 iterantur
1368 3891 1509 3949 Caeterum
1521 3889 1569 3965 μὲν
1578 3889 1629 3970 γλ
1639 3913 1751 3964 omnes,
1765 3901 1864 3966 excepto

285 3983 528 4043 roclesincarm.
546 3999 608 4038 aur.
623 3997 689 4056 pag.
710 3979 775 4036 180.
790 3978 835 4036 ed.
852 3991 958 4036 nostr.
975 3981 1061 4038 Ἰοῦτο
1106 3976 1266 4055 llippolyto
1284 3979 1379 4088 ιγροὶγε
1394 3977 1504 4056 praebet
1517 3991 1576 4036 tcto
1590 3999 1678 4037 versu
1694 4000 1738 4040 sic
1751 3981 1862 4056 scripto

283 4069 419 4150 πίρας”’
384 4091 435 4126 των
459 4065 585 4126 πίνων
563 4089 591 4124 το
611 4065 762 4124 κάλλιστον.
779 4065 914 4137 Τουτοβ
900 4088 935 4130 οις
951 4065 1061 4125 Πλάτων
1108 4065 1223 4144 Αίθεριυν
1235 4090 1264 4144 γε
1278 4068 1352 4142 με’νος
1363 4065 1450 4146 ψυρθς
1463 4066 1586 4125 ποντονδε
1596 4066 1693 4128 διωκει
1705 4067 1820 4127 lrlem
1791 4090 1842 4123 πον
1834 4087 1864 4120 οι

284 4154 373 4236 φησίν,
387 4139 582 4232 ὁμίρθιᾶγθίν
597 4150 755 4220 καλίλπίςὴ
770 4107 880 4229 μεγάλη,Ι
893 4154 1063 4230 Ἰοῦτυριλο-
1107 4153 1147 4210 θέε
1162 4153 1251 4232 γθονας
1266 4155 1362 4214 habet.
1378 4156 1437 4213 Pro
1456 4153 1607 4230 ἀκάμαντος
1623 4151 1853 4234 llippolytns
1813 4175 1865 4233 ραι·

285 4241 578 4322 σορίαςὸτελειάτατος
591 4239 707 4318 καρπός,
722 4245 798 4297 τοῦτο
811 4243 858 4309 τῆς
871 4240 1003 4318 ἱερατικῆς
1017 4243 1062 4299 καί
1106 4242 1192 4306 θοντος
1206 4240 1516 4316 quodSchneidewino
1529 4243 1636 4300 arrisit.
1657 4243 1822 4302 Plutarchus
1839 4239 1866 4294 ‹le

284 4332 435 4398 τιλεστικῆς
457 4328 552 4407 τέχνης
565 4347 596 4385 το
617 4325 738 4403 μίγιστον
761 4323 846 4404 ἔργον,
864 4327 997 4384 οἰκειῶσαι
1016 4327 1063 4405 μὲν
1108 4325 1145 4384 ls.
1162 4340 1191 4384 et
1207 4328 1284 4386 Osir.
1298 4327 1318 4386 l.
1335 4349 1360 4388 c.
1383 4349 1438 4405 pro
1452 4330 1477 4397 ἐς
1497 4325 1577 4403 αὐγάς
1598 4349 1751 4408 perperam
1766 4331 1845 4388 εὀααι
1810 4333 1865 4392 illst

284 4418 331 4476 καὶ
345 4418 485 4493 ἀναγαγεῖν
500 4413 564 4493 πρὸς
580 4414 613 4472 τὰ
633 4414 712 4480 ὄντως
724 4413 808 4485 καλά,
824 4413 954 4472 ἀπολῦσαι
969 4412 996 4472 dl
1011 4417 1062 4474 τῶν
1107 4412 1183 4470 idem
1195 4413 1230 4471 de
1242 4413 1294 4470 vit.
1312 4433 1370 4472 aere
1380 4413 1416 4472 al.
1426 4413 1518 4478 πάντας
1531 4412 1558 4471 δὲ
1569 4415 1677 4493 χθονὸς,
1692 4417 1797 4476 omissa
1807 4431 1867 4490 pre·

284 4506 347 4583 τῇδε
368 4502 466 4579 πόνων,
481 4505 516 4569 ὡς
539 4501 569 4560 ίκ
586 4525 653 4568 τινος
675 4501 813 4578 καταγείου
835 4500 1004 4571 σπηλαίου
1018 4507 1065 4575 τῆς
1109 4502 1254 4578 positione
1276 4521 1340 4578 quae
1362 4515 1391 4559 et
1411 4501 1489 4579 apud
1512 4501 1669 4561 Eusebium
1694 4503 1866 4566 desideratur,

286 4591 376 4649 ἐνάλου
390 4593 473 4660 ζωῆς,
483 4588 528 4648 καὶ
544 4591 684 4667 ἀναγαγεῖν
697 4589 760 4666 πρὸς
773 4588 819 4654 τὰς
833 4588 961 4667 αίθερίους
969 4589 1062 4668 αὐγάς,
1107 4589 1233 4666 denique
1248 4589 1346 4666 priore
1366 4589 1430 4646 loco
1444 4587 1617 4649 Plutarchus
1632 4589 1764 4651 ἀπέσωσε
1776 4588 1867 4667 pariter

286 4678 331 4738 καί
341 4678 399 4744 ταῖς
409 4677 533 4756 μακάρων
544 4679 675 4756 θνιδρῦσαι
687 4675 783 4749 νιίσοις,
795 4673 854 4742 τοὺς
864 4675 906 4735 did
917 4680 969 4734 τῶν
978 4699 1065 4758 προει-
1108 4690 1194 4754 atque
1215 4675 1357 4736 liusebius
1379 4689 1408 4734 et
1428 4677 1619 4756 llippolytus,
1642 4681 1801 4758 posteriore
1820 4671 1868 4732 ἀνί-

287 4764 407 4844 ρημίνων
421 4765 586 4830 ὁδεύσαντας.
1107 4786 1207 4835 πτυαε,
1222 4764 1273 4826 sed
1292 4765 1413 4822 alterum
1430 4766 1537 4824 rectius
1551 4778 1708 4843 usurpatur
1721 4765 1756 4822 de
1768 4761 1833 4820 mari
1844 4758 1868 4813 in

326 4851 1062 4914 uss.30-31laudatclemensmexandrinusssrom.
1109 4866 1213 4912 terram
1236 4851 1381 4929 ejiciente.
1404 4851 1449 4912 ΕΓ.
1478 4852 1513 4913 ll.
1536 4852 1583 4924 lV,
1609 4855 1678 4920 726.
1702 4851 1779 4910 Nihil
1802 4843 1868 4905 aliud

289 4941 305 4998 3
325 4961 355 5018 p.
373 4941 429 5008 432
450 4943 480 4996 B.
494 4939 543 5000 Vs.
562 4941 596 4996 3ο
614 4938 761 5016 Porphyr.
786 4938 822 4997 de
842 4938 915 5000 abst.
936 4939 977 5014 ll,
1001 4962 1037 5014 ορ
1056 4963 1062 4998 :
1109 4955 1201 4999 autem
1210 4939 1271 4998 haec
1283 4959 1335 5018 per
1347 4939 1463 4998 diversa
1471 4940 1611 4998 elementa
1622 4939 1783 4998 daemonum
1793 4937 1868 5013 jacta·

289 5025 426 5087 Ἐντεῦθεν
433 5025 463 5085 τὸ
472 5025 644 5104 θρηνούμενον
658 5024 721 5104 πρὸς
734 5031 786 5085 τῶν
795 5028 927 5098 παλαιῶν,
938 5029 973 5093 ὣς
986 5027 1063 5086 τοίων
1109 5031 1151 5088 tio
1161 5027 1302 5102 designat,
1319 5046 1404 5104 quam
1422 5027 1513 5104 ipsam
1530 5027 1687 5086 formarum
1697 5027 1868 5086 mutationem

279 5112 318 5176 ’ίκ
329 5117 352 5173 τ’
367 5114 458 5196 ίρίθων
470 5113 501 5175 ίκ
513 5137 542 5174 τι
554 5113 660 5175 νεικίων
671 5113 833 5193 γενόμεσθα,
845 5113 885 5172 ὅτι
899 5112 929 5172 τὸ
940 5115 1006 5172 θεῖον
1020 5113 1065 5173 καί
1110 5136 1166 5195 qua
1179 5117 1265 5174 modo
1278 5115 1308 5173 in
1321 5114 1453 5174 volatiles
1463 5113 1583 5188 bestias,
1593 5115 1681 5174 modo
1690 5115 1721 5176 in
1732 5110 1868 5192 aquatiles,
