3838 5926
236 459 275 510 θθ
757 493 760 500 .
892 440 1199 504 COMMENTARIUS

238 579 308 648 256.
321 589 417 656 spreta
432 573 663 634 membranarum
678 576 822 653 scriptura
836 575 1014 650 καμασηνῶν,
1060 584 1117 628 tam
1134 584 1230 646 quarti
1247 568 1382 627 cementi
1396 566 1633 641 commemoratio
1647 563 1684 623 ad
1696 561 1859 622 sententiae

237 653 397 742 genitivum
410 663 486 741 plur.
502 660 664 739 καμασήνων
682 661 797 738 scripsi.
1062 659 1254 734 integritatem
1266 659 1364 728 deest,
1377 676 1463 733 quam
1479 675 1581 714 eorum
1595 653 1771 731 descriptio,
1786 672 1859 729 quae

277 753 339 813 Vas.
356 753 496 810 ads-283.
508 749 543 818 ὣς
556 749 610 808 τός’
620 747 886 828 ἔπειτ’-κρατῦναι]
898 747 1017 824 Simpli·
1063 759 1147 823 poeta
1155 745 1258 802 lleneri
1271 745 1399 802 iacienda
1409 743 1573 803 committit.
1584 743 1663 800 llanc
1673 741 1755 800 enim
1766 740 1857 798 deaut

239 844 302 901 cius
324 841 361 899 de
377 840 460 898 ceto
481 841 558 918 apud
580 838 744 915 Peyronum
770 839 787 895 l.
810 837 829 894 l.
849 858 877 915 p.
900 838 937 892 αδ
953 835 1010 914 (Cl
1063 853 1122 891 non
1138 833 1225 890 modo
1238 834 1360 891 miscete
1378 833 1537 904 elementa,
1551 831 1601 889 sed
1615 832 1746 888 mixtura
1760 830 1854 887 etiarn

239 929 339 989 Schol.
355 931 446 988 Arist.
461 949 490 1006 p.
506 929 574 1000 507.
588 947 611 988 a.
630 927 677 986 ed.
694 926 843 1002 issandis.)
858 921 1019 980 versushos
1062 921 1178 979 efficere
1203 920 1314 999 aliquid
1337 939 1453 978 necesse
1470 933 1531 990 est,
1552 918 1636 996 cujus
1651 921 1696 977 rei
1718 920 1752 976 in
1776 918 1859 976 Stei-

237 1017 303 1075 sine
314 1017 373 1075 ulla
383 1015 577 1092 explicatione
590 1015 667 1074 citat.
682 1015 777 1082 Quum
789 1025 884 1070 autem
898 1011 935 1068 iis
945 1028 1019 1085 quos
1064 1010 1152 1066 niano
1166 1029 1253 1067 versu
1267 1027 1319 1067 nec
1331 1008 1400 1065 vola
1416 1027 1469 1065 nec
1484 1007 1639 1081 vestigium
1652 1019 1757 1064 exstat.
1768 1005 1857 1074 Quo·

240 1105 327 1163 modo
335 1103 464 1180 explicui
474 1104 542 1178 (νεα.
557 1101 713 1174 277-280
726 1101 749 1156 si
756 1099 777 1156 δ’
785 1095 1018 1174 ἔτι-’λφροδίσηΙ
1064 1097 1142 1154 circa
1154 1095 1256 1154 iisdem
1276 1094 1385 1173 quibus
1408 1094 1576 1153 llarstenius
1595 1093 1750 1152 adrerum
1767 1113 1857 1169 repe-

238 1189 326 1249 hosce
341 1188 513 1266 subjunctos
527 1189 615 1259 luisse
629 1187 772 1262 significet
786 1185 887 1244 verbis
901 1183 944 1242 καὶ
962 1185 1019 1257 μετ’
1065 1185 1196 1242 riendum
1219 1183 1351 1257 vestigiis
1374 1182 1523 1257 ingressus
1545 1180 1741 1260 Empedoclea
1761 1181 1860 1238 luisse

239 1275 498 1355 dllqa,utriusque
510 1275 661 1351 fragmenti
672 1292 825 1332 commune
836 1272 1020 1346 luisseargu-
1065 1272 1154 1331 verba
1171 1273 1304 1348 suspicor
1321 1294 1328 1328 :
1347 1269 1420 1346 Ιείδεοι
1436 1270 1481 1330 καΙ
1500 1274 1612 1329 ποιοῦσα
1627 1273 1679 1349 θοῷ
1698 1271 1765 1345 πυρί
1784 1271 1861 1328 δῶκε

241 1379 368 1423 mentum
384 1364 537 1442 probabile
551 1377 602 1422 est.
616 1362 648 1420 ln
664 1361 749 1421 codd.
766 1362 848 1438 prior
862 1378 965 1418 versus
978 1359 1021 1418 sic
1065 1365 1201 1435 κρατῦναι.
1218 1360 1363 1418 Nimirum
1384 1362 1469 1418 ποιεῖν
1481 1359 1594 1436 accipio
1606 1373 1639 1417 ut
1655 1358 1733 1436 apud
1755 1357 1862 1415 lieno·

241 1451 404 1510 scribitur:
424 1455 459 1518 ύις
474 1450 500 1508 δὲ
515 1451 572 1508 τότε
593 1449 676 1528 χθόνα
698 1447 910 1527 Κύπρις,ἔπειε’
922 1445 1020 1519 ἐδίηνεν
1066 1446 1188 1525 phanem
1211 1447 1311 1522 fragm.
1331 1445 1432 1505 62xal
1452 1468 1483 1504 κε
1502 1449 1566 1505 θεῶν
1589 1445 1659 1512 ἰδίας
1677 1445 1797 1524 ἔγραφον
1813 1445 1862 1502 καὶ

240 1539 267 1597 ἓν
282 1537 383 1618 ύμὸρῳ.
402 1537 446 1596 lta
457 1551 534 1596 certe
555 1535 741 1596 Gaissordius
756 1549 785 1594 et
800 1534 971 1593 Biandisius
984 1553 1020 1591 ex
1066 1533 1169 1612 σώματ’
1183 1534 1297 1592 ίποίουν.

240 1627 401 1684 Oxoniensi
425 1627 457 1683 Α.
475 1625 648 1699 ediderunt,
671 1624 778 1702 rejecta
792 1615 968 1682 Oxoniensis
988 1623 1020 1681 B.
1105 1619 1166 1678 Vss.
1177 1620 1320 1686 αδὶςοδὸ.
1332 1621 1383 1678 τῶν
1393 1618 1417 1677 δ’
1424 1617 1464 1678 δσ’
1473 1616 1527 1677 lca
1537 1615 1584 1693 μὲν
1595 1615 1666 1697 κτλ]
1677 1616 1865 1694 Simplicius

242 1715 366 1772 lectione
380 1713 504 1772 ἐδείκνυεν
518 1735 544 1770 εν
555 1725 584 1769 et
594 1711 788 1769 'laurinensis
799 1710 945 1787 scriptura
956 1709 1021 1766 lisl-
1066 1707 1102 1766 de
1112 1708 1194 1768 coeto
1203 1709 1280 1785 apud
1293 1708 1459 1784 Peyronum
1471 1706 1492 1764 Ι.
1505 1707 1524 1764 Ι.
1535 1726 1566 1784 p.
1578 1707 1634 1778 28,
1649 1705 1742 1764 iidem'
1754 1724 1864 1762 versus

243 1799 431 1880 κνυενύμὸριρ.
449 1802 504 1860 Sed
520 1799 667 1874 flagitante
683 1799 824 1857 sententia
845 1817 903 1873 qua
917 1797 1022 1856 simili·
1066 1799 1197 1874 corrupti
1215 1797 1349 1870 leguntur
1364 1796 1395 1853 in
1409 1795 1456 1852 cd.
1473 1793 1540 1854 ald.
1557 1794 1577 1852 l.
1600 1795 1654 1850 128
1673 1792 1704 1852 b.
1721 1791 1773 1850 Vs.
1800 1795 1863 1848 285

241 1890 312 1949 tudo
325 1889 455 1967 quaedam
470 1888 646 1966 exprimitur
659 1886 726 1945 dedi
740 1884 843 1962 ‹lacpro
858 1889 1021 1962 umquem·
1070 1883 1201 1964 Κύπριδος
1220 1886 1280 1942 κτλ.
1296 1883 1381 1942 alfort
1400 1883 1486 1941 etiam
1509 1881 1680 1959 Simplicius
1699 1880 1796 1957 Phys.
1817 1881 1863 1951 ll,

241 1977 397 2035 admodum
415 1975 584 2034 Karstenius
606 1974 695 2032 scribi
714 1972 854 2030 voluerat.
871 1970 949 2028 ldem
976 1971 1021 2028 vir
1068 1973 1087 2032 l.
1101 1981 1136 2045 74
1148 1973 1178 2034 b.
1192 1977 1259 2030 Haec
1270 1971 1307 2031 de
1318 1971 1411 2029 oculis
1421 1968 1694 2046 disitEmpedocles
1702 1968 1865 2045 explicans

241 2064 344 2122 doctus
355 2063 412 2123 Ιπεί
421 2065 444 2120 τ’
459 2063 623 2121 llerodoteo
638 2080 718 2118 nrore
735 2059 790 2136 (cl.
806 2059 859 2119 lib.
875 2057 929 2126 ΙΙΙ,
946 2079 999 2130 117
1011 2081 1020 2130 ς
1066 2059 1214 2136 quomodo
1229 2060 1294 2130 liat,
1307 2071 1339 2116 ut
1351 2059 1403 2116 alii
1416 2070 1518 2130 noctu,
1530 2057 1581 2115 alii
1596 2057 1726 2114 interdiu
1738 2057 1865 2114 acutius

241 2151 302 2219 llll,
324 2155 352 2222 8,
372 2173 397 2225 ι,
412 2150 463 2208 ubi
485 2151 559 2209 nihil
578 2149 657 2207 aliud
680 2167 766 2225 quam
780 2145 837 2204 ΙπεΙ
856 2147 1021 2224 signilicat)
1067 2160 1195 2206 cernant.
1220 2145 1316 2204 'l'estis
1337 2144 1508 2223 Simplicius
1531 2143 1617 2221 cujus
1635 2143 1728 2202 verba
1749 2160 1827 2203 sunt
1855 2168 1863 2202 ε

241 2237 386 2308 exaravit,
400 2235 480 2294 Ιπειτ’
490 2237 512 2296 i.
525 2256 552 2295 e.
562 2234 651 2294 laena
662 2235 791 2293 hocloco
801 2233 925 2308 intelligi
938 2251 1023 2309 posse
1067 2234 1136 2293 ἀλλὰ
1151 2233 1197 2293 καὶ
1210 2233 1271 2309 περὶ
1283 2230 1410 2311 γενέσεως
1424 2236 1476 2291 τῶν
1492 2234 1634 2312 ὀφθαλμῶν
1649 2235 1701 2292 τῶν
1724 2255 1865 2308 σωματι-

242 2343 358 2399 negans.
380 2325 521 2394 Quamvis
543 2337 637 2382 autem
652 2323 781 2380 Steinius
799 2322 827 2380 ei
848 2321 1022 2398 astipulatus
1068 2325 1122 2380 κῶν
1136 2320 1236 2380 τούτων
1247 2321 1332 2397 λέγων
1348 2319 1496 2399 Ιπήγαγεν·
1510 2319 1538 2388 ἐξ
1552 2309 1592 2378 ὧν
1613 2319 1712 2398 ὄμματ’
1727 2323 1793 2380 κτλ.
1817 2323 1865 2380 καὶ

243 2410 298 2480 sit,
317 2421 413 2468 lamen
436 2410 508 2467 mihi
531 2411 561 2468 id
585 2431 644 2468 non
659 2412 815 2487 persttasit.
838 2408 913 2466 lllttd
929 2407 986 2467 ἐπεί
999 2407 1023 2465 τ’
1067 2407 1115 2478 τὴν
1125 2407 1212 2466 αἰτίαν
1224 2407 1308 2486 λέγων
1319 2413 1365 2466 τοῦ
1375 2406 1432 2472 τοὺς
1448 2406 1495 2483 μίν
1510 2408 1537 2464 ἒν
1550 2407 1639 2487 ἡμέρα
1650 2405 1793 2474 τοδςδὲέν
1814 2433 1865 2466 νυ-

242 2515 316 2554 νσιο
326 2495 377 2553 vix
391 2494 615 2573 Empedocleum
626 2515 688 2554 esse
703 2496 940 2555 Panzerbieterus
954 2517 1024 2574 quo·
1069 2496 1111 2556 xri
1122 2497 1230 2555 κάλλιον
1243 2498 1306 2575 δρᾶν
1318 2485 1378 2554 κτλ.
1395 2495 1543 2553 Sententia
1562 2508 1661 2572 aperte
1674 2494 1809 2573 abrupta
1819 2510 1867 2555 est

243 2600 301 2659 que
318 2581 477 2640 arbitratus
498 2595 611 2660 poetam
628 2584 660 2640 io
674 2583 752 2641 hunc
768 2584 884 2642 modum
906 2585 1025 2662 loquen·
1068 2603 1163 2660 neque
1183 2584 1220 2642 de
1231 2583 1397 2663 posteriore
1418 2583 1484 2660 ejus
1496 2595 1577 2661 parte
1591 2603 1655 2660 quae
1670 2584 1866 2643 desideratur

243 2682 300 2727 tem
314 2669 382 2727 facit
397 2690 404 2726 ε
419 2666 454 2736 ὣς
466 2667 494 2726 δὲ
512 2668 571 2728 τότε
582 2669 664 2748 χθάνα
681 2667 780 2748 Κύπρις
799 2667 879 2737 ίπειξ’
892 2669 978 2741 satsat
999 2674 1023 2729 τ’
1068 2672 1227 2748 quidquam
1245 2670 1405 2748 conjectari
1419 2670 1497 2728 licet.
1512 2669 1634 2728 Codices
1649 2670 1769 2729 variant
1790 2692 1865 2750 par-

241 2757 269 2812 ἐν
294 2754 409 2836 ύμύριρ,
432 2777 534 2834 parum
554 2771 639 2816 recte.
663 2757 733 2815 Nam
760 2756 843 2825 ἔπαιξα
868 2779 923 2836 pro
944 2757 1023 2836 ἔμαξε
1069 2760 1120 2817 tim
1132 2759 1216 2818 ἔκτοθι
1226 2755 1526 2835 exhibentes‚partim
1540 2755 1643 2829 ἔκτοθι,
1655 2759 1764 2836 partim
1781 2759 1865 2818 ἔκτο-

234 2841 370 2916 'sarr'nam
380 2844 664 2923 subegitaccipiendo
674 2845 705 2904 in
718 2847 841 2904 alienant
853 2848 1023 2906 sententiam
1068 2851 1122 2908 θεν.
1138 2847 1273 2904 Extrema
1285 2847 1316 2905 in
1326 2845 1501 2904 Taurinensi
1514 2859 1543 2904 et
1554 2845 1778 2904 oxoniensibus
1789 2851 1869 2906 scri·

243 2921 373 2990 detorsit.
399 2929 458 3006 Ego
477 2949 593 2989 versum
612 2951 629 2990 a
652 2931 783 2990 librariis
799 2932 873 2990 male
891 2931 1023 2992 habitum
1069 2934 1180 2993 buntur
1199 2957 1205 2992 :
1222 2933 1355 3013 Κύπριδος
1365 2937 1391 2993 ἐν
1405 2931 1545 3011 παλάμῃσι
1560 2932 1664 3004 πλάδης
1681 2935 1793 3004 τοιῆσδε
1811 2941 1871 2993 τυ-“

243 3009 401 3076 verbor'um
426 3018 654 3096 transpositione
673 3038 789 3098 unaque
802 3038 873 3077 voce
891 3018 1018 3097 abjecta,
1069 3021 1167 3100 χύντο,
1188 3021 1266 3100 apud
1290 3020 1476 3097 Simplicium
1499 3019 1530 3077 in
1555 3019 1646 3097 Phys.
1671 3018 1814 3099 Κύπριδος
1837 3025 1870 3080 ἐν

243 3125 303 3164 una
317 3105 384 3164 item
400 3105 499 3164 addita
518 3125 622 3164 sanare
642 3126 727 3184 posse
748 3107 821 3165 milri
841 3109 922 3166 visus
945 3128 1022 3167 sum.
1069 3109 1196 3186 παλάμης
1207 3108 1318 3175 πλάσιος
1331 3107 1573 3187 τοίηςτιευχόντοι.
1586 3106 1716 3182 Scaliger
1727 3106 1867 3184 conjecit

244 3191 346 3269 ltaque
359 3192 504 3268 vulgatam
520 3193 695 3269 scripturam
707 3193 749 3252 sic
769 3193 874 3253 refinxi
891 3215 898 3250 ε
914 3191 950 3260 ὣς
969 3193 1024 3254 τότ’
1072 3195 1202 3274 Κύπριδος
1226 3192 1381 3271 εὖπαλάμης
1404 3194 1484 3272 quod
1502 3192 1738 3273 reprobandum,
1763 3217 1865 3274 quum

244 3277 326 3336 ἔπειτ’
345 3278 429 3351 ἐδίηνε
442 3278 545 3358 Κύπρις
556 3279 637 3358 χθόνα
652 3277 730 3359 δηρὸν
745 3282 772 3338 ἐν
784 3277 889 3360 δμόρῳ.
903 3281 1025 3340 Caetero·
1070 3287 1096 3342 ίν
1110 3283 1237 3361 παλάμῃς
1251 3285 1321 3342 satis
1329 3295 1428 3361 aptum
1442 3283 1490 3342 sit.
1504 3282 1647 3340 Caeterum
1659 3281 1765 3353 πλάδης
1775 3287 1865 3361 quud

245 3366 297 3442 qui
312 3365 393 3424 nulla
407 3366 564 3426 difficultas
574 3368 605 3425 in
616 3368 734 3426 nomine
751 3366 852 3448 Κύπρις
868 3369 1025 3447 est‚cujus
1070 3372 1241 3449 interpretes
1255 3389 1356 3428 omues
1373 3388 1438 3428 cum
1465 3369 1563 3436 πλάδος
1584 3369 1802 3430 conlaudentes
1825 3374 1866 3432 de

243 3453 433 3529 penultimam
457 3453 644 3533 Empedocles
671 3457 759 3514 modo
782 3456 907 3534 corripit
938 3459 1025 3517 modo
1069 3462 1183 3516 lrarnore
1198 3458 1508 3536 accipiuntscripturae
1522 3457 1657 3516 mendum
1675 3476 1740 3515 esse
1757 3473 1863 3536 patet;

244 3541 445 3618 producit.Cl.
471 3562 516 3603 vs.
547 3543 603 3602 305
619 3555 647 3600 et
663 3551 731 3618 4¹9·
752 3542 902 3602 Posterior
923 3565 1025 3604 versus
1070 3544 1277 3605 restituendum
1297 3541 1407 3610 πλάσιος
1430 3563 1466 3602 ex
1489 3543 1580 3602 altero
1604 3543 1751 3621 Simplicii
1778 3546 1864 3604 loco.

244 3626 424 3686 multimodis
437 3627 610 3706 depravatus
619 3641 671 3690 est.
684 3629 776 3688 Codd.
789 3630 879 3690 Taur.
893 3634 910 3702 ἡ
922 3628 948 3688 δὲ
959 3634 1025 3690 άπα-
1071 3637 1204 3710 Fr'guram
1218 3633 1315 3702 enim,
1332 3651 1392 3688 nou
1407 3633 1549 3688 ductorem
1565 3629 1613 3688 hic
1627 3629 1685 3688 dici
1701 3635 1865 3691 convenit.

244 3715 384 3787 πνείουσα,
400 3717 495 3775 Οιιοιι.
514 3721 549 3778 Α.
564 3717 621 3788 ἡδέ’
637 3717 817 3790 άποπνέουσα,
833 3722 928 3778 Οκοιι.
954 3721 986 3780 B.
1002 3723 1025 3778 sl
1070 3721 1203 3797 Denique
1217 3717 1287 3790 ποίης
1297 3739 1326 3776 τε
1340 3717 1553 3796 repudiandum
1564 3729 1652 3793 atque
1665 3715 1790 3776 alterius
1803 3719 1867 3778 loci

245 3798 274 3856 δθ
288 3799 484 3874 θπσπνοίουσα,
499 3804 583 3879 cujus
596 3805 661 3862 loco
678 3805 850 3866 Brundisius
864 3806 956 3864 edidit
969 3811 987 3878 ά,
1001 3809 1024 3864 δ’
1071 3809 1245 3886 scripturam
1258 3805 1363 3877 τοιῆσδε
1378 3805 1554 3883 sequendam
1571 3823 1634 3863 esse
1652 3804 1704 3862 rix
1717 3808 1868 3882 estquod

248 3887 474 3948 άπσπσιπνύουσα.
502 3890 636 3950 Extrema
660 3893 691 3950 ia
710 3893 782 3954 Cod.
800 3900 834 3953 Α.
857 3893 1026 3954 scribuntur
1071 3914 1213 3954 moneam.

245 3977 299 4033 θωο
312 3974 375 4055 πυρΙ
383 3976 479 4035 δέδωκε
485 4021 495 4050 ,
508 3979 539 4036 in
552 3980 663 4039 caeteris
673 3984 817 4060 reperitur
826 3987 876 4062 θοῷ
886 3983 947 4062 πυρὶ
958 3984 1026 4042 δῶκα
1109 3982 1159 4044 Vs.
1182 3983 1251 4042 286.
1267 3979 1336 4040 οὕτω
1356 3981 1379 4040 δ’
1402 3981 1512 4062 ᾠοτοκεῖ
1530 3978 1612 4057 κτλ]
1628 3977 1808 4039 Aristoteles
1829 3984 1869 4040 de

247 4067 384 4139 κρατῦναι.
404 4061 511 4124 Versus
525 4066 640 4125 initium
654 4068 710 4126 boc
727 4089 790 4130 esse
808 4071 940 4128 voluerat
954 4070 1025 4130 llar-
1070 4071 1143 4129 Gen.
1163 4070 1260 4128 haim.
1276 4067 1302 4144 l,
1319 4069 1356 4127 αδ
1379 4087 1447 4147 pag.
1470 4067 1524 4141 73¹
1540 4086 1566 4127 a.
1581 4066 1627 4125 ed.
1644 4065 1773 4126 bekker.
1790 4089 1800 4123 :
1819 4069 1869 4126 καὶ

246 4150 354 4209 stenius
369 4169 376 4210 :
390 4149 445 4222 ἡδί
466 4153 643 4226 ἐπιπνείουσα,
661 4159 776 4231 placide
795 4157 913 4232 afflans,
931 4176 948 4214 a
968 4179 1026 4236 quo
1071 4163 1148 4217 τοῦτο
1162 4158 1249 4224 καλῶς
1258 4155 1328 4238 lipsi
1344 4155 1531 4232 Ἐμπεδοκλῆς
1542 4153 1670 4227 ποιήσας,
1681 4151 1752 4212 οὗτοι
1769 4155 1794 4213 δ’
1811 4158 1869 4216 aba·

247 4254 306 4292 non
329 4237 452 4295 multum
473 4238 619 4317 discrepat
640 4239 856 4300 Panaerbieteri
876 4243 1025 4301 inventum
1070 4245 1142 4302 τοκεῖ
1155 4245 1213 4304 κτλ
1225 4244 1255 4304 τά
1269 4263 1296 4303 τε
1314 4243 1366 4324 γάρ
1388 4243 1439 4302 ὠὸν
1457 4241 1549 4320 κύημά
1566 4243 1656 4314 ἔστιν,
1677 4239 1723 4299 καί
1742 4241 1774 4300 ἔκ
1792 4267 1869 4311 τινος

246 4323 296 4396 ἡδύ
308 4324 330 4382 δ’
342 4323 522 4386 ἐπιπνείουσα.
535 4328 638 4388 Postea
652 4331 791 4406 inspectis
806 4329 926 4388 scholiis
937 4331 1027 4390 inter·
1071 4335 1150 4390 αὐτοῦ
1164 4330 1282 4410 γίγνεται
1302 4331 1332 4390 rh
1347 4335 1429 4406 ζῶον,
1442 4331 1473 4390 τὸ
1485 4328 1513 4390 dl
1527 4328 1618 4390 λοιπὸν
1639 4327 1740 4408 τροφή,
1756 4330 1807 4388 καὶ
1837 4337 1870 4392 ἐκ

247 4426 360 4492 pretam
383 4414 622 4474 Aristoteleorum
647 4417 831 4476 abrandisio
845 4418 932 4478 editis
947 4419 1027 4478 llar-
1071 4425 1116 4478 τοῦ
1136 4417 1286 4499 σπέρματος
1303 4420 1349 4478 καὶ
1367 4421 1396 4478 lx
1417 4417 1511 4498 μέρους
1524 4417 1641 4496 γίγνεται
1656 4415 1684 4476 τὸ
1708 4417 1869 4496 φυόμενον,

249 4500 359 4558 stenius
374 4499 500 4576 conjecit
514 4500 584 4561 εἴδεα
598 4503 776 4581 ποιπνύουσα,
792 4505 872 4582 quod
885 4505 1026 4584 interpre·
1072 4506 1139 4565 τὸδὲ
1153 4507 1244 4568 λοιπὸν
1256 4507 1338 4589 τροφὴ
1349 4507 1464 4585 γίγνεται
1475 4510 1514 4586 τῷ
1528 4508 1634 4586 βλαστῷ
1646 4504 1733 4584 καΙτῇ
1748 4507 1813 4587 ῥίζῃ
1831 4514 1868 4586 τῇ

247 4600 325 4645 tatur
346 4593 505 4646 mortalium
519 4593 635 4666 figuras
655 4595 751 4650 sedala
771 4593 916 4668 scrutans,
941 4614 1026 4653 sensu
1071 4593 1173 4673 πρώτῃ.
1188 4595 1223 4652 ln
1233 4609 1322 4653 versu
1334 4591 1527 4673 Empedocleo
1541 4612 1609 4671 pars
1619 4593 1749 4669 quaedam
1766 4594 1869 4654 libro·

247 4673 342 4745 bono,
359 4675 445 4733 nrodu
459 4677 594 4736 ποιπνύσιν
613 4679 808 4748 itaaGraecis
823 4695 1023 4760 usurparetur.
1071 4704 1135 4742 rum
1155 4684 1322 4742 Aristotelis
1347 4703 1401 4761 pru
1426 4681 1517 4762 μακρά
1538 4680 1625 4739 habet
1648 4679 1753 4759 μικρά,
1777 4686 1869 4758 qnod

247 4761 318 4820 llam
334 4761 508 4823 Pindaricus
522 4785 608 4843 quem
627 4767 712 4826 allert
728 4768 809 4827 locus
828 4769 915 4846 Pyth.
936 4768 973 4842 Χ,
988 4773 1024 4840 64
1071 4774 1156 4831 σεῖσαι
1177 4771 1360 4850 Philoponus
1385 4771 1524 4846 agnoscit.
1545 4769 1600 4827 Sed
1617 4766 1707 4846 μακρά
1724 4783 1811 4827 recte
1836 4774 1869 4830 in

247 4848 314 4928 Ιμδν
327 4851 460 4911 ποιπνύων
474 4852 564 4932 χάριν,
581 4875 672 4912 meam
685 4863 811 4930 gratiam
821 4876 967 4932 quaereas,
980 4855 1027 4926 τὴν
1072 4859 1241 4920 Aristotelis
1253 4871 1390 4917 contexta
1400 4857 1480 4916 dedit
1490 4857 1653 4929 lieltherus,
1666 4855 1795 4930 quemad
1801 4878 1871 4916 nro·

248 4937 275 5008 ΙΕ
289 4941 352 5011 ἐμοῦ
359 4939 438 5020 χάριν
457 4941 589 5017 θπιθυμῶν
600 4985 608 5019 ,
621 4955 653 5000 ut
666 4943 786 5020 exponit
798 4944 983 5020 scholiastes,
997 4942 1027 5003 id
1072 4947 1141 5004 dum
1156 4947 1308 5019 Sturzius,
1332 4945 1502 5004 Karstenius
1522 4944 1632 5020 aliique
1651 4941 1868 5019 Empedoclem

248 5047 308 5086 non
322 5027 435 5106 probat.
449 5028 578 5088 Steiuius
596 5042 729 5107 quartum
745 5043 884 5108 praeterea
902 5031 1026 5089 elemen-
1072 5035 1225 5110 scripsisse
1238 5046 1411 5093 statuerunt.
1427 5031 1553 5089 Eandem
1568 5031 1722 5088 lectionem
1736 5030 1871 5090 exbibet

249 5125 310 5173 tum
325 5114 492 5175 desiderans
507 5116 592 5176 talem
607 5119 771 5196 composuit
784 5139 899 5178 versum
923 5141 930 5177 :
946 5117 1027 5198 αἰθέρ’
1071 5121 1289 5200 Theophrastus
1305 5120 1341 5178 de
1351 5121 1438 5179 Caus.
1456 5119 1546 5196 plant.
1564 5117 1585 5186 l,
1604 5138 1633 5189 7,
1646 5117 1697 5176 ubi
1715 5116 1781 5174 haec
1792 5121 1843 5177 ait
1860 5142 1867 5175 ι

251 5199 420 5265 ἐπιπνείουσα
443 5205 495 5286 θοῷ
517 5206 581 5285 trapi
601 5205 669 5266 δῶκε
693 5209 831 5288 κρατῦναι.
856 5207 945 5286 Atqui
968 5227 1027 5266 non
1072 5211 1100 5268 ού
1113 5205 1750 5288 κακῶςἜμπεδοκλῆςείρηκε,φσόκωνῶοτοκεῖν
1763 5205 1868 5286 μακρὰ
