3794 5916
257 393 313 446 tiu
930 381 981 443 Du
1003 382 1242 444 Ptauuutntt.

248 511 378 581 Namque
388 505 587 579 Anaximenes,
602 504 648 560 cui
661 505 733 560 nihil
753 523 818 560 cum
843 505 1033 562 Eleaticomm
1079 525 1143 581 qun
1158 507 1207 563 din
1222 515 1300 562 tanta
1321 506 1389 578 luit,
1409 519 1442 564 ut
1461 527 1546 566 nemo
1562 508 1619 567 iera
1635 519 1705 566 esset
1718 509 1894 584 sapientia

249 597 361 652 ratione
375 612 526 650 commune
536 602 591 662 est,
605 593 811 649 Anaximandri
822 593 938 649 auditor
949 593 1033 650 luisse
1080 594 1176 650 studio
1190 593 1308 663 nobilis,
1328 595 1399 668 quin
1415 595 1482 651 huic
1496 596 1599 652 scholas
1613 597 1894 656 adnumeraretur.

250 686 393 755 creditas,
406 696 456 740 aut
468 686 550 760 prior
563 683 731 740 Parmenide
744 694 795 740 aut
805 685 922 758 aqualis
930 685 957 742 ei
968 685 1031 756 finit,
1081 682 1269 756 Pythagorica
1292 699 1362 738 vero
1385 681 1527 739 institutio
1547 684 1637 760 magis
1657 685 1696 740 ad
1717 686 1894 761 ingenium

249 773 370 829 inferior
384 782 460 828 certe
478 783 558 828 aetate
573 789 631 826 non
647 770 710 826 tuit.
727 772 842 828 Eusebii
864 769 940 849 (ιο),
961 773 1031 846 Syn·
1080 767 1139 840 ejus
1147 769 1336 842 philosophiae
1347 770 1434 826 initiis
1443 771 1646 842 imbuendum,
1657 791 1744 846 quarn
1756 775 1800 830 ad
1815 793 1894 849 pen

236 861 313 916 ‘celii
327 859 387 938 (ιι)
398 861 576 933 aliorumque
590 877 702 914 errores
714 859 886 934 redarguere
896 874 1031 934 superva-
1080 855 1229 912 finiendam
1243 856 1304 928 ejus
1318 857 1477 912 doctrinam
1488 859 1608 916 valuisse
1621 860 1743 917 videtur.

249 964 367 1002 cuneum
376 944 549 1017 judicamus·
568 947 715 1001 Platonem
729 947 815 1020 igitur
826 947 915 1002 secuti
929 947 1032 1002 statui·
1119 943 1207 998 Cebes
1222 939 1282 1018 (15)
1296 943 1412 1017 quidem
1423 942 1601 1022 Πυθαγόρειον
1612 941 1658 1002 καί
1672 943 1894 1022 Πορμενίδειον

248 1053 311 1088 mus
340 1044 450 1107 tempus
473 1051 532 1106 quo
554 1032 653 1088 floruit
670 1034 852 1090 Parmenides
874 1033 934 1090 lere
957 1035 1033 1089 intra
1080 1027 1136 1106 βίον
1150 1030 1302 1104 predicat,
1318 1049 1378 1086 non
1392 1041 1501 1088 eertum
1517 1033 1665 1106 quoddam
1678 1034 1803 1090 vivendi
1831 1054 1894 1110 ge·

249 1122 364 1196 Olymp.
382 1121 476 1191 7o·8o
489 1139 548 1177 esse
564 1121 741 1196 ponendum.
758 1119 803 1178 sd
817 1119 873 1176 boc
895 1122 1032 1195 temporis
1078 1134 1147 1186 nus,
1161 1116 1211 1171 sed
1225 1117 1340 1172 vitame
1354 1117 1541 1195 philosophia
1553 1115 1675 1176 decretis
1689 1138 1757 1176 cum
1771 1120 1894 1195 digni-

248 1207 373 1282 spatium
388 1227 437 1264 eos
449 1226 565 1283 quoque
578 1205 678 1263 referri
689 1216 805 1282 oportet
817 1207 867 1280 qui
880 1225 945 1262 cum
961 1205 1031 1262 Par·
1079 1213 1135 1258 tate
1149 1214 1178 1260 et
1191 1202 1329 1260 modestia
1342 1215 1436 1260 actam
1447 1206 1615 1281 intelligens.
1632 1205 1771 1266 Similiter
1786 1210 1892 1264 Plato

250 1297 365 1352 menide
382 1315 400 1352 a
414 1296 555 1352 veteribus
569 1307 703 1369 tanquam
723 1295 790 1351 ltuic
809 1295 883 1350 aetati
897 1313 1033 1370 suppares
1078 1289 1182 1350 Theaet.
1196 1307 1227 1364 p.
1245 1289 1310 1360 183,
1321 1286 1361 1346 E:
1375 1289 1542 1368 Παρμινίδης
1554 1288 1582 1348 δέ
1593 1312 1638 1368 μοι
1648 1288 1816 1371 φαίνεταιτὸ
1834 1297 1892 1350 τοῦ

177 1368 180 1374 ’
250 1383 386 1458 conjungi
402 1383 598 1442 solent.Tales
612 1381 1033 1456 lueruntlienophanes,Elea-
1080 1371 1201 1454 Ὁμήρου
1214 1374 1308 1442 αἰδοῖός
1321 1398 1350 1434 τε
1363 1375 1420 1452 ἅμα
1431 1376 1510 1443 δεινός
1523 1398 1553 1435 τε
1556 1420 1628 1437 ......
1644 1376 1690 1437 καί
1712 1399 1758 1453 μοι
1782 1379 1888 1460 ἐφάνη

250 1471 375 1526 ticorum
389 1489 500 1544 parens,
515 1472 593 1527 circa
608 1471 721 1544 Olymp.
734 1469 772 1525 60
788 1471 893 1542 clarus,
907 1473 1033 1527 Heracli·
1080 1462 1158 1540 βάθος
1179 1485 1206 1521 τι
1229 1464 1299 1542 ἔχειν
1323 1463 1477 1525 παντάπασι
1496 1471 1622 1542 γενναῖον,
1643 1478 1672 1523 et
1685 1467 1821 1542 Sophias.
1849 1489 1888 1544 p.

251 1568 309 1628 tus,
332 1559 496 1616 Parmenidi
518 1577 611 1633 prope
639 1559 771 1632 aqualis,
797 1557 967 1632 Olympiade
994 1557 1032 1631 69
1079 1549 1390 1629 237‚A2llsputvldut
1401 1550 1561 1628 δὶδμὲγος.
1578 1557 1643 1611 Πυο
1656 1555 1744 1610 etiam
1758 1567 1889 1628 spectat

250 1644 382 1719 illustris,
394 1645 473 1702 Zeno
487 1645 547 1717 ejus
560 1645 731 1719 disciptdus,
747 1644 862 1718 aequalis
877 1644 936 1700 lere
957 1648 1039 1713 Anas
1078 1639 1159 1693 Timo
1181 1639 1318 1696 Phliasius
1332 1639 1412 1714 apud
1425 1642 1582 1715 Diogenem
1597 1643 1741 1698 Laertium
1756 1643 1817 1713 lX,
1837 1643 1882 1698 23

250 1749 375 1804 xagorae,
384 1731 553 1805 Olympiade
566 1750 603 1805 79
614 1749 726 1786 summo
737 1728 808 1788 flore
822 1731 1001 1804 conspicuus.
1078 1743 1251 1802 exaggerans

289 1819 521 1879 DeParmenidis
534 1820 593 1874 vita
605 1829 633 1874 et
647 1819 746 1874 studiis
756 1837 846 1894 pauca
856 1829 922 1874 sunt
932 1819 968 1873 ab
978 1838 1032 1875 an-

249 1909 336 1982 tiquis
343 1907 475 1982 prodita,
489 1926 505 1963 e
517 1907 620 1980 quibus
633 1917 723 1962 tamen
733 1904 839 1976 conjici
851 1907 931 1974 licet,
944 1907 1033 1980 qualis

250 2004 429 2068 quantusque
441 1992 529 2050 luerit
539 1994 593 2062 vir,
607 2011 666 2066 quo
678 1993 792 2067 ingenio
804 1991 954 2066 praeditus,
968 1993 1033 2065 qni-
1117 1988 1338 2063 lnphilosophia
1346 1989 1526 2044 Parmenides
1537 1990 1666 2063 quamvis
1674 1989 1882 2064 Xenophanis

248 2083 303 2138 bus
314 2082 414 2137 litteris
423 2081 742 2154 institutus‚quomodo
753 2080 878 2154 denique
887 2081 1033 2153 paullatim
1077 2076 1209 2149 exemplo
1222 2085 1331 2129 naturae
1347 2077 1464 2158 verique
1477 2078 1665 2152 interpretem
1688 2095 1718 2133 se
1733 2095 1795 2134 esse
1809 2090 1879 2134 stu·

250 2169 289 2225 ud
296 2187 436 2224 summum
443 2168 842 2243 inpbilosophiapervenerit.
850 2167 938 2222 Natus
945 2166 1032 2225 Veliae
1078 2162 1172 2232 deret,
1189 2181 1239 2218 sua
1255 2173 1349 2218 tamen
1359 2164 1471 2218 ratione
1486 2181 1585 2220 versem
1598 2175 1741 2220 scrutatus
1754 2176 1800 2220 est
1816 2185 1880 2220 ne-

249 2257 358 2312 audivit
371 2255 578 2330 Xenophanem
590 2253 653 2331 (ιυ)
665 2254 845 2330 grandevum
858 2253 1032 2322 adolescens,
1078 2267 1134 2322 que
1147 2238 1274 2324 magistri
1290 2250 1398 2324 placitis
1412 2261 1561 2307 contentus
1584 2251 1638 2306 luit
1654 2250 1726 2327 (16).
1744 2253 1880 2308 Littera·

250 2343 331 2416 eujus
345 2343 457 2418 placitis
475 2344 616 2418 perceptis
629 2343 733 2416 procul
749 2342 838 2398 dubio
853 2341 1034 2398 fundamenta
1078 2355 1142 2392 rum
1156 2337 1250 2392 studia
1265 2337 1306 2392 ita
1321 2338 1421 2406 coluit,
1433 2349 1493 2394 uta
1506 2338 1669 2412 reipublicae
1684 2338 1878 2394 administra·

246 2429 317 2501 jecit
329 2428 569 2501 doctrinae,qnam
580 2428 713 2502 deinceps
723 2430 848 2484 excoluit
857 2440 885 2485 et
893 2428 1034 2502 professus
1079 2425 1158 2480 tione
1172 2442 1232 2478 non
1246 2432 1372 2481 vacaret.
1388 2424 1475 2498 Leges
1489 2443 1558 2498 quas
1570 2425 1673 2480 Eleatis
1682 2427 1799 2500 scripsit
1813 2438 1877 2481 tam

250 2525 300 2570 est.
314 2515 382 2571 Fuit
398 2515 423 2570 ei
444 2517 529 2569 etiam
552 2532 617 2569 cum
636 2516 820 2590 Pythagoreis
843 2513 1032 2589 quibusdam,
1080 2511 1162 2566 bone
1176 2511 1308 2581 luerunt,
1322 2523 1356 2566 ut
1365 2514 1543 2586 magistratus
1556 2514 1708 2586 quotannis
1718 2515 1798 2569 cives
1808 2515 1874 2569 atli-

250 2601 419 2659 eruditionis
432 2612 461 2656 et
480 2601 603 2656 scientiae
621 2600 696 2656 sama
705 2600 894 2676 florentibus,
909 2619 1035 2658 consue-
1078 2609 1178 2673 gerent
1187 2598 1392 2672 jurejurando,
1405 2617 1437 2656 se
1449 2601 1625 2657 Parmenidis
1638 2602 1714 2676 leges
1728 2603 1877 2657 observa-

251 2688 322 2743 tudo
339 2686 413 2763 (13),
429 2688 563 2761 equibus
586 2688 644 2743 duo
658 2699 865 2758 mentoraatnr,
886 2707 958 2762 quos
977 2697 1035 2744 stu·
1079 2697 1157 2742 turos
1180 2685 1248 2764 (17).
1265 2688 1410 2744 Habitasse
1432 2688 1548 2762 quidem
1573 2688 1685 2745 videtur
1710 2690 1803 2760 Eleae,
1820 2689 1875 2746 sed

252 2773 367 2829 diorum
382 2774 468 2830 duces
484 2785 512 2830 et
534 2775 730 2832 moderatores
743 2776 894 2842 habuerit,
909 2778 1035 2834 Aminias
1080 2791 1287 2847 nonnunquam
1297 2775 1328 2828 in
1342 2785 1451 2831 exteras
1462 2776 1591 2850 regiones
1602 2775 1772 2835 excurrisse.
1784 2776 1875 2836 Certo

251 2874 281 2919 et
295 2862 462 2920 Diochaetes.
473 2865 586 2920 llornm
595 2863 642 2919 ille
652 2863 860 2920 adolescentem
869 2865 905 2919 ab
915 2865 1033 2919 aliarum
1080 2861 1201 2918 Athenas
1215 2879 1281 2916 eum
1297 2861 1451 2933 aliquando
1464 2863 1571 2917 venisse
1586 2871 1671 2935 atque
1684 2863 1715 2916 in
1733 2864 1873 2919 erudito·

251 2968 349 3006 rerum
363 2967 432 3006 cura
454 2949 491 3005 ad
507 2949 613 3006 litteras
634 2960 720 3024 atque
735 2951 772 3006 ad
792 2952 883 3006 otium
900 2961 929 3006 et
948 2960 1033 3006 tran·
1079 2966 1144 3004 rum
1152 2949 1301 3004 hominum
1313 2967 1444 3004 consessu
1454 2949 1490 3005 de
1501 2950 1587 3006 rebus
1596 2950 1692 3006 arduis
1708 2948 1874 3025 disputasse

252 3037 422 3112 quillitatem
436 3036 580 3108 traduxit,
598 3039 644 3094 bic
658 3056 767 3113 pauper
778 3038 827 3094 sed
840 3057 953 3093 morum
962 3057 1034 3113 pro-
1079 3037 1205 3110 locuples
1227 3047 1328 3091 auctor
1348 3037 1445 3105 Plato,
1468 3048 1501 3092 ut
1523 3037 1664 3108 vidimus,
1685 3038 1868 3096 testificatur.

252 3123 343 3181 bitate
365 3125 533 3180 nobilitatus
553 3124 627 3180 adeo
643 3125 669 3181 ei
692 3143 774 3180 carus
787 3124 858 3192 luit,
874 3135 905 3179 nt
918 3137 1033 3181 mortuo
1081 3123 1175 3196 Quare
1195 3141 1255 3178 non
1275 3125 1379 3178 mirum
1395 3133 1501 3178 tantam
1521 3124 1605 3180 luisse
1619 3125 1679 3198 ejus
1693 3127 1817 3201 gloriam
1843 3137 1872 3182 et

251 3205 387 3269 sacellum
399 3210 593 3285 dedicaverit,
605 3219 638 3270 ut
648 3213 690 3267 ¹ait
702 3213 803 3268 Sotion
826 3212 903 3286 apud
928 3214 1035 3288 Dioge·
1079 3211 1234 3285 disciplinas
1250 3213 1464 3282 auctoritatem,
1478 3223 1511 3267 nt
1526 3213 1716 3270 Eleaticorum
1729 3211 1872 3288 princeps

251 3316 328 3354 nem.
345 3299 547 3355 Parmenidem
567 3299 682 3374 ejusque
699 3299 871 3374 discipulum
891 3302 1033 3357 Zenonem
1080 3298 1116 3354 ab
1130 3298 1261 3352 omnibus
1276 3298 1438 3356 baberetur.
1455 3301 1538 3354 Multi
1556 3301 1605 3355 illa
1619 3311 1700 3357 aetate
1713 3302 1768 3357 viri
1783 3303 1871 3377 inge·

251 3383 448 3462 Pythagoreos
464 3385 522 3464 (14)
538 3389 621 3443 multi
633 3389 818 3443 nominarunt
838 3389 897 3444 sire
915 3398 1035 3463 propter
1080 3387 1128 3441 uio
1144 3397 1172 3441 et
1186 3385 1349 3442 eruditione
1359 3397 1526 3463 praestantes
1537 3387 1652 3443 luerunt
1663 3390 1712 3462 qui
1725 3391 1871 3446 nascentis

250 3461 753 3551 Pythagoreorum'conversationem
767 3487 796 3532 et
805 3475 1034 3552 familiaritatem,
1080 3471 1174 3528 adhuc
1187 3472 1373 3547 philosophiae
1387 3474 1494 3529 semina
1507 3493 1560 3549 per
1572 3476 1684 3531 lonium
1697 3485 1785 3548 atque
1801 3478 1868 3530 uni·

252 3579 314 3633 quae
341 3573 437 3620 tamen
457 3562 567 3620 nullam
588 3562 743 3638 disciplina
758 3561 970 3618 similitudinem
983 3581 1033 3636 pe·
1080 3580 1189 3618 versam
1203 3561 1341 3620 Graeciam
1359 3572 1522 3638 spargentes
1539 3561 1683 3618 adrerum
1703 3562 1868 3619 divinarum

251 3651 339 3722 perit,
354 3653 411 3707 sive
432 3661 552 3726 propter
566 3651 683 3707 illorum
703 3651 806 3706 sarnam
828 3661 857 3706 et
879 3649 1036 3706 claritatem
1079 3649 1326 3725 humanarumque
1339 3651 1551 3725 intelligentiam
1565 3668 1663 3708 ornnes
1677 3653 1868 3725 cogitationes

1117 1854 1285 1934 Παρμενίδου
1299 1878 1328 1914 τε
1343 1853 1403 1934 βίην
1416 1855 1597 1936 μεγαλόφρονα
1610 1853 1832 1927 τλνιιολύδοξον.

157 3873 164 3892 .
252 3837 376 3899 Μιλήσιος,
395 3839 495 3898 ἤκουσεν
510 3839 701 3904 Ἀναξιμάνδρου·
718 3840 774 3890 latos
790 3840 815 3890 dl
832 3841 874 3890 set
885 3839 1033 3904 Παρμενίδου
1112 3837 1161 3900 (ll)
1171 3839 1288 3898 Diogenes
1296 3839 1407 3888 beslius
1417 3838 1539 3899 tintxmt
1553 3837 1865 3901 z'llnststimusdild'llnp·

252 3907 321 3970 φασὶν
331 3907 432 3956 dacum
442 3908 521 3958 αὐτόν.
1081 3907 1182 3973 μινίδης]
1192 3910 1232 3958 καὶ
1248 3907 1348 3972 Ἀμεινίᾳ
1364 3910 1404 3958 καί
1421 3910 1534 3972 Διοχαίτη
1544 3913 1578 3971 τῷ
1590 3910 1745 3969 Πυθαγορικῷ
1761 3910 1804 3966 (ὡς
1825 3910 1865 3968 lan

285 3976 334 4038 (10)
349 3977 467 4026 Eusebius
481 3982 573 4028 canon.
589 3978 672 4029 chron.
688 3978 718 4029 ud
732 3979 830 4042 olymp.
846 3981 886 4042 (80
899 3999 906 4030 ι
917 3981 942 4042 ί)
961 3981 985 4030 π’
1004 3982 1033 4030 δ’·
1080 3979 1184 4040 Σωτίων)
1194 3979 1257 4041 ἀνδρί
1270 3981 1351 4037 πένητι
1363 3979 1414 4040 μὲν,
1425 3980 1491 4042 ιιυλῷ
1500 3979 1524 4028 dl
1536 3981 1576 4028 asti
1589 3979 1679 4041 ἀγαθῷ,
1693 3978 1714 4041 ᾦ
1726 3979 1865 4040 καὶμᾶλλον

252 4043 408 4108 Ἐμπεδοκλῆς
419 4049 459 4095 καὶ
472 4047 617 4110 Παρμενίδης
631 4048 752 4111 φιλόσοφοι
765 4051 859 4110 ρυσιιιοθ
875 4049 1032 4114 ἐγνωρίζονιο.
1080 4050 1237 4111 ἠκολούθησε,
1247 4051 1287 4097 καὶ
1297 4048 1451 4105 ἀποθανόντος
1463 4051 1539 4112 ἡρῷον
1550 4049 1668 4112 tasson.

254 4117 335 4174 Ζήνων
346 4117 386 4165 sol
399 4116 547 4178 Ἡράκλειτος
560 4117 573 4164 ὁ
585 4119 702 4174 σκοτεινὸς
714 4117 827 4182 ἤκμαζον.
1110 4117 1160 4181 (rt)
1177 4118 1340 4169 callimachus
1351 4117 1416 4180 apud
1433 4120 1545 4168 Proclum
1559 4118 1584 4166 in
1606 4121 1685 4168 Patm.
1700 4119 1729 4167 Τ.
1744 4119 1816 4177 1vn.
1832 4123 1862 4167 5:

284 4187 333 4249 (11)
350 4186 473 4248 syncellus
486 4186 618 4248 cisroaogr.
637 4201 662 4249 p.
684 4183 739 4250 153,
760 4191 791 4248 D,
810 4187 935 4238 nmttesto
954 4201 1035 4239 erroro
1079 4187 1185 4237 Ἔλεᾶται
1195 4189 1215 4236 δ’
1228 4188 1312 4249 ἄμφω,
1324 4189 1364 4236 καὶ
1376 4187 1405 4236 οὐ
1417 4188 1578 4252 τοῦτομόνον,
1594 4187 1653 4238 ἀλλὰ
1666 4188 1706 4236 nal
1726 4193 1769 4236 τοῦ
1782 4190 1862 4238 nuts-

252 4256 437 4319 Empedoclem,
450 4255 629 4315 Parmeniden,
640 4259 775 4318 zenonem,
792 4258 937 4309 Heraclitum
950 4262 976 4308 et
989 4261 1033 4310 De
1079 4262 1175 4319 γυμνοῦ
1191 4257 1354 4308 διδασκαλείου
1369 4259 1533 4320 ustulatum.
1553 4256 1701 4307 lamblichus
1719 4257 1769 4305 vit.
1790 4257 1862 4318 ΡνιΙι.

254 4327 381 4376 mocritum
393 4331 505 4386 regnante
518 4328 648 4375 Artaxerxe
658 4326 699 4388 qni
712 4327 871 4388 longimanus
885 4327 1032 4391 nominatur,
1079 4340 1100 4376 ε.
1116 4333 1169 4388 tus,
1180 4329 1234 4376 167.
1246 4329 1389 4388 Anonymus
1401 4327 1503 4391 scriptor
1511 4329 1562 4377 vtt.
1573 4327 1645 4389 Pytir.
1656 4340 1677 4376 s.
1688 4326 1750 4376 sed.
1762 4329 1862 4376 ttnster.

253 4398 318 4447 intre
329 4394 483 4457 Olympiades
497 4400 568 4467 tta-ut
583 4395 690 4445 lloruisse
702 4399 728 4446 et
738 4397 803 4446 circa
810 4397 875 4447 idem
886 4399 981 4462 tempus
991 4413 1033 4449 ne·
1080 4396 1166 4446 Strabo
1177 4396 1218 4446 lib.
1230 4399 1263 4446 Vt
1275 4397 1319 4446 luit
1329 4411 1336 4445 z
1347 4399 1378 4445 01
1388 4397 1412 4446 sl
1422 4402 1462 4458 vua
1471 4397 1552 4446 Ἐλέαν
1561 4396 1721 4458 ὀνομάζουσιν,
1729 4395 1790 4456 itale
1800 4400 1861 4458 Πομ·

253 4462 306 4509 lum
321 4469 373 4508 0⁸⁸0
386 4457 506 4505 S⁰⁰¹⁸l3ffl
522 4458 564 4504 ⁸¹¹·
1080 4466 1171 4529 μενίδης
1182 4468 1223 4514 καὶ
1236 4467 1316 4524 Ζήνων
1331 4467 1449 4529 trisemo,
1462 4467 1540 4530 ἄνδρες
1555 4466 1716 4528 Πυθαγόρειοι.

286 4528 335 4590 (¹²)
352 4526 491 4576 111810181θῦ
507 4525 612 4588 ΜθῑθΡίὶ·
627 4527 645 4584 l,
657 4531 671 4576 5
682 4545 689 4575 ³
700 4526 729 4575 '0
741 4524 785 4588 adp
794 4526 939 4590 Παθμῑνίδηζ
950 4529 1033 4580 τθῦτου
1110 4537 1119 4596 (
1123 4537 1160 4607 15)
1173 4536 1249 4585 (lebes
1259 4538 1320 4587 teu.
1334 4549 1370 4599 pr.
1382 4538 1462 4600 τἈνθρ
1474 4538 1566 4601 ίμφρων
1578 4537 1618 4586 καὶ
1627 4537 1698 4593 δεινὸς
1706 4538 1757 4600 πιρὶ
1768 4538 1861 4598 σοφίαν,

255 4597 307 4660 (τοῦ
318 4595 470 4658 Ξενοφάνους)
481 4597 571 4656 ditm*
581 4596 691 4658 μαθητήν.
704 4597 835 4648 dissuadet
844 4598 1034 4658 aphmdtstenns
1078 4605 1142 4669 λόγῳ
1153 4608 1178 4656 dl
1189 4609 1229 4656 ιιαί
1243 4609 1304 4672 ίργιρ
1314 4609 1474 4673 Πυθαγόρειον
1485 4626 1537 4659 τινα
1548 4609 1589 4657 aul
1601 4608 1767 4671 Πορμενίδειον
1777 4609 1860 4668 italu-

253 4667 279 4717 ln
290 4667 422 4717 adstotelis
437 4667 541 4730 Metaplr.
558 4680 582 4729 p.
593 4670 623 4717 tt
640 4667 677 4718 sd.
689 4667 782 4718 Burritz.
801 4687 807 4718 ι
820 4671 876 4732 Περὶ
888 4671 1033 4732 Παρμενίδου
1079 4677 1126 4732 νὼς
1142 4676 1204 4739 βίον.

253 4738 295 4788 καὶ
306 4742 346 4796 tit
359 4735 424 4794 δόξης
436 4737 508 4786 αὐτοῦ
518 4738 558 4786 καὶ
572 4738 718 4801 θεόφραστος
730 4739 753 4787 ts
764 4743 799 4802 τῷ
815 4740 901 4803 ancien
913 4742 973 4803 tlept·
986 4747 1033 4791 τον
1110 4747 1160 4810 (ιο)
1175 4746 1315 4797 ΡΙιιιινιίνιιε
1328 4747 1392 4809 apud
1403 4749 1532 4798 Eusebium
1552 4751 1629 4810 uren.
1649 4751 1693 4799 Er.
1706 4750 1714 4797 t
1726 4760 1750 4809 p.
1761 4754 1800 4798 aa.
1819 4751 1839 4799 c
1855 4765 1860 4794 :

253 4809 366 4859 Φυσικῶν
387 4807 460 4859 οὕτωι
481 4809 555 4870 λέγει·
570 4809 647 4872 τούτῳ
666 4808 691 4858 θλ
712 4809 870 4872 ἐπιγινόμενος
891 4813 1033 4876 Παρμενίδης
1080 4815 1222 4880 Παρμενίδης
1234 4815 1413 4880 δ’θἜλιάτης,
1428 4821 1517 4882 ἑταῖρος
1530 4817 1747 4882 Ξενοφάνους,ᾶμνι
1768 4818 1811 4880 μὶν
1824 4819 1860 4868 ναὶ

255 4876 503 4942 ΠύρητοςθἘλεάτης
520 4879 589 4942 (λέγει
607 4880 631 4929 dl
642 4881 681 4928 ael
697 4881 838 4944 Emendare)
857 4881 895 4930 ln'
906 4881 1033 4948 θμροιίριιε
1078 4891 1125 4934 τῶν
1145 4887 1229 4936 τούτου
1246 4887 1318 4944 δοξῶν
1339 4888 1523 4950 ἀντεποιήσατο,
1537 4889 1587 4951 ἅμα
1598 4889 1623 4938 u
1642 4889 1682 4937 nni
1695 4890 1738 4947 τὴν
1758 4889 1860 4938 ἐναντίοι

253 4949 308 5008 ἦλθε
318 4950 360 5006 τὰς
371 4949 446 5004 ὁδούς.
457 4948 574 5010 Diogenes
582 4951 691 5000 laertius
700 4951 740 5001 lib.
752 4953 794 5010 lx,
806 4956 832 5000 at
845 4951 1033 5011 ιΞινοφάνουςΠ
1078 4955 1240 5020 θνιχιιρήσατο
1248 4957 1339 5007 orders.
1346 4958 1463 5020 Diogenes
1471 4961 1547 5008 mers.
1558 4960 1573 5008 l.
1582 4971 1613 5008 οι
1622 4959 1705 5020 'Onne
1714 4957 1858 5008 θὀὗνάιού-

254 5019 363 5077 &nsanos
375 5018 528 5083 Παρμενίδης.
543 5019 580 5070 Ol.
593 5017 736 5069 Plutarchus
744 5019 806 5082 aprrd
818 5021 948 5071 Eusebium
956 5025 1033 5092 Prtsp.
1079 5043 1123 5082 σας
1136 5027 1176 5074 nal
1188 5026 1346 5088 Ξενοφάνους,
1358 5028 1402 5077 οὖν
1413 5027 1570 5088 ἠκολούθησεν
1584 5029 1657 5091 αὐτῷ.

254 5091 322 5138 ΕΗ
341 5093 415 5150 1123,
433 5092 467 5150 03
478 5087 595 5138 Εοοοθὶοο
605 5088 697 5138 ibid-X
715 5103 738 5153 p.
752 5094 806 5152 ⁵⁰4,
821 5092 852 5152 Da
866 5093 924 5140 xlv
937 5107 960 5155 p·
976 5097 1032 5156 7⁵8,
1111 5097 1161 5160 (17)
1178 5099 1325 5161 Speusippus
1336 5111 1375 5160 ap.
1389 5099 1457 5160 Dice.
1469 5101 1545 5150 taen.
1558 5101 1601 5160 lx,
1615 5103 1655 5161 235
1667 5099 1789 5150 Plutarch.
1805 5097 1856 5148 mv.

254 5161 288 5219 Α;
302 5157 438 5220 simplicius
451 5158 523 5220 Phys.
537 5159 554 5208 1.
568 5165 591 5220 a,
602 5171 626 5220 a;
642 5159 758 5211 Βοίδιον.
772 5161 923 5224 Παρμενίδης.
1079 5167 1157 5216 color.
1171 5179 1195 5230 ρ,
1212 5173 1280 5230 stan
1292 5169 1378 5218 strabo
1392 5168 1411 5218 ι,
1425 5181 1446 5218 ς,
