3690 5924
565 412 616 472 os
640 411 902 474 uscussosuc.
1207 363 1210 370 ¹
1479 436 1531 488 aon

2 536 179 614 ὲμεταύαένειν
200 535 281 593 ἐστίν.
325 531 416 593 notit
436 532 500 612 γάρ,
521 531 640 614 καθάπερ
660 533 707 592 καλ
753 533 790 610 μὴ
809 540 919 593 κινεῖται
932 535 946 590 θ
960 531 1015 598 θεύς
1025 554 1053 591 τε
1067 531 1113 590 καλ
1126 531 1156 590 τὸ
1172 530 1212 610 έν,
1224 530 1265 592 ὅτι
1278 528 1410 592 τὰπολλὰ
1424 537 1533 588 κινεῖται

1 635 46 706 θη,
64 624 153 702 ὁμοίως
173 623 216 680 turi
233 625 283 680 τῶν
299 622 380 681 ὄντων
400 622 595 700 κατηγορεῖται.
635 621 721 692 ΟύδέἸ
752 623 789 698 τῷ
802 621 837 686 εἰς
851 619 954 690 ἄλληλα
964 618 1047 692 ἰέναι,
1061 618 1087 677 τέ
1101 617 1196 678 κωλύει
1213 617 1257 678 καὶ
1272 617 1315 676 τὸν
1333 617 1388 676 θεὸν
1405 618 1531 676 κινεῖσθαι
1548 625 1600 678 979

5 715 29 772 έν
41 711 118 770 πολλὰ
131 709 223 778 ἀληθές
235 709 314 768 εἰπεῖν
325 707 364 779 εἴη
381 709 417 782 μή
426 707 465 784 έν,
481 707 553 786 εἴπερ
566 707 611 767 καὶ
625 709 654 767 τύ
670 708 706 785 μὴ
753 711 788 774 εἷς
809 707 890 780 ἄλλος
911 708 1030 782 οὐδαμῶς
1049 730 1095 784 γε,
1115 703 1154 764 ύτι
1179 704 1234 772 θέος
1255 703 1341 782 μόνον,
1361 707 1419 763 ἀλλ’
1439 703 1478 762 ὅτι
1499 694 1534 770 εἷς

1 823 35 859 οτι
47 799 80 874 μὴ
95 798 129 856 έν.
174 787 242 856 Εἶτα
260 797 303 852 ἐπ’
323 793 396 852 ένέων
412 794 536 850 τάναντία
558 791 706 872 ξυμύαένειν
754 793 829 870 μόνος
846 791 917 860 θεός·
933 795 956 851 εἰ
970 791 997 850 δέ
1011 793 1055 850 καλ
1070 791 1107 866 μὴ
1121 793 1197 859 αὐτὸς
1213 793 1331 863 κινεῖται,
1346 791 1370 849 τέ
1388 790 1484 850 κωλύει
1499 793 1535 857 εἰς

1 899 14 947 εἰ
27 885 86 944 κατὰ
99 886 143 950 τὰς
156 882 235 950 αύτέις
250 881 405 960 ἀποφάσεις·
418 881 444 948 ἐξ
456 873 491 939 ὧν
505 881 636 957 ένύγκηῆ
651 880 706 940 ἴσον
754 885 857 953 ἄλληλα
874 881 1034 956 κινουμένων
1049 883 1101 938 τῶν
1117 884 1202 959 μερῶν
1217 885 1262 938 τοῦ
1277 885 1334 937 θεοῦ
1351 877 1440 960 κύκλῳ
1457 879 1535 960 φέρε-

1 975 36 1045 ειῆ
53 973 144 1043 ἄνισον,
167 971 198 1029 ἄν
209 995 235 1028 τι
251 973 348 1040 πλῆθος
362 961 380 1048 ᾖ
388 1015 396 1043 ,
416 969 460 1027 καλ
479 969 573 1044 ὁμοίως
588 969 603 1040 ἢ
619 971 718 1050 ἄρτιον
756 977 817 1030 σθαι
828 969 872 1027 τὸν
888 970 961 1042 θιύν;
978 969 1007 1027 ού
1020 968 1070 1048 γὰρ
1085 967 1116 1039 δὴ
1130 968 1159 1026 τὸ
1170 975 1285 1026 τοιοῦτον
1300 967 1338 1040 έν,
1352 967 1442 1045 ὥσπερ
1454 971 1468 1025 θ
1482 967 1536 1038 Ζή-

2 1059 133 1142 ιριττύν,θν
153 1058 261 1138 ἀριθμὸς
278 1049 307 1136 ᾖ·
324 1057 418 1130 ὁμοίως
432 1056 458 1116 δὲ
473 1057 517 1114 καὶ
529 1057 706 1136 τθήρεμεῖψῆ
755 1082 814 1128 νων,
829 1058 896 1116 ἀλλὰ
911 1057 996 1116 πολλὰ
1013 1049 1079 1115 εἶναί
1093 1079 1185 1136 φησιν·
1209 1048 1280 1122 οὗτος
1301 1056 1351 1136 γὰρ
1369 1061 1447 1132 σῶμα
1467 1057 1536 1132 λέγει
1569 1085 1583 1123 ς

2 1155 59 1206 icius
71 1146 181 1222 ἀνάγκη,
195 1144 228 1202 ἂν
246 1150 323 1222 σῶμα
340 1135 367 1222 ᾖ.
411 1143 472 1204 Ἔτι
487 1146 508 1202 εἰ
522 1143 568 1202 καλ
578 1145 620 1202 διὰ
633 1151 707 1204 τοῦτο
756 1137 822 1204 εἶναι
838 1147 882 1205 τὸν
894 1146 962 1222 θεόν,
974 1145 1025 1204 εἴτε
1038 1146 1096 1206 τόδε
1111 1145 1141 1203 τὸ
1154 1154 1219 1218 πᾶν,
1231 1143 1280 1202 εἴτε
1293 1144 1346 1218 θ’,τι
1363 1131 1463 1215 δήποτέ
1474 1143 1537 1202 αὐτὸ

1 1263 308 1278 ιι-ι---

2 1317 89 1377 paie,si
98 1313 153 1372 quid
164 1313 321 1363 muttitudine
330 1317 435 1372 constet,
446 1325 489 1374 par
499 1313 555 1360 item
571 1317 612 1361 aui
623 1313 708 1374 impar,
756 1313 834 1362 Beciii
847 1315 1009 1374 conjecturam
1025 1317 1134 1373 secutus,
1148 1311 1175 1362 nt
1194 1313 1243 1372 iarn
1260 1312 1386 1361 commoda
1398 1311 1453 1361 iude
1470 1325 1537 1360 cnm·

1 1385 133 1442 metoecis,
145 1384 231 1432 eadem
244 1384 346 1442 denique
361 1383 453 1431 radone
469 1383 594 1443 quiescere
606 1383 643 1430 uei
659 1395 708 1430 mo·
755 1386 918 1448 prebeusionis
934 1385 994 1446 parti
1008 1385 1124 1432 sententia
1146 1383 1211 1431 insit.
1237 1382 1325 1432 Deinde
1341 1382 1463 1430 uerissime
1483 1399 1538 1442 φησι

10 1457 101 1514 oporiet,
115 1453 134 1498 si
148 1465 235 1512 corpus
250 1451 291 1501 sit.
307 1471 318 1494 ν
757 1470 799 1517 pro
810 1457 878 1518 φύσει
891 1459 986 1517 propter
997 1453 1048 1502 iibri
1058 1455 1185 1515 Lipsiensis
1193 1454 1260 1514 ρήσει
1271 1452 1383 1512 reposuit.
1396 1451 1449 1500 iioc
1458 1458 1540 1500 aulem

1 1527 15 1570 t.
28 1525 55 1572 in
68 1525 130 1570 εἰκνὶ
142 1523 181 1570 διὰ
190 1527 261 1570 τοῦτο
278 1523 312 1583 μή
326 1526 424 1571 κινεῖται
443 1523 456 1570 d
474 1521 615 1578 θεόςτεκοιλ
634 1524 661 1572 τό
676 1524 708 1580 έν,
756 1527 789 1575 uit
816 1525 954 1574 Aristoteles
969 1537 974 1566 τ
989 1524 1129 1586 λοοορλιοιιὶ
1154 1525 1214 1572 deus
1232 1535 1319 1584 corpus
1341 1521 1478 1572 videiurut
1497 1523 1540 1585 qui

1 1595 18 1642 :i
28 1591 89 1640 πολλὰ
99 1597 191 1640 κινεῖται
205 1597 240 1654 τῷ
255 1593 286 1644 εἰς
296 1593 382 1648 ᾶλληλα
393 1593 450 1639 idone
460 1625 467 1645 ,
478 1593 500 1639 τί
516 1595 600 1641 κωλύει
614 1595 653 1640 καὶ
671 1594 711 1640 τὸν
757 1595 863 1643 membra
872 1594 1013 1643 babeatsiue
1023 1597 1115 1654 partes,
1128 1593 1278 1652 nequeenim
1290 1605 1365 1640 unum
1373 1591 1432 1640 iiiud
1443 1605 1541 1653 prorsus
1588 1641 1590 1644 ,

1 1664 106 1710 κινεῖσθαι
116 1663 144 1715 ei:
156 1661 227 1718 ἄλλος
239 1661 297 1708 odda
306 1677 326 1708 τι
338 1661 417 1720 μόνον,
426 1661 475 1708 ἀλλ’
487 1662 522 1709 ὅτι
531 1661 564 1716 εἰς
575 1662 643 1724 μόνος
651 1655 721 1716 θεὸς.1
757 1664 906 1712 individuum
922 1677 975 1712 esse
993 1663 1099 1724 judicat,
1113 1661 1177 1725 quod
1203 1662 1310 1722 inprimis
1333 1661 1422 1712 Zenoni
1443 1663 1539 1723 piacuit.

1 1731 159 1791 ικιὶούτός,τί
173 1730 261 1778 κωλύει
275 1733 307 1785 εἰς
320 1731 408 1788 ἄλληλα
423 1734 564 1792 κινουμένων
579 1735 626 1780 τῶν
636 1737 710 1796 μερῶν
759 1736 792 1780 Dc
814 1732 966 1794 Xeuropbanis
988 1731 1034 1780 deo
1064 1734 1141 1790 portes
1163 1730 1266 1779 babeute
1280 1745 1361 1794 ,supra
1381 1737 1464 1792 cap-³
1488 1731 1541 1778 irasc

7 1801 217 1862 ..,...κύκλῳ
235 1817 263 1862 pe
281 1836 287 1848 .
307 1836 313 1848 .
331 1835 338 1848 .
357 1837 364 1850 .
383 1835 389 1847 .
409 1835 417 1847 .
435 1800 493 1848 θεόν.
516 1801 543 1850 ού
567 1803 612 1862 γὰρ
634 1803 661 1860 δὴ
685 1802 710 1850 τὸ
758 1805 850 1849 tantum
862 1801 1018 1862 legebantur:
1034 1802 1073 1849 ἕνα
1087 1801 1107 1848 δ’
1118 1801 1174 1848 ὄντα
1186 1801 1266 1862 ὃμοιον
1277 1801 1335 1849 εἶναι
1352 1800 1507 1862 τάντη,όρᾷν
1516 1814 1541 1846 τε

1 1875 31 1918 iro
44 1873 72 1929 ι’ν,
86 1872 160 1931 ὥσπερ
180 1870 193 1916 ό
212 1871 293 1924 Ζήνων
307 1869 381 1916 πολλὰ
400 1868 460 1917 εῑναι
483 1869 558 1930 φύσει.
582 1871 651 1924 adad:
667 1870 711 1931 γὰρ
757 1873 796 1918 καὶ
808 1873 901 1920 ἀκούειν
913 1872 953 1927 τός
966 1887 991 1920 τε
1003 1871 1073 1926 ἄλλας
1083 1872 1200 1927 αἰσθήσεις
1215 1869 1299 1932 ἔχοντα
1310 1871 1399 1933 πάντη·
1413 1871 1431 1918 ei
1443 1871 1486 1932 γὰρ
1498 1871 1540 1931 μή,

1 1957 16 1986 α
33 1941 83 1998 λέγει
108 1939 164 1986 εἶναι
188 1939 229 1986 τὸν
256 1938 316 1996 θεόν,
336 1938 382 1986 eine
404 1938 456 1986 τύθε
484 1941 511 1988 τὸ
539 1945 595 2000 πᾶν,
620 1941 666 1988 εἴτε
682 1941 710 2000 ὃ,
758 1943 887 2004 κρατεῖνέιν
903 1942 944 1990 καὶ
957 1941 1091 2000 κρατεῖσθαι
1112 1941 1152 1988 ὑπ’
1162 1940 1266 1997 ἀλλήλων
1280 1940 1310 1988 τὰ
1326 1943 1383 2004 μέρη
1401 1941 1454 1988 θεοῦ
1472 1939 1541 1998 ὄντα,

1 2011 62 2068 tinans
79 2009 130 2056 αύτὸ
152 2009 235 2070 λέγων.
267 2007 391 2070 ἀσώματος
414 2008 459 2069 γὰρ
482 2009 515 2055 ὢν
530 2013 580 2062 πῶς
599 2009 626 2056 ἂν
643 2025 710 2069 opat·
758 2012 813 2071 ὅπερ
825 2009 944 2058 ἀδύνατον.
956 2011 992 2058 De
1003 2011 1098 2058 zenone
1114 2009 1182 2057 testis
1193 2011 1230 2056 est
1240 2009 1357 2057 Themist.
1370 2010 1385 2057 i.
1399 2013 1426 2058 18
1440 2027 1446 2057 :
1462 2009 1541 2065 Ζήνων

1 2081 28 2136 ii:
43 2081 73 2136 εἰη
88 2079 211 2138 έιτιμόνως,
230 2078 288 2125 ὅταν
309 2077 381 2132 οὕτως
401 2079 449 2125 οὐτ’
469 2078 496 2124 ύιν
516 2083 605 2127 κινοῖτο
623 2079 670 2126 οὔτ’
684 2079 712 2125 ἂν
759 2081 785 2128 ἑκ
807 2083 849 2128 τοῦ
861 2081 955 2142 συνεχές
969 2097 994 2128 τε
1007 2081 1065 2128 εἶναι
1077 2080 1116 2128 καὶ
1129 2079 1255 2137 ἀδιαίρετον
1269 2079 1292 2127 ἓν
1309 2079 1368 2128 εἶναι
1385 2081 1410 2127 τό
1428 2079 1454 2127 du
1469 2095 1539 2127 κατε-

1 2155 26 2196 ιιῐ
43 2150 138 2209 μηδαμοῦ
156 2165 182 2206 γε
199 2148 243 2205 ὠν;
265 2148 314 2195 έιιεί
335 2147 359 2194 δὲ
384 2147 454 2208 σῶμα
482 2148 546 2202 έστι,
567 2149 589 2197 τί
608 2149 636 2196 ἂν
652 2149 710 2197 αύτὸ
758 2151 864 2210 σκεύαζε,
874 2153 947 2212 λέγων
957 2153 988 2206 ὡς
999 2151 1018 2199 εἰ
1028 2151 1155 2213 διαιρεῖται,
1169 2151 1221 2198 οῦδὲ
1233 2151 1299 2198 ἔσται
1312 2149 1490 2212 septembres
1499 2151 1540 2199 τὴν

2 2221 29 2267 in
41 2221 140 2267 κινεῖσθαι
155 2221 186 2273 ὡς
203 2217 303 2280 ἐλέχθης
322 2220 422 2265 tarnum
433 2230 478 2264 nou
495 2218 621 2279 expientur
630 2217 712 2268 codice
758 2219 795 2268 ἐπ’
804 2221 897 2282 ἄπειρον
906 2221 979 2282 τομήν
991 2223 1037 2266 τῶν
1051 2217 1175 2280 σωμάτων.
1190 2219 1303 2268 simiiiter
1312 2220 1419 2280 Simpiic.
1431 2220 1454 2266 in
1466 2218 1540 2267 Arist.

1 2291 63 2345 drusi,
74 2289 109 2349 qni
122 2293 171 2350 posi
183 2290 300 2336 κινεῖσθαι
309 2288 340 2342 εἰς
352 2287 408 2335 ἄλλο
419 2287 476 2334 nituit
489 2288 560 2337 otoni
572 2289 615 2335 nisi
625 2289 711 2337 ούδα...
760 2292 831 2352 ninys.
848 2291 864 2340 i.
879 2295 909 2340 30
922 2308 928 2338 ι
942 2291 1136 2350 anteceptam:
1152 2291 1176 2338 δὲ
1188 2291 1228 2337 τὸν
1238 2289 1342 2344 Ζήνωνος
1359 2290 1427 2349 λόγον
1440 2289 1463 2336 ἓν
1482 2289 1541 2337 εἷναι

2 2357 235 2418 .,μύνον,ο“ιλλ’,ι1υἱιιύιτ
253 2369 376 2418 perperam
390 2355 525 2407 itabetdot
539 2359 579 2406 καὶ
592 2359 713 2419 ούτοςμιο
758 2362 785 2410 τὸ
801 2361 828 2410 θν
851 2360 1031 2416 κατασκευάζειν
1047 2361 1115 2421 φησὶν
1134 2359 1160 2407 έκ
1172 2363 1214 2407 τοῦ
1238 2361 1332 2421 συνεχὲς
1349 2361 1405 2408 αὐτὸ
1427 2360 1541 2407 εἶναικαὶ

1 2429 22 2482 ές.
32 2432 53 2475 in
62 2428 127 2475 altera
136 2427 220 2474 lactina
230 2431 280 2474 τῶν
297 2429 371 2488 μερῶν
386 2441 428 2472 του
444 2461 576 2476 ......
594 2429 673 2490 κύκλῳ
687 2443 713 2490 pe
759 2432 897 2493 ύκῖιαίρετον·
914 2433 934 2480 ιί
949 2433 993 2493 γὰρ
1012 2431 1135 2491 θιαιροῑτο,
1147 2432 1225 2492 φησίν,
1242 2431 1306 2478 ούθέν
1324 2431 1389 2478 ἔσται
1404 2430 1504 2491 ἀκριόῶς
1519 2429 1543 2476 ἓν

4 2531 8 2544 .
22 2532 27 2542 .
42 2499 99 2544 ,θεον
108 2497 178 2545 intere
192 2497 276 2556 κύκλῳ
289 2496 395 2556 φέρεσθαι
405 2495 507 2545 ueritus
521 2497 657 2557 suspicatus
666 2499 712 2546 esi.
760 2501 797 2549 διὰ
804 2501 845 2558 τήν
853 2501 889 2548 ἐπ’
897 2501 989 2564 έτιιρον
998 2501 1071 2558 τομὴν
1081 2504 1126 2546 τῶν
1136 2501 1262 2560 σωμάτων.
1270 2501 1301 2548 Ut
1310 2511 1406 2546 sensum
1415 2499 1543 2546 verborum

1 2579 51 2626 apro
59 2567 124 2613 πολλὰ
133 2567 189 2614 εἶναι
204 2565 274 2628 φύσει
288 2565 383 2612 νκΙιίθεῑ
392 2565 468 2614 codex
477 2567 552 2614 πολλὰ
561 2568 619 2615 εἶναι
630 2569 713 2629 ρήσει,
760 2572 887 2619 assecutus
906 2572 942 2618 esi
962 2567 1091 2628 Bergidus,
1106 2569 1139 2616 ita
1160 2567 1239 2616 iocum
1258 2581 1304 2615 nou
1325 2568 1357 2616 iia
1368 2569 1504 2626 constituit,
1518 2571 1544 2616 ui

1 2651 18 2684 ιο
26 2639 62 2684 eiu
68 2639 112 2685 τόθι
119 2649 161 2698 pro
171 2637 271 2694 arrigaio
280 2637 324 2683 εῐτε
334 2635 359 2684 δέ
367 2635 435 2696 τόδε,
445 2641 562 2696 praetcrea
572 2636 714 2697 σφαιροειδὴς
761 2640 818 2689 niidi
826 2640 888 2689 desit
896 2637 926 2687 ad
936 2639 1060 2686 sententie
1071 2638 1237 2698 integritatem.
1251 2637 1381 2698 Fingitatur
1388 2639 1451 2686 euim
1460 2640 1545 2688 ιοοιιΙα

7 2706 42 2752 isti
51 2706 116 2765 pino:
124 2706 144 2754 τ’
155 2707 182 2754 ἂν
194 2708 272 2760 οὕτως
282 2706 330 2753 οὔτ’
341 2709 369 2753 ἂν
379 2711 475 2763 κινοῖτο,
489 2704 592 2766 denique
605 2706 714 2765 μηδαμοῦ
761 2723 809 2771 qna
828 2708 981 2769 xenophonte
1000 2707 1122 2756 decretum
1144 2707 1245 2756 Zenonis
1270 2708 1374 2770 dogmati
1400 2713 1543 2769 opponatur.

1 2772 55 2835 'upro
63 2777 117 2836 suig.
128 2779 235 2839 μηδαμοῦ
242 2792 270 2824 τε
281 2777 312 2822 ὠν
323 2777 347 2823 et
358 2776 443 2824 κωλύοι
453 2777 564 2823 κινεῖσθαι
575 2787 618 2836 pro
629 2773 714 2823 vitioso
763 2785 844 2841 itaque
857 2779 915 2828 ἀλλὰ
927 2778 1079 2826 inserendum
1092 2778 1154 2826 iuter
1172 2779 1251 2834 Ζήνων
1263 2780 1288 2827 et
1305 2778 1388 2826 πολλὰ.
1404 2781 1467 2827 Τυιιι
1488 2792 1545 2828 vero

1 2845 29 2904 έν)
37 2847 108 2894 κωλύει
119 2847 228 2904 κινεῖσθαι
244 2846 309 2906 quod
323 2845 345 2892 iu
358 2845 479 2893 veteribus
491 2845 635 2893 editionibus
648 2857 714 2906 repe·
761 2851 784 2898 iq
801 2849 879 2898 verbis
892 2849 920 2898 οὐ
936 2849 980 2910 γὰρ
993 2850 1021 2906 δή
1036 2849 1063 2896 τὸ
1078 2851 1182 2897 τοιούτω
1201 2849 1235 2907 έν,
1252 2849 1332 2908 ὥσπερ
1350 2849 1363 2896 d
1382 2849 1470 2908 Ζήνων,
1487 2849 1545 2898 ἀλλὰ
1639 2891 1641 2893 ,

3 2927 18 2960 n.
30 2917 143 2964 felicianus
155 2917 205 2964 baec
217 2917 257 2964 sic
273 2915 344 2963 uertit
357 2935 362 2962 :
377 2934 388 2956 ι
400 2917 516 2963 Praeterea
525 2914 545 2961 si
561 2913 633 2962 eiiam
645 2925 673 2960 ea
686 2913 715 2960 de
760 2919 836 2966 πηηηὰ
846 2917 905 2966 εἶναι
916 2933 984 2980 φησιν
994 2917 1145 2964 manifestum
1157 2917 1184 2964 ee
1194 2920 1298 2964 τοιοῦτον
1308 2915 1355 2964 diei
1363 2917 1393 2966 de
1402 2917 1461 2980 uteo,
1472 2931 1545 2979 quem

2 2997 20 3031 ιτ
34 2999 72 3032 noo
90 2989 195 3034 movetur
216 2986 294 3042 durus,
310 2990 334 3033 et
347 2997 436 3043 unum,
448 2983 503 3044 quia
526 2995 554 3030 ea
568 2995 623 3043 ουκ·
640 2983 716 3030 muiiu
762 2988 920 3049 xenophanes
941 2999 988 3034 non
1008 2997 1099 3044 unum,
1112 2989 1139 3034 ut
1156 2987 1232 3045 zeno,
1247 2985 1288 3032 sed
1307 2987 1405 3046 propter
1419 2991 1497 3046 paries
1519 2985 1545 3034 in

2 3057 139 3116 emerentur,
152 3055 249 3103 durmin
265 3067 317 3103 sese
329 3059 411 3101 rnnuiuo
422 3055 560 3110 transeunt,
572 3052 628 3114 quid
641 3054 714 3110 neiat,
762 3070 875 3119 corporea
894 3057 978 3104 nutura
996 3056 1140 3103 necessarias
1158 3055 1315 3116 muiiipiieem
1333 3067 1385 3103 esse
1405 3057 1448 3103 ait.
1470 3058 1497 3103 ln
1510 3067 1546 3104 se-

1 3123 67 3172 minus
78 3123 131 3172 deus
144 3137 242 3186 quoque
256 3124 279 3171 in
292 3122 356 3170 atiud
372 3124 517 3170 moueatur?
528 3121 552 3169 Si
567 3123 647 3168 autem
665 3120 715 3182 ipse
763 3125 891 3188 querentibus
901 3129 964 3173 recte
976 3123 1055 3185 posuit
1070 3123 1182 3184 Bergidus
1194 3123 1274 3182 οὗτος,
1286 3135 1330 3184 pro
1352 3123 1448 3183 uuigato
1462 3123 1545 3181 αὐτός,

1 3198 109 3254 inroretur,
120 3195 174 3255 quid
188 3195 358 3253 retut,partes
368 3191 441 3252 ipsius
450 3189 530 3238 onruia
539 3190 666 3238 ambientis
678 3189 715 3238 dei
762 3209 836 3256 querum
851 3195 881 3244 <tq
896 3195 1042 3255 xenophane
1064 3198 1157 3254 agaim,
1173 3206 1244 3254 quum
1261 3193 1336 3241 altero
1352 3191 1392 3240 iiio
1407 3192 1547 3254 pronomine

4 3273 41 3309 sue
56 3267 130 3310 mnium
142 3263 257 3311 mouerit
271 3262 358 3322 quippe
369 3274 445 3322 quum
459 3273 549 3320 unum,
569 3259 631 3322 quod
652 3261 716 3308 Zeno
763 3264 842 3313 urinus
854 3267 909 3326 apte
920 3264 959 3312 bic
971 3264 1094 3324 designare
1109 3267 1202 3324 poterat
1215 3263 1362 3313 Aristoteles.
1381 3264 1490 3323 Denique
1504 3275 1547 3324 pro

2 3331 40 3388 sit,
59 3334 124 3380 muita
140 3339 224 3380 natura
249 3345 302 3380 esse
323 3331 439 3378 rideatur.
461 3331 554 3390 Corpus
567 3328 630 3377 euim
644 3331 716 3377 deum
763 3336 892 3397 ἐπιμήνιος,
907 3335 962 3382 ὅταν
976 3335 1082 3395 apposito
1094 3333 1160 3382 dedit
1174 3334 1287 3395 Bergiius
1304 3333 1353 3382 ἐπεὶ
1372 3334 1447 3396 μόνως
1466 3335 1488 3394 γ’
1507 3333 1545 3392 ἄν,

1 3404 99 3462 est-unit,
110 3403 158 3452 sire
172 3403 313 3451 universum
332 3403 391 3462 boc,
407 3402 457 3449 sive
475 3401 636 3461 quodcunque
651 3400 716 3448 aiiud
763 3406 826 3465 quod
845 3416 917 3466 prope
929 3403 998 3451 abest
1011 3416 1025 3452 a
1038 3402 1090 3451 iibri
1105 3403 1231 3465 Lipsiensis
1240 3403 1358 3465 scriptura
1367 3403 1417 3450 inei
1432 3402 1507 3465 μόνως
1523 3401 1545 3449 τ’

5 3473 89 3530 appetiet.
102 3476 157 3520 iiam
171 3475 189 3522 si
203 3477 268 3521 esset
283 3472 434 3532 incorporeus
447 3470 520 3529 deus,
536 3469 650 3530 gibbosus
666 3483 717 3518 osse
763 3475 799 3522 ἀν.
810 3473 855 3523 Sed
871 3473 963 3522 etiamsi
979 3472 1030 3534 ipsa
1045 3472 1117 3520 verbs
1129 3477 1192 3521 recte
1203 3473 1292 3521 tuerint
1304 3473 1427 3531 restituta,
1444 3485 1492 3520 ιιοιι
1508 3474 1545 3520 ia·

12 3545 85 3598 russei?
96 3545 128 3590 ita
141 3543 239 3604 quidem
255 3555 325 3600 sane,
339 3555 413 3602 (qurum
423 3551 542 3601 nrtsquam
553 3542 627 3598 esset,
638 3551 717 3599 neque
763 3557 817 3591 men
838 3541 997 3590 conciudendi
1025 3543 1141 3588 rationem
1160 3541 1218 3588 satis
1228 3542 1291 3589 recta
1315 3541 1442 3602 procedere
1464 3543 1545 3588 censet

1 3613 162 3680 inniterentur,
178 3624 259 3672 neque
277 3609 425 3669 quiesceret?
440 3610 468 3658 iit
482 3622 557 3669 qurum
572 3608 603 3658 sit
615 3623 716 3671 corpus,
764 3612 885 3673 Bergium,
898 3611 1000 3672 ideoque
1011 3611 1030 3657 si
1044 3611 1098 3671 quis
1112 3623 1164 3658 earn
1177 3610 1272 3670 cuipam
1287 3612 1310 3658 in
1322 3612 1461 3671 scriptorem
1474 3609 1545 3670 troius

2 3691 14 3722 n
29 3685 143 3740 moneatur,
156 3681 217 3729 sicut
231 3681 327 3728 dictum
342 3683 390 3740 est,
404 3680 462 3728 uiidi
477 3679 593 3741 probibet.
609 3701 621 3724 ν
639 3684 665 3730 in
680 3683 717 3730 iris
763 3683 834 3731 iibeiii
856 3681 984 3730 transferre
1003 3680 1079 3737 nolit,
1093 3679 1146 3728 haec
1159 3679 1193 3729 ita
1207 3693 1259 3729 esee
1273 3681 1447 3740 transponenda
1461 3681 1544 3729 onisii-

1 3753 59 3794 rsuut
78 3750 217 3812 probabilis,
230 3750 281 3798 alia
300 3749 435 3811 rejicienda.
452 3749 564 3810 Bergkius
585 3751 664 3800 loetum
685 3754 716 3802 iia
763 3755 812 3800 mai
823 3773 828 3801 :
840 3751 963 3813 ἀσώματος
973 3750 1016 3813 γὰρ
1029 3749 1069 3804 ὢν,
1078 3753 1128 3805 πῶς
1137 3751 1164 3797 ἂν
1174 3750 1318 3812 σφαιροειδὴς
1327 3750 1432 3810 εῐηςέτιελ
1441 3751 1466 3798 δὲ
1475 3747 1546 3812 σῶμά

1 3820 80 3866 omittit
91 3841 97 3867 :
110 3841 120 3862 ιι
130 3821 171 3880 ἔτι,
179 3823 200 3870 ελ
214 3821 257 3869 καὶ
269 3821 384 3869 θιὰτούτο
397 3822 429 3882 μή
442 3825 537 3868 κινεῖται
550 3823 563 3870 θ
575 3822 624 3878 θεὸς
638 3840 663 3872 τε
677 3825 716 3872 καὶ
763 3824 810 3871 ἐστι
819 3859 824 3880 ,
834 3821 856 3869 τί
866 3823 893 3869 ἂν
904 3821 973 3868 αὐτὸν
982 3819 1068 3869 κωλύοι
1080 3822 1207 3880 κινεῖσθαι,
1222 3823 1253 3876 ὡς
1263 3821 1359 3883 ἐλέχθη·
1373 3821 1421 3868 ἐπεὶ
1433 3821 1508 3882 μόνως
1522 3821 1545 3881 γ’
1626 3858 1629 3864 .

1 3889 41 3944 τόν,
53 3889 81 3935 ὅτι
91 3891 118 3938 τέι
130 3893 202 3938 πολλὰ
215 3895 315 3938 κινεῖται
330 3892 502 3952 sentientemque
515 3891 587 3952 ἱέναι,
597 3893 619 3940 τί
633 3894 716 3942 κωλύει
762 3896 791 3942 ἂν
802 3893 875 3944 οὕτως
889 3891 937 3940 οὔτ’
947 3892 974 3939 ἂν
987 3897 1074 3940 κινοῖτο
1088 3890 1136 3938 οὔτ’
1148 3893 1175 3939 ἂν
1185 3891 1279 3953 ήρεμοῖ,
1290 3892 1398 3952 μηδαμοῦ
1415 3907 1441 3952 γε
1456 3891 1497 3938 ὧν.
1516 3893 1547 3940 ut

2 3957 39 4002 ,τόν
49 3959 90 4005 θεὸν
101 3963 212 4009 κινεῖσθαι
231 3963 267 4014 εἰς
287 3961 355 4018 ἄλλος
378 3960 518 4020 οὐδαμῶς
530 3976 577 4020 γε,
593 3963 638 4010 ὅτι
651 3964 716 4012 ὰνό·
764 3962 890 4011 verborum
902 3961 962 4010 ordo
972 3974 1019 4009 non
1030 3959 1169 4008 mutandus.
1185 3963 1294 4020 Namque
1306 3961 1349 4010 etsi
1362 3961 1385 4008 in
1397 3960 1498 4020 preeced.
1508 3973 1546 4008 ca·

4 4041 46 4083 ιιι,
55 4029 97 4074 ou
105 4030 137 4076 όοι
151 4029 182 4085 ei<
196 4030 268 4092 μόνος
280 4029 340 4084 θεός·
351 4031 371 4078 ελ
383 4031 407 4078 δὲ
417 4031 457 4077 καὶ
468 4031 500 4090 μή
510 4030 589 4091 αὐτός,
601 4032 623 4079 τί
633 4033 717 4082 κωλύει
764 4033 812 4093 pite
827 4032 856 4079 ad
880 4031 1043 4092 exponendam
1065 4031 1217 4092 Xenophanto
1235 4030 1463 4090 argumentationem
1477 4030 1548 4078 rerba

2 4093 70 4152 ἄλληλα
78 4101 211 4160 κινουμένων
220 4104 271 4147 τῶν
282 4105 356 4163 μερῶν
365 4105 406 4148 τοῦ
416 4101 468 4148 θεοῦ
481 4100 560 4161 κύκλῳ
578 4103 717 4164 φέρεσθαι
763 4103 816 4149 οὔτε
823 4101 913 4164 ἠρεμεῖν
924 4100 976 4148 οὔτε
986 4100 1150 4158 κινητὸνεῖναι,
1160 4113 1215 4161 quae
1227 4101 1404 4150 conclusionem
1410 4100 1547 4157 mannent.

2 4165 66 4212 ιύεόν·
77 4167 100 4215 ού
112 4169 154 4230 γὰρ
169 4169 198 4226 δή
209 4171 238 4218 τὸ
255 4173 346 4217 τοιοῦτο
360 4171 392 4230 ἕν,
413 4171 492 4230 ὥσπερ
508 4169 523 4215 d
538 4169 627 4231 Ζήνων,
643 4171 718 4220 πολλὰ
764 4171 875 4218 uitirnum
887 4169 966 4217 iocum
976 4173 1106 4230 occupant,
1119 4172 1198 4217 tarnen
1209 4169 1231 4217 in
1247 4169 1390 4230 boccapite‚
1404 4181 1452 4229 quo
1461 4168 1550 4216 Aristo-

1 4229 16 4276 τί
26 4248 87 4288 ennio·
100 4235 162 4291 ούτος
177 4237 222 4300 γὰρ
240 4241 311 4299 σῶμα
327 4237 387 4296 λέγει
406 4237 465 4285 εἶναι
477 4239 516 4286 τὸν
535 4238 593 4290 θεόν,
607 4237 653 4286 eice
666 4239 718 4288 τόδε
765 4240 822 4289 teies
833 4241 980 4288 corrtrarium
996 4239 1160 4288 demonstrare
1174 4239 1269 4297 siudei,
1281 4239 1306 4287 in
1322 4239 1368 4288 dne
1387 4238 1474 4300 periodi
1493 4238 1548 4300 poni

4 4303 43 4359 τᾶν,
52 4302 89 4350 εἴτε
101 4303 133 4352 ὅτι
145 4305 243 4364 δήποτε
256 4306 312 4353 αὐτὸ
325 4307 407 4367 λέγων·
418 4307 543 4368 θαύματος
556 4307 598 4369 γὰρ
612 4308 654 4369 ὢν,
668 4314 718 4364 πῶς
765 4325 811 4358 non
827 4313 940 4372 possunt,
954 4308 994 4357 sed
1008 4310 1081 4370 iterius
1093 4310 1215 4371 scriptoris
1227 4322 1293 4358 more
1304 4309 1435 4358 enuntiatio
1445 4309 1472 4359 iis
1485 4309 1550 4357 ciau·

4 4375 119 4450 ρταηωιύής
128 4374 176 4434 sisu
187 4376 252 4424 inti
262 4375 338 4435 μόνω
346 4393 356 4432 ς
365 4376 386 4436 γ’
396 4377 425 4424 ἂν
434 4377 520 4430 ούτοις·
531 4375 580 4424 οὔτ’
591 4379 620 4425 ἂν
630 4382 718 4426 κινοῖτο
743 4375 744 4378 ’
764 4381 829 4429 ditur
843 4380 937 4441 verbis,
950 4379 1068 4439 inquibus
1080 4382 1152 4442 caput
1161 4380 1193 4428 rei
1205 4379 1278 4428 situm
1288 4382 1331 4428 est.
1340 4379 1367 4428 Id
1380 4380 1461 4428 autem
1474 4379 1550 4440 iiquet

1 4451 5 4480 ²
21 4439 43 4518 θν
56 4443 128 4504 ή-ρεμοῑ
135 4480 142 4503 ,
155 4447 263 4506 μηδαμοῦ
279 4461 306 4506 γε
320 4445 360 4494 ὢν·
377 4444 427 4494 ἐπεὶ
447 4447 471 4495 δὲ
490 4446 560 4508 σῶμά
575 4448 639 4506 ἐστι,
654 4447 677 4495 τί
690 4450 718 4497 όν
764 4450 829 4498 cerui
842 4450 865 4498 in
875 4449 953 4498 verbis
964 4448 986 4497 τί
996 4449 1024 4496 ἂν
1034 4449 1103 4497 αὐτὸν
1113 4449 1200 4498 κωλύοι
1211 4451 1338 4508 κινεῖσθαι,
1348 4451 1379 4505 ὠς
1388 4450 1483 4513 ἐλέχθη,
1493 4449 1550 4512 quia

6 4521 40 4554 ιω
49 4513 123 4561 κωλύοι
136 4518 262 4573 κινεῖσθαι,
274 4519 305 4571 ὡς
322 4517 420 4578 έλέχθης
436 4519 463 4567 in
479 4517 556 4578 priore
568 4519 654 4568 iacuna
673 4533 717 4568 en·
764 4519 857 4568 eidcere
871 4521 947 4567 tentat
965 4517 1090 4580 Stagirita,
1103 4518 1161 4566 nibii
1176 4519 1283 4578 obstare,
1295 4518 1424 4580 quominus
1442 4520 1514 4580 dotus,
1527 4518 1547 4566 si

1 4575 39 4622 uda
49 4580 170 4632 dubitanter
181 4587 276 4647 scripsit
288 4587 322 4634 ότι
333 4587 448 4645 ἀνόμοιος.
462 4588 500 4637 ci.
518 4588 629 4650 inprimis
645 4587 718 4638 nerins
764 4601 876 4650 corporee
891 4591 976 4637 natura
989 4586 1104 4649 praeditus
1113 4588 1158 4646 sit,
1171 4593 1305 4637 moveatur.
1318 4591 1375 4637 ilaec
1385 4589 1414 4636 ad
1426 4587 1548 4637 illustran-

1 4655 14 4699 λ
26 4650 50 4692 ³³
60 4651 92 4697 td
100 4657 168 4701 ταῦτα
180 4655 208 4714 δή
220 4657 332 4704 κινεῖσθαι
347 4656 387 4719 μὲν
404 4659 433 4706 ᾰν
444 4656 473 4705 τὰ
487 4657 527 4705 δύο
541 4659 556 4714 ἢ
570 4656 643 4705 πλείω
653 4657 718 4717 ἑνός,
764 4656 820 4704 dum
835 4657 914 4704 iocum
926 4655 989 4704 dicia
1003 4655 1130 4704 suidciant.
1142 4657 1250 4706 Probaiis
1261 4658 1369 4718 igiturex
1382 4661 1448 4719 parte
1458 4657 1549 4716 nequii

1 4720 114 4774 Ξύῑῖνθεκοιὶ
124 4725 230 4783 ἀκίνητον
242 4725 301 4776 εἶναι
312 4729 338 4776 τὸ
350 4729 421 4776 οὐδέν.
440 4730 474 4777 Τό
486 4728 511 4777 at
522 4727 545 4777 ἓν
558 4729 611 4777 ούτε
626 4730 719 4792 ἠρεμεῖν
764 4725 984 4782 emendationibus,
998 4725 1153 4774 nibiiominus
1171 4725 1284 4788 quaedam
1299 4726 1395 4775 diverso
1413 4727 1483 4775 modo
1495 4740 1548 4775 cor·

1 4793 126 4839 ακνιῐούοι·
141 4793 193 4843 odes
203 4796 248 4859 γὰρ
259 4801 293 4859 τῷ
306 4798 337 4858 μή
349 4797 397 4845 ὄντι
411 4799 464 4846 ούτε
474 4803 522 4855 τοῖς
537 4800 628 4855 πολλοῖς
639 4799 718 4859 ὅμοιον
765 4795 860 4854 τέρειναι
871 4809 922 4844 esse
935 4793 1044 4842 arbitror.
1060 4798 1182 4857 Quaeque
1191 4796 1283 4844 iaciiius
1291 4796 1462 4858 inteiligantur,
1473 4798 1550 4844 totam

2 4859 167 4934 αυλττᾰτόιντα
179 4867 203 4914 δὲ
215 4869 289 4922 ούτως
299 4867 360 4930 ἔχειν
369 4869 477 4929 τὸνθεόν,
488 4869 563 4918 ἀΐδιόν
575 4885 601 4917 τι
613 4869 652 4918 καὶ
663 4869 717 4928 ένα,
765 4866 832 4928 ῥῆσιν
844 4863 1045 4926 quemadmodum
1062 4865 1223 4921 castigandam
1240 4871 1297 4926 perio
1312 4866 1351 4914 bic
1362 4877 1480 4926 apponam
1494 4883 1500 4912 ι
1514 4864 1548 4913 έτι

1 4937 36 4970 θαι
45 4933 107 4979 τεκαὶ
119 4938 249 4997 σφαιροειδῆ
259 4937 327 5000 ὄντα,
339 4938 392 4987 οῦτι
403 4940 497 5002 ἄπειρον
506 4941 561 4989 οὔτε
573 4941 719 5000 τττπερασμέ·
765 4937 785 4984 ai
797 4935 836 4982 καὶ
846 4935 884 4983 διὰ
895 4939 964 4983 τοῦτο
977 4935 1009 4994 μή
1019 4941 1114 4984 κινεῖται
1124 4937 1137 4984 ό
1147 4936 1195 4990 θεός
1204 4950 1229 4983 τι
1239 4938 1280 4984 καὶ
1296 4937 1323 4985 τὸ
1334 4937 1367 4996 έν,
1384 4937 1420 4983 ὁτι
1430 4935 1460 4983 τὰ
1474 4934 1550 4984 πολλὰ

1 5007 14 5048 ἰ
23 4995 65 5044 οὖῖῑ
74 4999 156 5061 deipsis
167 5005 221 5054 οὔτε
232 5007 323 5062 κινητὸν
331 5007 397 5058 εἶναι.
408 5007 467 5056 niiid
478 4999 557 5070 potius
565 5008 717 5057 scribendum
766 5007 862 5053 κινεῖται
872 5009 906 5066 τῷ
916 5006 947 5060 εἰς
956 5003 1044 5061 ἄλληλα
1052 5005 1126 5066 ἰέναι,
1137 5005 1159 5052 τί
1171 5005 1255 5053 κωλύει
1270 5005 1311 5053 καὶ
1323 5005 1362 5053 τὸν
1374 5005 1425 5053 θεὸν
1437 5004 1549 5052 κινεῖσθαι

1 5056 152 5142 'aaronem
164 5088 190 5132 γε
201 5074 237 5122 ενι
251 5075 300 5130 ως
312 5075 452 5136 μονον
466 5077 511 5126 ue.
528 5075 719 5126 rumunnense
767 5075 798 5130 eu
814 5075 883 5133 sue
897 5075 1089 5138 οοσομοςγι,
1104 5075 1149 5124 ιιι
1162 5073 1426 5136 ιιιιμενωωκεο
1437 5073 1469 5129 eu
1480 5071 1550 5134 μεως

6 5128 64 5192 &pq
75 5137 136 5194 αὐτὸς
152 5145 215 5192 recu
238 5143 323 5205 adjecit
340 5146 454 5207 Bergkius
471 5148 516 5208 μή,
530 5146 571 5198 sed
592 5145 719 5208 requiritur
767 5146 827 5203 θεός·
840 5149 860 5194 ελ
877 5147 902 5196 δὲ
918 5147 956 5196 καλ
969 5147 1007 5210 μή
1019 5147 1086 5205 αὐτὸς
1106 5151 1255 5208 κινεῖται,
1269 5146 1292 5196 τί
1308 5147 1393 5196 κωλύει
1411 5147 1443 5202 εἰς
1462 5147 1549 5202 ἄλληλα

2 5196 38 5248 Ιιυο
56 5211 148 5259 κινεῖται.
172 5211 327 5265 Postuiorous
351 5215 459 5266 iacunam
482 5216 514 5266 ita
535 5216 719 5280 redintegravit,
771 5217 912 5280 κινουμένων
921 5221 968 5266 τῶν
979 5221 1053 5281 μερῶν
1065 5223 1106 5268 τοῦ
1120 5217 1273 5281 ύεούκύκλῳ
1285 5217 1472 5282 φέρισθαιτόν
1483 5215 1549 5280 ύεόν;
