<?xml version="1.0" encoding="UTF-8"?>
<!DOCTYPE html PUBLIC "-//W3C//DTD XHTML 1.0 Transitional//EN"
    "http://www.w3.org/TR/xhtml1/DTD/xhtml1-transitional.dtd">
<html xmlns="http://www.w3.org/1999/xhtml" xml:lang="en" lang="en">
 <head>
  <title>
</title>
<meta http-equiv="Content-Type" content="text/html;charset=utf-8" />
  <meta name='ocr-system' content='tesseract 3.04.00' />
  <meta name='ocr-capabilities' content='ocr_page ocr_carea ocr_par ocr_line ocrx_word'/>
</head>
<body>
  <div class='ocr_page' id='page_1' title='image "./fragmentaphilos03mullgoog/fragmentaphilos03mullgoog_0220.png"; bbox 0 0 3776 5926; ppageno 0'>
   <div class='ocr_carea' id='block_1_1' title="bbox 730 403 1622 490">
    <p class='ocr_par' dir='ltr' id='par_1_1' title="bbox 730 403 1622 490">
     <span class='ocr_line' id='line_1_1' title="bbox 730 403 1622 490; baseline 0.026 -25"><span class='ocrx_word' id='word_1_1' title='bbox 730 405 909 468; x_wconf 76' lang='lat' dir='ltr'>onerum.</span> <span class='ocrx_word' id='word_1_2' title='bbox 963 471 967 478; x_wconf 74' lang='grc'>,</span> <span class='ocrx_word' id='word_1_3' title='bbox 1250 403 1254 410; x_wconf 86' lang='grc'><strong>’</strong></span> <span class='ocrx_word' id='word_1_4' title='bbox 1567 439 1622 490; x_wconf 80' lang='lat' dir='ltr'>no</span> 
     </span>
    </p>
   </div>
   <div class='ocr_carea' id='block_1_2' title="bbox 63 524 333 611">
    <p class='ocr_par' dir='ltr' id='par_1_2' title="bbox 63 524 333 611">
     <span class='ocr_line' id='line_1_2' title="bbox 63 524 333 611; baseline 0.015 -26"><span class='ocrx_word' id='word_1_5' title='bbox 63 524 151 587; x_wconf 73' lang='grc' dir='ltr'>δῶκεν</span> <span class='ocrx_word' id='word_1_6' title='bbox 166 527 333 611; x_wconf 79' lang='grc' dir='ltr'>Ἆδραστείη.</span> 
     </span>
    </p>
   </div>
   <div class='ocr_carea' id='block_1_3' title="bbox 60 643 793 2072">
    <p class='ocr_par' dir='ltr' id='par_1_3' title="bbox 60 643 793 1953">
     <span class='ocr_line' id='line_1_3' title="bbox 106 643 792 736; baseline 0.026 -37"><span class='ocrx_word' id='word_1_7' title='bbox 106 643 251 716; x_wconf 79' lang='lat' dir='ltr'>(Hermias</span> <span class='ocrx_word' id='word_1_8' title='bbox 265 647 285 702; x_wconf 95' lang='lat' dir='ltr'>I.</span> <span class='ocrx_word' id='word_1_9' title='bbox 297 665 324 704; x_wconf 91' lang='lat' dir='ltr'>c.</span> <span class='ocrx_word' id='word_1_10' title='bbox 337 666 343 699; x_wconf 95' lang='lat'><strong>:</strong></span> <span class='ocrx_word' id='word_1_11' title='bbox 354 645 401 704; x_wconf 79' lang='grc' dir='ltr'>Διό</span> <span class='ocrx_word' id='word_1_12' title='bbox 415 647 445 723; x_wconf 75' lang='grc' dir='ltr'>(ἡ</span> <span class='ocrx_word' id='word_1_13' title='bbox 454 646 615 728; x_wconf 75' lang='grc' dir='ltr'>Ἀδράστεια)</span> <span class='ocrx_word' id='word_1_14' title='bbox 627 649 673 710; x_wconf 87' lang='grc' dir='ltr'>καί</span> <span class='ocrx_word' id='word_1_15' title='bbox 684 655 735 736; x_wconf 77' lang='grc' dir='ltr'>πρὸ</span> <span class='ocrx_word' id='word_1_16' title='bbox 748 668 792 718; x_wconf 81' lang='grc' dir='ltr'>τοῦ</span> 
     </span>
     <span class='ocr_line' id='line_1_4' title="bbox 61 729 792 821; baseline 0.03 -34"><span class='ocrx_word' id='word_1_17' title='bbox 61 729 165 810; x_wconf 79' lang='grc' dir='ltr'>άντρου</span> <span class='ocrx_word' id='word_1_18' title='bbox 178 735 225 802; x_wconf 87' lang='grc' dir='ltr'>τῆς</span> <span class='ocrx_word' id='word_1_19' title='bbox 235 733 337 800; x_wconf 80' lang='grc' dir='ltr'>Νυκτὸς</span> <span class='ocrx_word' id='word_1_20' title='bbox 351 737 427 812; x_wconf 79' lang='grc' dir='ltr'>ἠχεῖν</span> <span class='ocrx_word' id='word_1_21' title='bbox 441 737 557 814; x_wconf 88' lang='grc' dir='ltr'>λέγεται·</span> <span class='ocrx_word' id='word_1_22' title='bbox 576 741 717 821; x_wconf 75' lang='grc' dir='ltr'>παλάμῃσι</span> <span class='ocrx_word' id='word_1_23' title='bbox 734 748 792 808; x_wconf 87' lang='grc' dir='ltr'>κτλ.</span> 
     </span>
     <span class='ocr_line' id='line_1_5' title="bbox 61 817 793 914; baseline 0.027 -40"><span class='ocrx_word' id='word_1_24' title='bbox 61 817 92 874; x_wconf 82' lang='grc' dir='ltr'>έν</span> <span class='ocrx_word' id='word_1_25' title='bbox 106 825 163 884; x_wconf 89' lang='grc' dir='ltr'>τοῖς</span> <span class='ocrx_word' id='word_1_26' title='bbox 174 819 312 900; x_wconf 78' lang='grc' dir='ltr'>προθύροις</span> <span class='ocrx_word' id='word_1_27' title='bbox 324 821 375 902; x_wconf 76' lang='grc' dir='ltr'>γάρ</span> <span class='ocrx_word' id='word_1_28' title='bbox 385 829 430 882; x_wconf 80' lang='grc' dir='ltr'>τοῦ</span> <span class='ocrx_word' id='word_1_29' title='bbox 444 825 536 906; x_wconf 86' lang='grc' dir='ltr'>άντρου</span> <span class='ocrx_word' id='word_1_30' title='bbox 548 833 595 902; x_wconf 87' lang='grc' dir='ltr'>τῆς</span> <span class='ocrx_word' id='word_1_31' title='bbox 608 832 709 900; x_wconf 84' lang='grc' dir='ltr'>Νυκτὸς</span> <span class='ocrx_word' id='word_1_32' title='bbox 719 837 793 914; x_wconf 80' lang='grc' dir='ltr'>ἠχεῖν</span> 
     </span>
     <span class='ocr_line' id='line_1_6' title="bbox 62 903 791 993; baseline 0.027 -31"><span class='ocrx_word' id='word_1_33' title='bbox 62 903 175 982; x_wconf 86' lang='grc' dir='ltr'>λέγεται</span> <span class='ocrx_word' id='word_1_34' title='bbox 191 915 244 976; x_wconf 89' lang='grc' dir='ltr'>τοῖς</span> <span class='ocrx_word' id='word_1_35' title='bbox 261 910 428 986; x_wconf 79' lang='grc' dir='ltr'>κυμόάλοις,</span> <span class='ocrx_word' id='word_1_36' title='bbox 444 913 488 973; x_wconf 86' lang='grc' dir='ltr'>ἰνα</span> <span class='ocrx_word' id='word_1_37' title='bbox 500 916 589 977; x_wconf 88' lang='grc' dir='ltr'>πάντα</span> <span class='ocrx_word' id='word_1_38' title='bbox 601 919 636 977; x_wconf 81' lang='grc' dir='ltr'>τά</span> <span class='ocrx_word' id='word_1_39' title='bbox 645 923 726 993; x_wconf 82' lang='grc' dir='ltr'>αὐτῆς</span> <span class='ocrx_word' id='word_1_40' title='bbox 737 927 791 982; x_wconf 82' lang='grc' dir='ltr'>τῶν</span> 
     </span>
     <span class='ocr_line' id='line_1_7' title="bbox 61 992 792 1092; baseline 0.029 -43"><span class='ocrx_word' id='word_1_41' title='bbox 61 992 157 1069; x_wconf 88' lang='grc' dir='ltr'>νόμων</span> <span class='ocrx_word' id='word_1_42' title='bbox 181 995 302 1066; x_wconf 84' lang='grc' dir='ltr'>κατήκοα</span> <span class='ocrx_word' id='word_1_43' title='bbox 316 998 435 1078; x_wconf 88' lang='grc' dir='ltr'>γένηται,</span> <span class='ocrx_word' id='word_1_44' title='bbox 458 1001 555 1063; x_wconf 82' lang='grc' dir='ltr'>Ἔνδον</span> <span class='ocrx_word' id='word_1_45' title='bbox 578 1005 625 1083; x_wconf 75' lang='grc' dir='ltr'>μέν</span> <span class='ocrx_word' id='word_1_46' title='bbox 639 1007 690 1087; x_wconf 80' lang='grc' dir='ltr'>γάρ</span> <span class='ocrx_word' id='word_1_47' title='bbox 707 1013 733 1069; x_wconf 84' lang='grc' dir='ltr'>έν</span> <span class='ocrx_word' id='word_1_48' title='bbox 754 1016 792 1092; x_wconf 82' lang='grc' dir='ltr'>τῷ</span> 
     </span>
     <span class='ocr_line' id='line_1_8' title="bbox 62 1081 792 1179; baseline 0.03 -41"><span class='ocrx_word' id='word_1_49' title='bbox 62 1081 157 1162; x_wconf 82' lang='grc' dir='ltr'>άδύτιρ</span> <span class='ocrx_word' id='word_1_50' title='bbox 170 1089 219 1156; x_wconf 85' lang='grc' dir='ltr'>τῆς</span> <span class='ocrx_word' id='word_1_51' title='bbox 236 1088 339 1155; x_wconf 85' lang='grc' dir='ltr'>Νυκτδς</span> <span class='ocrx_word' id='word_1_52' title='bbox 354 1088 467 1161; x_wconf 88' lang='grc' dir='ltr'>κάθηται</span> <span class='ocrx_word' id='word_1_53' title='bbox 481 1095 496 1151; x_wconf 86' lang='grc' dir='ltr'>δ</span> <span class='ocrx_word' id='word_1_54' title='bbox 510 1093 613 1165; x_wconf 79' lang='grc' dir='ltr'>Φάνης·</span> <span class='ocrx_word' id='word_1_55' title='bbox 635 1099 662 1155; x_wconf 83' lang='grc' dir='ltr'>ἐν</span> <span class='ocrx_word' id='word_1_56' title='bbox 677 1098 751 1179; x_wconf 85' lang='grc' dir='ltr'>μέσῳ</span> <span class='ocrx_word' id='word_1_57' title='bbox 765 1101 792 1160; x_wconf 85' lang='grc' dir='ltr'>δὲ</span> 
     </span>
     <span class='ocr_line' id='line_1_9' title="bbox 62 1169 791 1265; baseline 0.03 -39"><span class='ocrx_word' id='word_1_58' title='bbox 62 1175 82 1240; x_wconf 80' lang='grc' dir='ltr'>ἡ</span> <span class='ocrx_word' id='word_1_59' title='bbox 102 1169 162 1239; x_wconf 82' lang='grc' dir='ltr'>Νύξ</span> <span class='ocrx_word' id='word_1_60' title='bbox 182 1174 347 1248; x_wconf 89' lang='grc' dir='ltr'>μαντεύουσα</span> <span class='ocrx_word' id='word_1_61' title='bbox 359 1186 412 1245; x_wconf 89' lang='grc' dir='ltr'>τοῖς</span> <span class='ocrx_word' id='word_1_62' title='bbox 425 1181 506 1253; x_wconf 87' lang='grc' dir='ltr'>θεοῖς,</span> <span class='ocrx_word' id='word_1_63' title='bbox 521 1187 539 1253; x_wconf 77' lang='grc' dir='ltr'>ἡ</span> <span class='ocrx_word' id='word_1_64' title='bbox 555 1183 582 1242; x_wconf 77' lang='grc' dir='ltr'>δὲ</span> <span class='ocrx_word' id='word_1_65' title='bbox 597 1185 750 1265; x_wconf 82' lang='grc' dir='ltr'>Ἀδράστεια</span> <span class='ocrx_word' id='word_1_66' title='bbox 765 1191 791 1248; x_wconf 83' lang='grc' dir='ltr'>έν</span> 
     </span>
     <span class='ocr_line' id='line_1_10' title="bbox 61 1261 792 1344; baseline 0.027 -29"><span class='ocrx_word' id='word_1_67' title='bbox 61 1266 120 1325; x_wconf 89' lang='grc' dir='ltr'>τοῖς</span> <span class='ocrx_word' id='word_1_68' title='bbox 138 1261 295 1341; x_wconf 84' lang='grc' dir='ltr'>προθύροις,</span> <span class='ocrx_word' id='word_1_69' title='bbox 326 1273 408 1324; x_wconf 73' lang='grc' dir='ltr'>πᾶσιν</span> <span class='ocrx_word' id='word_1_70' title='bbox 435 1274 612 1344; x_wconf 81' lang='grc' dir='ltr'>νομοθετοῦσα</span> <span class='ocrx_word' id='word_1_71' title='bbox 630 1273 689 1340; x_wconf 83' lang='grc' dir='ltr'>τοὺς</span> <span class='ocrx_word' id='word_1_72' title='bbox 710 1273 792 1343; x_wconf 86' lang='grc' dir='ltr'>θείους</span> 
     </span>
     <span class='ocr_line' id='line_1_11' title="bbox 62 1345 790 1438; baseline 0.027 -36"><span class='ocrx_word' id='word_1_73' title='bbox 62 1345 171 1420; x_wconf 87' lang='grc' dir='ltr'>νόμους.</span> <span class='ocrx_word' id='word_1_74' title='bbox 185 1347 310 1428; x_wconf 73' lang='grc' dir='ltr'>Διαφέρει</span> <span class='ocrx_word' id='word_1_75' title='bbox 328 1349 355 1408; x_wconf 80' lang='grc' dir='ltr'>δέ</span> <span class='ocrx_word' id='word_1_76' title='bbox 369 1356 416 1424; x_wconf 87' lang='grc' dir='ltr'>τῆς</span> <span class='ocrx_word' id='word_1_77' title='bbox 426 1355 483 1412; x_wconf 73' lang='grc' dir='ltr'>ἐκεῖ</span> <span class='ocrx_word' id='word_1_78' title='bbox 494 1353 575 1428; x_wconf 87' lang='grc' dir='ltr'>Δίκης</span> <span class='ocrx_word' id='word_1_79' title='bbox 588 1359 624 1424; x_wconf 79' lang='grc' dir='ltr'>ὡς</span> <span class='ocrx_word' id='word_1_80' title='bbox 636 1364 790 1438; x_wconf 80' lang='grc' dir='ltr'>νομοθετική</span> 
     </span>
     <span class='ocr_line' id='line_1_12' title="bbox 62 1433 789 1526; baseline 0.025 -37"><span class='ocrx_word' id='word_1_81' title='bbox 62 1433 229 1504; x_wconf 80' lang='grc' dir='ltr'>δικαστικῆς·</span> <span class='ocrx_word' id='word_1_82' title='bbox 241 1435 317 1507; x_wconf 77' lang='grc' dir='ltr'>καὶὴ</span> <span class='ocrx_word' id='word_1_83' title='bbox 334 1435 381 1513; x_wconf 81' lang='grc' dir='ltr'>μέν</span> <span class='ocrx_word' id='word_1_84' title='bbox 397 1441 452 1498; x_wconf 79' lang='grc' dir='ltr'>ἐκεῖ</span> <span class='ocrx_word' id='word_1_85' title='bbox 469 1440 538 1513; x_wconf 87' lang='grc' dir='ltr'>Δίκη</span> <span class='ocrx_word' id='word_1_86' title='bbox 550 1443 667 1526; x_wconf 78' lang='grc' dir='ltr'>θυγάτηρ</span> <span class='ocrx_word' id='word_1_87' title='bbox 682 1445 789 1524; x_wconf 85' lang='grc' dir='ltr'>λέγεται</span> 
     </span>
     <span class='ocr_line' id='line_1_13' title="bbox 61 1519 790 1614; baseline 0.027 -39"><span class='ocrx_word' id='word_1_88' title='bbox 61 1524 107 1576; x_wconf 81' lang='grc' dir='ltr'>τοῦ</span> <span class='ocrx_word' id='word_1_89' title='bbox 121 1521 178 1578; x_wconf 80' lang='grc' dir='ltr'>ἐκεῖ</span> <span class='ocrx_word' id='word_1_90' title='bbox 189 1519 281 1596; x_wconf 84' lang='grc' dir='ltr'>Νόμου</span> <span class='ocrx_word' id='word_1_91' title='bbox 293 1523 340 1581; x_wconf 87' lang='grc' dir='ltr'>καλ</span> <span class='ocrx_word' id='word_1_92' title='bbox 351 1526 505 1593; x_wconf 77' lang='grc' dir='ltr'>Εὐσεὸείας.</span> <span class='ocrx_word' id='word_1_93' title='bbox 521 1528 626 1602; x_wconf 76' lang='grc' dir='ltr'>Αθτηή</span> <span class='ocrx_word' id='word_1_94' title='bbox 638 1531 790 1614; x_wconf 79' lang='grc' dir='ltr'>Ἀδράστεια</span> 
     </span>
     <span class='ocr_line' id='line_1_14' title="bbox 61 1606 790 1700; baseline 0.026 -36"><span class='ocrx_word' id='word_1_95' title='bbox 61 1607 92 1664; x_wconf 82' lang='grc' dir='ltr'>ἐκ</span> <span class='ocrx_word' id='word_1_96' title='bbox 107 1606 248 1667; x_wconf 79' lang='grc' dir='ltr'>Μελίσσου</span> <span class='ocrx_word' id='word_1_97' title='bbox 257 1609 303 1668; x_wconf 81' lang='grc' dir='ltr'>καὶ</span> <span class='ocrx_word' id='word_1_98' title='bbox 313 1611 466 1689; x_wconf 72' lang='grc' dir='ltr'>Ἀμαλθείας</span> <span class='ocrx_word' id='word_1_99' title='bbox 476 1607 552 1692; x_wconf 79' lang='grc' dir='ltr'>οιίοα,</span> <span class='ocrx_word' id='word_1_100' title='bbox 565 1621 719 1700; x_wconf 84' lang='grc' dir='ltr'>περιεκτική</span> <span class='ocrx_word' id='word_1_101' title='bbox 734 1625 790 1682; x_wconf 85' lang='grc' dir='ltr'>έστι</span> 
     </span>
     <span class='ocr_line' id='line_1_15' title="bbox 61 1691 786 1793; baseline 0.023 -42"><span class='ocrx_word' id='word_1_102' title='bbox 61 1694 109 1752; x_wconf 86' lang='grc' dir='ltr'>καῖ</span> <span class='ocrx_word' id='word_1_103' title='bbox 123 1699 172 1753; x_wconf 75' lang='grc' dir='ltr'>τοῦ</span> <span class='ocrx_word' id='word_1_104' title='bbox 186 1693 292 1772; x_wconf 88' lang='grc' dir='ltr'>Νόμου.</span> <span class='ocrx_word' id='word_1_105' title='bbox 334 1691 422 1760; x_wconf 67' lang='grc' dir='ltr'>θύται</span> <span class='ocrx_word' id='word_1_106' title='bbox 435 1701 467 1775; x_wconf 76' lang='grc' dir='ltr'>δή</span> <span class='ocrx_word' id='word_1_107' title='bbox 480 1705 525 1762; x_wconf 85' lang='grc' dir='ltr'>καί</span> <span class='ocrx_word' id='word_1_108' title='bbox 538 1707 659 1783; x_wconf 87' lang='grc' dir='ltr'>λέγονται</span> <span class='ocrx_word' id='word_1_109' title='bbox 680 1709 786 1793; x_wconf 86' lang='grc' dir='ltr'>τρέφειν</span> 
     </span>
     <span class='ocr_line' id='line_1_16' title="bbox 60 1782 786 1876; baseline 0.026 -37"><span class='ocrx_word' id='word_1_110' title='bbox 60 1783 106 1840; x_wconf 79' lang='grc' dir='ltr'>τόν</span> <span class='ocrx_word' id='word_1_111' title='bbox 120 1782 176 1842; x_wconf 83' lang='grc' dir='ltr'>Δία</span> <span class='ocrx_word' id='word_1_112' title='bbox 190 1785 218 1843; x_wconf 83' lang='grc' dir='ltr'>έν</span> <span class='ocrx_word' id='word_1_113' title='bbox 232 1787 270 1865; x_wconf 78' lang='grc' dir='ltr'>τῷ</span> <span class='ocrx_word' id='word_1_114' title='bbox 281 1784 369 1866; x_wconf 82' lang='grc' dir='ltr'>άντρῳ</span> <span class='ocrx_word' id='word_1_115' title='bbox 381 1792 429 1861; x_wconf 90' lang='grc' dir='ltr'>τῆς</span> <span class='ocrx_word' id='word_1_116' title='bbox 443 1792 562 1867; x_wconf 88' lang='grc' dir='ltr'>Νυκτός,</span> <span class='ocrx_word' id='word_1_117' title='bbox 574 1794 697 1876; x_wconf 77' lang='grc' dir='ltr'>ἄντικρυς</span> <span class='ocrx_word' id='word_1_118' title='bbox 709 1802 786 1858; x_wconf 78' lang='grc' dir='ltr'>τοῦτο</span> 
     </span>
     <span class='ocr_line' id='line_1_17' title="bbox 61 1867 404 1953; baseline 0.009 -23"><span class='ocrx_word' id='word_1_119' title='bbox 61 1878 107 1930; x_wconf 77' lang='grc' dir='ltr'>τοῦ</span> <span class='ocrx_word' id='word_1_120' title='bbox 120 1867 246 1949; x_wconf 77' lang='grc' dir='ltr'>θεολόγον</span> <span class='ocrx_word' id='word_1_121' title='bbox 257 1873 404 1953; x_wconf 80' lang='grc' dir='ltr'>λέγοντος.)</span> 
     </span>
    </p>

    <p class='ocr_par' dir='ltr' id='par_1_4' title="bbox 60 1975 788 2072">
     <span class='ocr_line' id='line_1_18' title="bbox 60 1975 788 2072; baseline 0.021 -36"><span class='ocrx_word' id='word_1_122' title='bbox 60 1975 174 2036; x_wconf 85' lang='grc' dir='ltr'>Χάλκεα</span> <span class='ocrx_word' id='word_1_123' title='bbox 186 1977 287 2057; x_wconf 78' lang='grc' dir='ltr'>ῥόπτρα</span> <span class='ocrx_word' id='word_1_124' title='bbox 298 1979 435 2058; x_wconf 68' lang='grc' dir='ltr'>[λαθοῦσα</span> <span class='ocrx_word' id='word_1_125' title='bbox 447 1983 509 2055; x_wconf 85' lang='grc' dir='ltr'>καί]</span> <span class='ocrx_word' id='word_1_126' title='bbox 520 1983 646 2062; x_wconf 86' lang='grc' dir='ltr'>τύμπανα</span> <span class='ocrx_word' id='word_1_127' title='bbox 659 1989 788 2072; x_wconf 77' lang='grc' dir='ltr'>ἠχήεντα.</span> 
     </span>
    </p>
   </div>
   <div class='ocr_carea' id='block_1_4' title="bbox 55 2089 788 3223">
    <p class='ocr_par' dir='ltr' id='par_1_5' title="bbox 55 2089 788 3223">
     <span class='ocr_line' id='line_1_19' title="bbox 99 2089 786 2183; baseline 0.023 -38"><span class='ocrx_word' id='word_1_128' title='bbox 99 2089 244 2163; x_wconf 88' lang='lat' dir='ltr'>(Procius</span> <span class='ocrx_word' id='word_1_129' title='bbox 253 2093 353 2148; x_wconf 87' lang='lat' dir='ltr'>TheoI.</span> <span class='ocrx_word' id='word_1_130' title='bbox 366 2091 440 2152; x_wconf 84' lang='lat' dir='ltr'>Piat.</span> <span class='ocrx_word' id='word_1_131' title='bbox 456 2094 506 2166; x_wconf 85' lang='lat' dir='ltr'>lv,</span> <span class='ocrx_word' id='word_1_132' title='bbox 523 2098 569 2168; x_wconf 88' lang='lat'>16,</span> <span class='ocrx_word' id='word_1_133' title='bbox 584 2119 615 2174; x_wconf 91' lang='lat' dir='ltr'>p.</span> <span class='ocrx_word' id='word_1_134' title='bbox 626 2103 682 2158; x_wconf 81' lang='lat'>206</span> <span class='ocrx_word' id='word_1_135' title='bbox 693 2123 700 2158; x_wconf 76' lang='grc' dir='ltr'>ε</span> <span class='ocrx_word' id='word_1_136' title='bbox 713 2104 786 2183; x_wconf 71' lang='lat' dir='ltr'>Ilop’</span> 
     </span>
     <span class='ocr_line' id='line_1_20' title="bbox 60 2175 783 2262; baseline 0.021 -28"><span class='ocrx_word' id='word_1_137' title='bbox 60 2175 158 2255; x_wconf 87' lang='grc' dir='ltr'>Ὀρφεῖ</span> <span class='ocrx_word' id='word_1_138' title='bbox 183 2179 304 2256; x_wconf 81' lang='grc' dir='ltr'>φρουρεῖν</span> <span class='ocrx_word' id='word_1_139' title='bbox 328 2175 462 2256; x_wconf 79' lang='grc' dir='ltr'>λέγεταιὴ</span> <span class='ocrx_word' id='word_1_140' title='bbox 484 2182 638 2262; x_wconf 75' lang='grc' dir='ltr'>Ἀδράστεια</span> <span class='ocrx_word' id='word_1_141' title='bbox 659 2187 703 2246; x_wconf 79' lang='grc' dir='ltr'>τὸν</span> <span class='ocrx_word' id='word_1_142' title='bbox 724 2189 783 2250; x_wconf 80' lang='grc' dir='ltr'>ὅλον</span> 
     </span>
     <span class='ocr_line' id='line_1_21' title="bbox 60 2262 786 2358; baseline 0.025 -40"><span class='ocrx_word' id='word_1_143' title='bbox 60 2264 130 2340; x_wconf 83' lang='lat' dir='ltr'><strong>(leg.</strong></span> <span class='ocrx_word' id='word_1_144' title='bbox 154 2262 198 2320; x_wconf 83' lang='grc' dir='ltr'>τὸν</span> <span class='ocrx_word' id='word_1_145' title='bbox 212 2267 266 2322; x_wconf 84' lang='grc' dir='ltr'>τῶν</span> <span class='ocrx_word' id='word_1_146' title='bbox 280 2262 362 2342; x_wconf 79' lang='grc' dir='ltr'>ὅλων)</span> <span class='ocrx_word' id='word_1_147' title='bbox 375 2267 532 2348; x_wconf 82' lang='grc' dir='ltr'>δημιουργὸν</span> <span class='ocrx_word' id='word_1_148' title='bbox 555 2272 600 2330; x_wconf 81' lang='grc' dir='ltr'>καὶ</span> <span class='ocrx_word' id='word_1_149' title='bbox 620 2273 721 2351; x_wconf 88' lang='grc' dir='ltr'>χάλκεα</span> <span class='ocrx_word' id='word_1_150' title='bbox 740 2277 786 2358; x_wconf 79' lang='grc' dir='ltr'>ρό-</span> 
     </span>
     <span class='ocr_line' id='line_1_22' title="bbox 57 2349 785 2442; baseline 0.022 -35"><span class='ocrx_word' id='word_1_151' title='bbox 57 2373 129 2428; x_wconf 83' lang='grc' dir='ltr'>πτρα</span> <span class='ocrx_word' id='word_1_152' title='bbox 141 2349 263 2408; x_wconf 72' lang='grc' dir='ltr'>λαθοῦσα</span> <span class='ocrx_word' id='word_1_153' title='bbox 278 2353 323 2410; x_wconf 83' lang='grc' dir='ltr'>καί</span> <span class='ocrx_word' id='word_1_154' title='bbox 336 2351 472 2430; x_wconf 86' lang='grc' dir='ltr'>τύμπανον</span> <span class='ocrx_word' id='word_1_155' title='bbox 485 2355 591 2434; x_wconf 88' lang='grc' dir='ltr'>αἰγηκες</span> <span class='ocrx_word' id='word_1_156' title='bbox 601 2360 681 2428; x_wconf 80' lang='grc' dir='ltr'>οὕτως</span> <span class='ocrx_word' id='word_1_157' title='bbox 696 2364 785 2442; x_wconf 85' lang='grc' dir='ltr'>ήχεῖν,</span> 
     </span>
     <span class='ocr_line' id='line_1_23' title="bbox 60 2437 786 2522; baseline 0.022 -29"><span class='ocrx_word' id='word_1_158' title='bbox 60 2437 132 2496; x_wconf 78' lang='grc' dir='ltr'>ὥστε</span> <span class='ocrx_word' id='word_1_159' title='bbox 156 2437 260 2506; x_wconf 78' lang='grc' dir='ltr'>πάντας</span> <span class='ocrx_word' id='word_1_160' title='bbox 284 2441 448 2522; x_wconf 79' lang='grc' dir='ltr'>ἐπιστρέφειν</span> <span class='ocrx_word' id='word_1_161' title='bbox 465 2447 501 2510; x_wconf 87' lang='grc' dir='ltr'>εἷς</span> <span class='ocrx_word' id='word_1_162' title='bbox 518 2446 601 2516; x_wconf 78' lang='grc' dir='ltr'>αὐτὴν</span> <span class='ocrx_word' id='word_1_163' title='bbox 623 2448 682 2514; x_wconf 78' lang='grc' dir='ltr'>τοὺς</span> <span class='ocrx_word' id='word_1_164' title='bbox 705 2451 786 2518; x_wconf 90' lang='grc' dir='ltr'>θεούς.</span> 
     </span>
     <span class='ocr_line' id='line_1_24' title="bbox 60 2525 788 2608; baseline 0.022 -26"><span class='ocrx_word' id='word_1_165' title='bbox 60 2529 156 2582; x_wconf 82' lang='lat' dir='ltr'>Verba</span> <span class='ocrx_word' id='word_1_166' title='bbox 172 2525 295 2586; x_wconf 78' lang='grc' dir='ltr'>λαόοῦσα</span> <span class='ocrx_word' id='word_1_167' title='bbox 322 2529 368 2588; x_wconf 88' lang='grc' dir='ltr'>καί</span> <span class='ocrx_word' id='word_1_168' title='bbox 389 2535 560 2608; x_wconf 79' lang='lat' dir='ltr'>interposuit</span> <span class='ocrx_word' id='word_1_169' title='bbox 573 2535 693 2596; x_wconf 86' lang='lat' dir='ltr'>Proclus</span> <span class='ocrx_word' id='word_1_170' title='bbox 713 2541 788 2597; x_wconf 88' lang='lat' dir='ltr'>duo-</span> 
     </span>
     <span class='ocr_line' id='line_1_25' title="bbox 59 2620 788 2701; baseline 0.026 -33"><span class='ocrx_word' id='word_1_171' title='bbox 59 2635 124 2669; x_wconf 84' lang='lat' dir='ltr'>rum</span> <span class='ocrx_word' id='word_1_172' title='bbox 135 2635 270 2672; x_wconf 77' lang='lat' dir='ltr'>versuum</span> <span class='ocrx_word' id='word_1_173' title='bbox 285 2621 377 2674; x_wconf 82' lang='lat' dir='ltr'>exitus</span> <span class='ocrx_word' id='word_1_174' title='bbox 386 2620 517 2697; x_wconf 84' lang='lat' dir='ltr'>jungens.</span> <span class='ocrx_word' id='word_1_175' title='bbox 529 2621 585 2679; x_wconf 76' lang='lat' dir='ltr'>I‘ro</span> <span class='ocrx_word' id='word_1_176' title='bbox 598 2622 733 2701; x_wconf 89' lang='grc' dir='ltr'>τύμπανον</span> <span class='ocrx_word' id='word_1_177' title='bbox 746 2627 788 2686; x_wconf 88' lang='grc' dir='ltr'>αἰ-</span> 
     </span>
     <span class='ocr_line' id='line_1_26' title="bbox 58 2707 784 2790; baseline 0.023 -33"><span class='ocrx_word' id='word_1_178' title='bbox 58 2724 140 2776; x_wconf 83' lang='grc' dir='ltr'>γηκες</span> <span class='ocrx_word' id='word_1_179' title='bbox 165 2723 232 2760; x_wconf 88' lang='lat' dir='ltr'>cum</span> <span class='ocrx_word' id='word_1_180' title='bbox 256 2707 404 2762; x_wconf 85' lang='lat' dir='ltr'>Lobeckio</span> <span class='ocrx_word' id='word_1_181' title='bbox 428 2711 615 2786; x_wconf 82' lang='lat' dir='ltr'>Aglaopirnm.</span> <span class='ocrx_word' id='word_1_182' title='bbox 635 2716 648 2773; x_wconf 99' lang='lat' dir='ltr'><strong>I</strong></span> <span class='ocrx_word' id='word_1_183' title='bbox 670 2734 702 2790; x_wconf 89' lang='lat' dir='ltr'>p.</span> <span class='ocrx_word' id='word_1_184' title='bbox 727 2715 784 2774; x_wconf 86' lang='lat'>515</span> 
     </span>
     <span class='ocr_line' id='line_1_27' title="bbox 58 2789 787 2871; baseline 0.025 -27"><span class='ocrx_word' id='word_1_185' title='bbox 58 2792 158 2864; x_wconf 80' lang='lat' dir='ltr'>scripsi</span> <span class='ocrx_word' id='word_1_186' title='bbox 173 2789 301 2866; x_wconf 86' lang='grc' dir='ltr'>τύμπανα</span> <span class='ocrx_word' id='word_1_187' title='bbox 314 2791 441 2871; x_wconf 78' lang='grc' dir='ltr'>ἠχήεντα.</span> <span class='ocrx_word' id='word_1_188' title='bbox 460 2795 569 2855; x_wconf 79' lang='lat' dir='ltr'>Similia</span> <span class='ocrx_word' id='word_1_189' title='bbox 586 2803 708 2858; x_wconf 79' lang='lat' dir='ltr'>Hermiae</span> <span class='ocrx_word' id='word_1_190' title='bbox 732 2816 787 2862; x_wconf 87' lang='lat' dir='ltr'>tra·</span> 
     </span>
     <span class='ocr_line' id='line_1_28' title="bbox 58 2878 785 2970; baseline 0.025 -37"><span class='ocrx_word' id='word_1_191' title='bbox 58 2878 101 2934; x_wconf 86' lang='lat' dir='ltr'>dit</span> <span class='ocrx_word' id='word_1_192' title='bbox 115 2880 237 2935; x_wconf 82' lang='lat' dir='ltr'>Procles</span> <span class='ocrx_word' id='word_1_193' title='bbox 251 2881 281 2936; x_wconf 90' lang='lat' dir='ltr'>in</span> <span class='ocrx_word' id='word_1_194' title='bbox 291 2883 366 2941; x_wconf 87' lang='lat' dir='ltr'>Tim.</span> <span class='ocrx_word' id='word_1_195' title='bbox 382 2887 444 2958; x_wconf 85' lang='lat' dir='ltr'>Vp.</span> <span class='ocrx_word' id='word_1_196' title='bbox 455 2886 542 2947; x_wconf 76' lang='lat'>3230</span> <span class='ocrx_word' id='word_1_197' title='bbox 557 2908 563 2942; x_wconf 82' lang='grc' dir='ltr'>ι</span> <span class='ocrx_word' id='word_1_198' title='bbox 581 2887 626 2945; x_wconf 87' lang='grc' dir='ltr'>καί</span> <span class='ocrx_word' id='word_1_199' title='bbox 639 2888 691 2970; x_wconf 75' lang='grc' dir='ltr'>γάρ</span> <span class='ocrx_word' id='word_1_200' title='bbox 707 2893 785 2964; x_wconf 81' lang='grc' dir='ltr'>ὁδη-</span> 
     </span>
     <span class='ocr_line' id='line_1_29' title="bbox 56 2964 787 3053; baseline 0.022 -31"><span class='ocrx_word' id='word_1_201' title='bbox 56 2964 194 3044; x_wconf 86' lang='grc' dir='ltr'>μιουργός,</span> <span class='ocrx_word' id='word_1_202' title='bbox 210 2969 247 3032; x_wconf 82' lang='grc' dir='ltr'>ὡς</span> <span class='ocrx_word' id='word_1_203' title='bbox 269 2965 410 3047; x_wconf 85' lang='grc' dir='ltr'>θὈρφεύς</span> <span class='ocrx_word' id='word_1_204' title='bbox 431 2995 508 3050; x_wconf 86' lang='grc' dir='ltr'>φησι,</span> <span class='ocrx_word' id='word_1_205' title='bbox 523 2972 645 3053; x_wconf 87' lang='grc' dir='ltr'>τρέφεται</span> <span class='ocrx_word' id='word_1_206' title='bbox 665 2976 713 3053; x_wconf 85' lang='grc' dir='ltr'>μὲν</span> <span class='ocrx_word' id='word_1_207' title='bbox 733 2979 787 3038; x_wconf 79' lang='grc' dir='ltr'>ἀπὸ</span> 
     </span>
     <span class='ocr_line' id='line_1_30' title="bbox 55 3052 786 3143; baseline 0.018 -33"><span class='ocrx_word' id='word_1_208' title='bbox 55 3057 101 3122; x_wconf 84' lang='grc' dir='ltr'>τῆς</span> <span class='ocrx_word' id='word_1_209' title='bbox 115 3052 302 3131; x_wconf 81' lang='grc' dir='ltr'>Ἀδραστείας,</span> <span class='ocrx_word' id='word_1_210' title='bbox 316 3056 420 3114; x_wconf 84' lang='grc' dir='ltr'>σύνεστι</span> <span class='ocrx_word' id='word_1_211' title='bbox 442 3060 525 3119; x_wconf 76' lang='grc' dir='ltr'>δὲκαὶ</span> <span class='ocrx_word' id='word_1_212' title='bbox 540 3061 695 3142; x_wconf 73' lang='grc' dir='ltr'>τῇίθνάγκῃ</span> <span class='ocrx_word' id='word_1_213' title='bbox 708 3109 716 3137; x_wconf 96' lang='grc'>,</span> <span class='ocrx_word' id='word_1_214' title='bbox 729 3087 786 3143; x_wconf 85' lang='grc' dir='ltr'>γεν·</span> 
     </span>
     <span class='ocr_line' id='line_1_31' title="bbox 55 3139 424 3223; baseline 0.011 -26"><span class='ocrx_word' id='word_1_215' title='bbox 55 3149 88 3220; x_wconf 70' lang='lat' dir='ltr'>rip⁴</span> <span class='ocrx_word' id='word_1_216' title='bbox 100 3139 129 3198; x_wconf 74' lang='grc' dir='ltr'>δέ</span> <span class='ocrx_word' id='word_1_217' title='bbox 146 3140 196 3212; x_wconf 69' lang='grc' dir='ltr'>τὴν</span> <span class='ocrx_word' id='word_1_218' title='bbox 216 3142 424 3223; x_wconf 80' lang='grc' dir='ltr'>Εἱμαρμένην.)</span> 
     </span>
    </p>
   </div>
   <div class='ocr_carea' id='block_1_5' title="bbox 322 3265 462 3327">
    <p class='ocr_par' dir='ltr' id='par_1_6' title="bbox 322 3265 462 3327">
     <span class='ocr_line' id='line_1_32' title="bbox 322 3265 462 3327; baseline 0.014 -3"><span class='ocrx_word' id='word_1_219' title='bbox 322 3265 462 3327; x_wconf 83' lang='lat' dir='ltr'>xxviti.</span> 
     </span>
    </p>
   </div>
   <div class='ocr_carea' id='block_1_6' title="bbox 52 3376 759 3731">
    <p class='ocr_par' dir='ltr' id='par_1_7' title="bbox 52 3376 759 3731">
     <span class='ocr_line' id='line_1_33' title="bbox 54 3376 747 3462; baseline 0.019 -29"><span class='ocrx_word' id='word_1_220' title='bbox 54 3376 159 3456; x_wconf 84' lang='grc' dir='ltr'>Ἑρμῆς</span> <span class='ocrx_word' id='word_1_221' title='bbox 173 3377 197 3436; x_wconf 88' lang='grc' dir='ltr'>δ’</span> <span class='ocrx_word' id='word_1_222' title='bbox 208 3381 349 3459; x_wconf 75' lang='grc' dir='ltr'>ἑρμηνεύς,</span> <span class='ocrx_word' id='word_1_223' title='bbox 359 3384 411 3438; x_wconf 79' lang='grc' dir='ltr'>τῶν</span> <span class='ocrx_word' id='word_1_224' title='bbox 424 3381 531 3442; x_wconf 82' lang='grc' dir='ltr'>πάντων</span> <span class='ocrx_word' id='word_1_225' title='bbox 544 3384 652 3462; x_wconf 85' lang='grc' dir='ltr'>άγγελός</span> <span class='ocrx_word' id='word_1_226' title='bbox 666 3389 747 3446; x_wconf 76' lang='grc' dir='ltr'>ἐστιν·</span> 
     </span>
     <span class='ocr_line' id='line_1_34' title="bbox 54 3465 750 3555; baseline 0.016 -31"><span class='ocrx_word' id='word_1_227' title='bbox 54 3465 169 3544; x_wconf 78' lang='grc' dir='ltr'>Νύμφαι</span> <span class='ocrx_word' id='word_1_228' title='bbox 181 3465 263 3546; x_wconf 82' lang='grc' dir='ltr'>ὕδωρ,</span> <span class='ocrx_word' id='word_1_229' title='bbox 277 3472 330 3545; x_wconf 83' lang='grc' dir='ltr'>πῦρ</span> <span class='ocrx_word' id='word_1_230' title='bbox 343 3467 508 3547; x_wconf 71' lang='grc' dir='ltr'>Ἥφαιστον,</span> <span class='ocrx_word' id='word_1_231' title='bbox 526 3472 597 3538; x_wconf 81' lang='grc' dir='ltr'>σῖτος</span> <span class='ocrx_word' id='word_1_232' title='bbox 607 3474 750 3555; x_wconf 79' lang='grc' dir='ltr'>Δημήτηρ.</span> 
     </span>
     <span class='ocr_line' id='line_1_35' title="bbox 53 3553 755 3642; baseline 0.017 -32"><span class='ocrx_word' id='word_1_233' title='bbox 53 3557 70 3623; x_wconf 83' lang='grc' dir='ltr'>ἡ</span> <span class='ocrx_word' id='word_1_234' title='bbox 85 3553 114 3611; x_wconf 85' lang='grc' dir='ltr'>δὲ</span> <span class='ocrx_word' id='word_1_235' title='bbox 126 3556 249 3613; x_wconf 85' lang='grc' dir='ltr'>θάλασσα</span> <span class='ocrx_word' id='word_1_236' title='bbox 264 3557 419 3616; x_wconf 82' lang='grc' dir='ltr'>Ποσειδάων</span> <span class='ocrx_word' id='word_1_237' title='bbox 433 3557 516 3635; x_wconf 81' lang='grc' dir='ltr'>μέγας</span> <span class='ocrx_word' id='word_1_238' title='bbox 529 3561 570 3632; x_wconf 81' lang='grc' dir='ltr'>ἠδ’</span> <span class='ocrx_word' id='word_1_239' title='bbox 584 3561 755 3642; x_wconf 84' lang='grc' dir='ltr'>Ἐνοοίχθων.</span> 
     </span>
     <span class='ocr_line' id='line_1_36' title="bbox 52 3638 759 3731; baseline 0.018 -36"><span class='ocrx_word' id='word_1_240' title='bbox 52 3638 98 3696; x_wconf 82' lang='grc' dir='ltr'>καῖ</span> <span class='ocrx_word' id='word_1_241' title='bbox 109 3641 225 3718; x_wconf 83' lang='grc' dir='ltr'>πολεμοτ</span> <span class='ocrx_word' id='word_1_242' title='bbox 235 3641 283 3720; x_wconf 76' lang='grc' dir='ltr'>μέν</span> <span class='ocrx_word' id='word_1_243' title='bbox 298 3643 391 3724; x_wconf 73' lang='grc' dir='ltr'>Ἄρης,</span> <span class='ocrx_word' id='word_1_244' title='bbox 408 3645 498 3724; x_wconf 87' lang='grc' dir='ltr'>εἰρήνη</span> <span class='ocrx_word' id='word_1_245' title='bbox 511 3645 534 3705; x_wconf 87' lang='grc' dir='ltr'>δ’</span> <span class='ocrx_word' id='word_1_246' title='bbox 547 3646 603 3720; x_wconf 80' lang='grc' dir='ltr'>ἔστ’</span> <span class='ocrx_word' id='word_1_247' title='bbox 614 3647 759 3731; x_wconf 73' lang='grc' dir='ltr'>Ἀφροδίτη.</span> 
     </span>
    </p>
   </div>
   <div class='ocr_carea' id='block_1_7' title="bbox 855 541 1575 976">
    <p class='ocr_par' dir='ltr' id='par_1_8' title="bbox 855 541 1575 976">
     <span class='ocr_line' id='line_1_37' title="bbox 900 541 1532 637; baseline 0.028 -37"><span class='ocrx_word' id='word_1_248' title='bbox 900 541 1024 618; x_wconf 80' lang='grc' dir='ltr'>ἡδίστην,</span> <span class='ocrx_word' id='word_1_249' title='bbox 1036 545 1139 626; x_wconf 83' lang='grc' dir='ltr'>πάαῄσι</span> <span class='ocrx_word' id='word_1_250' title='bbox 1152 552 1175 607; x_wconf 90' lang='grc' dir='ltr'>τ’</span> <span class='ocrx_word' id='word_1_251' title='bbox 1190 549 1234 610; x_wconf 77' lang='grc' dir='ltr'>ἐπ’</span> <span class='ocrx_word' id='word_1_252' title='bbox 1247 551 1397 632; x_wconf 78' lang='grc' dir='ltr'>εἰλαπίνῃσι</span> <span class='ocrx_word' id='word_1_253' title='bbox 1409 555 1532 637; x_wconf 84' lang='grc' dir='ltr'>πάρεστι.</span> 
     </span>
     <span class='ocr_line' id='line_1_38' title="bbox 899 629 1558 716; baseline 0.029 -28"><span class='ocrx_word' id='word_1_254' title='bbox 899 629 945 688; x_wconf 86' lang='grc' dir='ltr'>καί</span> <span class='ocrx_word' id='word_1_255' title='bbox 957 631 1057 711; x_wconf 87' lang='grc' dir='ltr'>Θέμις,</span> <span class='ocrx_word' id='word_1_256' title='bbox 1068 634 1136 716; x_wconf 83' lang='grc' dir='ltr'>ήπερ</span> <span class='ocrx_word' id='word_1_257' title='bbox 1150 635 1235 697; x_wconf 88' lang='grc' dir='ltr'>άπασι</span> <span class='ocrx_word' id='word_1_258' title='bbox 1249 641 1396 714; x_wconf 88' lang='grc' dir='ltr'>θεμιστεύει</span> <span class='ocrx_word' id='word_1_259' title='bbox 1408 644 1441 701; x_wconf 87' lang='grc' dir='ltr'>τδι</span> <span class='ocrx_word' id='word_1_260' title='bbox 1457 644 1558 708; x_wconf 88' lang='grc' dir='ltr'>δίκαια.</span> 
     </span>
     <span class='ocr_line' id='line_1_39' title="bbox 855 716 1543 808; baseline 0.026 -34"><span class='ocrx_word' id='word_1_261' title='bbox 855 737 880 776; x_wconf 86' lang='grc' dir='ltr'>ιο</span> <span class='ocrx_word' id='word_1_262' title='bbox 895 716 1007 796; x_wconf 87' lang='grc' dir='ltr'>Ἥλιος,</span> <span class='ocrx_word' id='word_1_263' title='bbox 1022 719 1049 780; x_wconf 86' lang='grc' dir='ltr'>δν</span> <span class='ocrx_word' id='word_1_264' title='bbox 1060 721 1199 785; x_wconf 86' lang='grc' dir='ltr'>καλέουσιν</span> <span class='ocrx_word' id='word_1_265' title='bbox 1214 725 1367 790; x_wconf 77' lang='grc' dir='ltr'>Ἀπόλλωνα</span> <span class='ocrx_word' id='word_1_266' title='bbox 1377 733 1543 808; x_wconf 79' lang='grc' dir='ltr'>κλυτότοξον,</span> 
     </span>
     <span class='ocr_line' id='line_1_40' title="bbox 899 807 1575 901; baseline 0.021 -35"><span class='ocrx_word' id='word_1_267' title='bbox 899 807 999 868; x_wconf 82' lang='grc' dir='ltr'>Φοῖθον</span> <span class='ocrx_word' id='word_1_268' title='bbox 1014 810 1194 894; x_wconf 80' lang='grc' dir='ltr'>ἓκηόελέτην,</span> <span class='ocrx_word' id='word_1_269' title='bbox 1211 815 1303 892; x_wconf 81' lang='grc' dir='ltr'>μάντιν</span> <span class='ocrx_word' id='word_1_270' title='bbox 1318 817 1424 878; x_wconf 87' lang='grc' dir='ltr'>πάντων</span> <span class='ocrx_word' id='word_1_271' title='bbox 1439 821 1575 901; x_wconf 81' lang='grc' dir='ltr'>ἑκάεργον,</span> 
     </span>
     <span class='ocr_line' id='line_1_41' title="bbox 899 897 1515 976; baseline 0.021 -23"><span class='ocrx_word' id='word_1_272' title='bbox 899 898 994 976; x_wconf 85' lang='grc' dir='ltr'>ἰητῆρα</span> <span class='ocrx_word' id='word_1_273' title='bbox 1011 897 1094 956; x_wconf 88' lang='grc' dir='ltr'>νόσων</span> <span class='ocrx_word' id='word_1_274' title='bbox 1113 899 1282 973; x_wconf 85' lang='grc' dir='ltr'>Ἀσκληπιόν·</span> <span class='ocrx_word' id='word_1_275' title='bbox 1299 906 1327 962; x_wconf 78' lang='grc' dir='ltr'>ἓν</span> <span class='ocrx_word' id='word_1_276' title='bbox 1338 905 1401 963; x_wconf 89' lang='grc' dir='ltr'>τάδε</span> <span class='ocrx_word' id='word_1_277' title='bbox 1416 907 1515 968; x_wconf 91' lang='grc' dir='ltr'>πάντα.</span> 
     </span>
    </p>
   </div>
   <div class='ocr_carea' id='block_1_8' title="bbox 896 1005 1622 1531">
    <p class='ocr_par' dir='ltr' id='par_1_9' title="bbox 896 1005 1622 1531">
     <span class='ocr_line' id='line_1_42' title="bbox 941 1005 1618 1098; baseline 0.016 -29"><span class='ocrx_word' id='word_1_278' title='bbox 941 1014 1004 1090; x_wconf 89' lang='lat' dir='ltr'>(Jo.</span> <span class='ocrx_word' id='word_1_279' title='bbox 1027 1016 1174 1072; x_wconf 77' lang='lat' dir='ltr'>Diaconos</span> <span class='ocrx_word' id='word_1_280' title='bbox 1200 1005 1378 1077; x_wconf 71' lang='lat' dir='ltr'>ad&#39;IIesiodi</span> <span class='ocrx_word' id='word_1_281' title='bbox 1403 1023 1512 1098; x_wconf 79' lang='lat' dir='ltr'>Theog.</span> <span class='ocrx_word' id='word_1_282' title='bbox 1535 1023 1618 1098; x_wconf 71' lang='grc' dir='ltr'>μηδι</span> 
     </span>
     <span class='ocr_line' id='line_1_43' title="bbox 897 1100 1622 1189; baseline 0.014 -30"><span class='ocrx_word' id='word_1_283' title='bbox 897 1101 1036 1179; x_wconf 89' lang='grc' dir='ltr'>Μαρτυρεῖ</span> <span class='ocrx_word' id='word_1_284' title='bbox 1050 1100 1078 1158; x_wconf 80' lang='grc' dir='ltr'>δὲ</span> <span class='ocrx_word' id='word_1_285' title='bbox 1097 1100 1143 1160; x_wconf 86' lang='grc' dir='ltr'>καλ</span> <span class='ocrx_word' id='word_1_286' title='bbox 1157 1103 1185 1162; x_wconf 81' lang='grc' dir='ltr'>έν</span> <span class='ocrx_word' id='word_1_287' title='bbox 1201 1105 1239 1184; x_wconf 79' lang='grc' dir='ltr'>τῷ</span> <span class='ocrx_word' id='word_1_288' title='bbox 1253 1105 1399 1186; x_wconf 76' lang='grc' dir='ltr'>μικροτέρῳ</span> <span class='ocrx_word' id='word_1_289' title='bbox 1421 1110 1543 1188; x_wconf 85' lang='grc' dir='ltr'>Κρατῆρι</span> <span class='ocrx_word' id='word_1_290' title='bbox 1557 1108 1622 1189; x_wconf 84' lang='grc' dir='ltr'>’ορ-</span> 
     </span>
     <span class='ocr_line' id='line_1_44' title="bbox 899 1185 1620 1272; baseline 0.017 -29"><span class='ocrx_word' id='word_1_291' title='bbox 899 1185 958 1267; x_wconf 79' lang='grc' dir='ltr'>φεὺς</span> <span class='ocrx_word' id='word_1_292' title='bbox 981 1187 1044 1247; x_wconf 89' lang='grc' dir='ltr'>τάδε</span> <span class='ocrx_word' id='word_1_293' title='bbox 1068 1187 1161 1266; x_wconf 88' lang='grc' dir='ltr'>λέγων·</span> <span class='ocrx_word' id='word_1_294' title='bbox 1180 1189 1283 1269; x_wconf 84' lang='grc' dir='ltr'>Ἑρμῆς</span> <span class='ocrx_word' id='word_1_295' title='bbox 1306 1194 1329 1250; x_wconf 84' lang='grc' dir='ltr'>δ’</span> <span class='ocrx_word' id='word_1_296' title='bbox 1353 1193 1482 1272; x_wconf 79' lang='grc' dir='ltr'>ἑρμηνεύς</span> <span class='ocrx_word' id='word_1_297' title='bbox 1500 1198 1559 1256; x_wconf 88' lang='grc' dir='ltr'>κτλ.</span> <span class='ocrx_word' id='word_1_298' title='bbox 1582 1232 1620 1242; x_wconf 94' lang='grc'>-</span> 
     </span>
     <span class='ocr_line' id='line_1_45' title="bbox 898 1276 1620 1361; baseline 0.018 -30"><span class='ocrx_word' id='word_1_299' title='bbox 898 1280 943 1334; x_wconf 84' lang='lat' dir='ltr'>Vs.</span> <span class='ocrx_word' id='word_1_300' title='bbox 971 1276 989 1332; x_wconf 88' lang='lat'>6</span> <span class='ocrx_word' id='word_1_301' title='bbox 1013 1278 1109 1353; x_wconf 75' lang='lat' dir='ltr'>epicos</span> <span class='ocrx_word' id='word_1_302' title='bbox 1129 1279 1233 1335; x_wconf 81' lang='lat' dir='ltr'>formas</span> <span class='ocrx_word' id='word_1_303' title='bbox 1263 1280 1367 1340; x_wconf 90' lang='grc' dir='ltr'>λυπέων</span> <span class='ocrx_word' id='word_1_304' title='bbox 1388 1295 1417 1340; x_wconf 89' lang='lat' dir='ltr'>et</span> <span class='ocrx_word' id='word_1_305' title='bbox 1438 1284 1545 1342; x_wconf 86' lang='grc' dir='ltr'>πασέων</span> <span class='ocrx_word' id='word_1_306' title='bbox 1566 1306 1620 1361; x_wconf 87' lang='lat' dir='ltr'>pro</span> 
     </span>
     <span class='ocr_line' id='line_1_46' title="bbox 897 1364 1621 1431; baseline 0.018 -13"><span class='ocrx_word' id='word_1_307' title='bbox 897 1364 1131 1422; x_wconf 82' lang='lat' dir='ltr'>membranarum</span> <span class='ocrx_word' id='word_1_308' title='bbox 1164 1368 1335 1426; x_wconf 82' lang='lat' dir='ltr'>lectionibus</span> <span class='ocrx_word' id='word_1_309' title='bbox 1358 1371 1449 1428; x_wconf 86' lang='grc' dir='ltr'>λυπῶν</span> <span class='ocrx_word' id='word_1_310' title='bbox 1474 1383 1504 1429; x_wconf 89' lang='lat' dir='ltr'>et</span> <span class='ocrx_word' id='word_1_311' title='bbox 1527 1375 1621 1431; x_wconf 70' lang='lat' dir='ltr'>trucior</span> 
     </span>
     <span class='ocr_line' id='line_1_47' title="bbox 896 1455 1287 1531; baseline 0.013 -26"><span class='ocrx_word' id='word_1_312' title='bbox 896 1470 962 1506; x_wconf 88' lang='lat' dir='ltr'>cum</span> <span class='ocrx_word' id='word_1_313' title='bbox 977 1455 1133 1509; x_wconf 82' lang='lat' dir='ltr'>Hermonni</span> <span class='ocrx_word' id='word_1_314' title='bbox 1147 1455 1287 1531; x_wconf 83' lang='lat' dir='ltr'>restitui.)</span> 
     </span>
    </p>
   </div>
   <div class='ocr_carea' id='block_1_9' title="bbox 848 1563 1674 2658">
    <p class='ocr_par' dir='ltr' id='par_1_10' title="bbox 895 1563 1674 1843">
     <span class='ocr_line' id='line_1_48' title="bbox 897 1563 1674 1654; baseline 0.014 -30"><span class='ocrx_word' id='word_1_315' title='bbox 897 1563 962 1631; x_wconf 77' lang='grc' dir='ltr'>Ζεύς</span> <span class='ocrx_word' id='word_1_316' title='bbox 975 1565 1003 1623; x_wconf 91' lang='grc' dir='ltr'>δέ</span> <span class='ocrx_word' id='word_1_317' title='bbox 1014 1589 1042 1624; x_wconf 90' lang='grc' dir='ltr'>τε</span> <span class='ocrx_word' id='word_1_318' title='bbox 1058 1567 1164 1626; x_wconf 87' lang='grc' dir='ltr'>πάντων</span> <span class='ocrx_word' id='word_1_319' title='bbox 1177 1567 1234 1626; x_wconf 75' lang='grc' dir='ltr'>ἐστὶ</span> <span class='ocrx_word' id='word_1_320' title='bbox 1245 1569 1302 1636; x_wconf 83' lang='grc' dir='ltr'>θεός</span> <span class='ocrx_word' id='word_1_321' title='bbox 1315 1571 1420 1630; x_wconf 88' lang='grc' dir='ltr'>πάντων</span> <span class='ocrx_word' id='word_1_322' title='bbox 1434 1596 1463 1631; x_wconf 88' lang='grc' dir='ltr'>τε</span> <span class='ocrx_word' id='word_1_323' title='bbox 1476 1575 1617 1654; x_wconf 86' lang='grc' dir='ltr'>κεραατής,</span> <span class='ocrx_word' id='word_1_324' title='bbox 1672 1645 1674 1648; x_wconf 37' lang='grc'>,</span> 
     </span>
     <span class='ocr_line' id='line_1_49' title="bbox 895 1650 1523 1738; baseline 0.021 -30"><span class='ocrx_word' id='word_1_325' title='bbox 895 1650 1028 1728; x_wconf 87' lang='grc' dir='ltr'>πνεύμασι</span> <span class='ocrx_word' id='word_1_326' title='bbox 1044 1653 1154 1733; x_wconf 75' lang='grc' dir='ltr'>συρίζων</span> <span class='ocrx_word' id='word_1_327' title='bbox 1171 1657 1288 1736; x_wconf 84' lang='grc' dir='ltr'>φωνῇσίν</span> <span class='ocrx_word' id='word_1_328' title='bbox 1305 1659 1329 1714; x_wconf 83' lang='grc' dir='ltr'>τ’</span> <span class='ocrx_word' id='word_1_329' title='bbox 1344 1659 1523 1738; x_wconf 84' lang='grc' dir='ltr'>ἠερομίκτοις.</span> 
     </span>
     <span class='ocr_line' id='line_1_50' title="bbox 938 1759 1621 1843; baseline 0.013 -28"><span class='ocrx_word' id='word_1_330' title='bbox 938 1759 1161 1835; x_wconf 66' lang='lat' dir='ltr'>(sopiremus</span> <span class='ocrx_word' id='word_1_331' title='bbox 1180 1763 1200 1817; x_wconf 91' lang='lat' dir='ltr'>I.</span> <span class='ocrx_word' id='word_1_332' title='bbox 1215 1781 1241 1818; x_wconf 90' lang='lat' dir='ltr'>c.</span> <span class='ocrx_word' id='word_1_333' title='bbox 1260 1782 1267 1822; x_wconf 72' lang='grc' dir='ltr'>ε</span> <span class='ocrx_word' id='word_1_334' title='bbox 1281 1759 1346 1822; x_wconf 73' lang='grc' dir='ltr'>Ὀτι</span> <span class='ocrx_word' id='word_1_335' title='bbox 1360 1764 1387 1821; x_wconf 85' lang='grc' dir='ltr'>δὲ</span> <span class='ocrx_word' id='word_1_336' title='bbox 1399 1765 1429 1822; x_wconf 84' lang='grc' dir='ltr'>έκ</span> <span class='ocrx_word' id='word_1_337' title='bbox 1443 1770 1489 1837; x_wconf 87' lang='grc' dir='ltr'>τῆς</span> <span class='ocrx_word' id='word_1_338' title='bbox 1505 1769 1621 1843; x_wconf 86' lang='grc' dir='ltr'>Μνημο-</span> 
     </span>
    </p>

    <p class='ocr_par' dir='ltr' id='par_1_11' title="bbox 893 1844 1620 2282">
     <span class='ocr_line' id='line_1_51' title="bbox 895 1844 1619 1932; baseline 0.015 -30"><span class='ocrx_word' id='word_1_339' title='bbox 895 1844 1008 1917; x_wconf 90' lang='grc' dir='ltr'>σύνηςαί</span> <span class='ocrx_word' id='word_1_340' title='bbox 1019 1847 1476 1926; x_wconf 81' lang='grc' dir='ltr'>Μοῦσαιγεννῶνται,καίότιδΖεύς</span> <span class='ocrx_word' id='word_1_341' title='bbox 1490 1853 1619 1932; x_wconf 81' lang='grc' dir='ltr'>καλαίθήρ</span> 
     </span>
     <span class='ocr_line' id='line_1_52' title="bbox 897 1933 1620 2020; baseline 0.012 -29"><span class='ocrx_word' id='word_1_342' title='bbox 897 1933 1014 2013; x_wconf 88' lang='grc' dir='ltr'>λέγεται,</span> <span class='ocrx_word' id='word_1_343' title='bbox 1029 1934 1108 1994; x_wconf 87' lang='grc' dir='ltr'>άκουε</span> <span class='ocrx_word' id='word_1_344' title='bbox 1121 1941 1167 1997; x_wconf 80' lang='grc' dir='ltr'>τοῦ</span> <span class='ocrx_word' id='word_1_345' title='bbox 1181 1938 1321 2017; x_wconf 85' lang='grc' dir='ltr'>εἰρημένου</span> <span class='ocrx_word' id='word_1_346' title='bbox 1336 1938 1464 2020; x_wconf 84' lang='grc' dir='ltr'>Ὀρφέως·</span> <span class='ocrx_word' id='word_1_347' title='bbox 1476 1940 1541 2009; x_wconf 77' lang='grc' dir='ltr'>Ζεύς</span> <span class='ocrx_word' id='word_1_348' title='bbox 1550 1942 1577 2000; x_wconf 86' lang='grc' dir='ltr'>δέ</span> <span class='ocrx_word' id='word_1_349' title='bbox 1590 1965 1620 2000; x_wconf 90' lang='grc' dir='ltr'>τε</span> 
     </span>
     <span class='ocr_line' id='line_1_53' title="bbox 893 2019 1618 2112; baseline 0.019 -35"><span class='ocrx_word' id='word_1_350' title='bbox 893 2019 999 2080; x_wconf 90' lang='grc' dir='ltr'>πάντων</span> <span class='ocrx_word' id='word_1_351' title='bbox 1014 2023 1074 2083; x_wconf 84' lang='grc' dir='ltr'>κτλ.</span> <span class='ocrx_word' id='word_1_352' title='bbox 1090 2027 1181 2082; x_wconf 85' lang='lat' dir='ltr'>Recte</span> <span class='ocrx_word' id='word_1_353' title='bbox 1193 2028 1369 2086; x_wconf 78' lang='lat' dir='ltr'>IIermannus</span> <span class='ocrx_word' id='word_1_354' title='bbox 1381 2050 1422 2091; x_wconf 85' lang='lat' dir='ltr'>vs.</span> <span class='ocrx_word' id='word_1_355' title='bbox 1442 2031 1476 2086; x_wconf 85' lang='lat'>13</span> <span class='ocrx_word' id='word_1_356' title='bbox 1488 2033 1618 2112; x_wconf 82' lang='grc' dir='ltr'>κεραστής</span> 
     </span>
     <span class='ocr_line' id='line_1_54' title="bbox 893 2111 1616 2197; baseline 0.018 -31"><span class='ocrx_word' id='word_1_357' title='bbox 893 2129 949 2185; x_wconf 85' lang='lat' dir='ltr'>pro</span> <span class='ocrx_word' id='word_1_358' title='bbox 972 2111 1100 2189; x_wconf 84' lang='grc' dir='ltr'>κεράστης</span> <span class='ocrx_word' id='word_1_359' title='bbox 1119 2124 1148 2168; x_wconf 89' lang='lat' dir='ltr'>et</span> <span class='ocrx_word' id='word_1_360' title='bbox 1162 2133 1201 2173; x_wconf 79' lang='grc' dir='ltr'>νε.</span> <span class='ocrx_word' id='word_1_361' title='bbox 1220 2124 1254 2184; x_wconf 77' lang='lat'>14</span> <span class='ocrx_word' id='word_1_362' title='bbox 1279 2119 1393 2195; x_wconf 82' lang='grc' dir='ltr'>φωνῆσίν</span> <span class='ocrx_word' id='word_1_363' title='bbox 1412 2115 1435 2172; x_wconf 88' lang='grc' dir='ltr'>τ’</span> <span class='ocrx_word' id='word_1_364' title='bbox 1449 2119 1616 2197; x_wconf 78' lang='grc' dir='ltr'>ήερομίκτοις</span> 
     </span>
     <span class='ocr_line' id='line_1_55' title="bbox 894 2197 1455 2282; baseline 0.012 -28"><span class='ocrx_word' id='word_1_365' title='bbox 894 2217 949 2271; x_wconf 89' lang='lat' dir='ltr'>pro</span> <span class='ocrx_word' id='word_1_366' title='bbox 962 2197 1088 2278; x_wconf 88' lang='grc' dir='ltr'>φωναῖσίν</span> <span class='ocrx_word' id='word_1_367' title='bbox 1102 2198 1125 2256; x_wconf 88' lang='grc' dir='ltr'>τ’</span> <span class='ocrx_word' id='word_1_368' title='bbox 1138 2199 1302 2278; x_wconf 88' lang='grc' dir='ltr'>άερομίκτοις</span> <span class='ocrx_word' id='word_1_369' title='bbox 1316 2206 1455 2282; x_wconf 75' lang='lat' dir='ltr'>scripsit.)</span> 
     </span>
    </p>

    <p class='ocr_par' dir='ltr' id='par_1_12' title="bbox 848 2309 1618 2658">
     <span class='ocr_line' id='line_1_56' title="bbox 848 2309 1592 2396; baseline 0.013 -28"><span class='ocrx_word' id='word_1_370' title='bbox 848 2329 872 2375; x_wconf 81' lang='grc' dir='ltr'>ιτ</span> <span class='ocrx_word' id='word_1_371' title='bbox 887 2309 981 2379; x_wconf 82' lang='grc' dir='ltr'>Ούτως</span> <span class='ocrx_word' id='word_1_372' title='bbox 996 2311 1108 2392; x_wconf 80' lang='grc' dir='ltr'>ἁρμονίη</span> <span class='ocrx_word' id='word_1_373' title='bbox 1124 2314 1269 2386; x_wconf 86' lang='grc' dir='ltr'>Μουσέων,</span> <span class='ocrx_word' id='word_1_374' title='bbox 1280 2325 1338 2383; x_wconf 86' lang='grc' dir='ltr'>ταῖς</span> <span class='ocrx_word' id='word_1_375' title='bbox 1351 2319 1375 2375; x_wconf 84' lang='grc' dir='ltr'>τ’</span> <span class='ocrx_word' id='word_1_376' title='bbox 1389 2317 1488 2396; x_wconf 83' lang='grc' dir='ltr'>όργανα</span> <span class='ocrx_word' id='word_1_377' title='bbox 1503 2319 1592 2378; x_wconf 90' lang='grc' dir='ltr'>πάντα</span> 
     </span>
     <span class='ocr_line' id='line_1_57' title="bbox 894 2397 1617 2486; baseline 0.008 -28"><span class='ocrx_word' id='word_1_378' title='bbox 894 2397 1178 2482; x_wconf 86' lang='grc' dir='ltr'>Μνημοσύνηπάντων</span> <span class='ocrx_word' id='word_1_379' title='bbox 1194 2403 1298 2481; x_wconf 81' lang='grc' dir='ltr'>πρῶτον</span> <span class='ocrx_word' id='word_1_380' title='bbox 1308 2403 1401 2482; x_wconf 87' lang='grc' dir='ltr'>πόρεν,</span> <span class='ocrx_word' id='word_1_381' title='bbox 1413 2408 1461 2463; x_wconf 88' lang='grc' dir='ltr'>οὐκ</span> <span class='ocrx_word' id='word_1_382' title='bbox 1475 2407 1617 2486; x_wconf 86' lang='grc' dir='ltr'>άνεφάνθη,</span> 
     </span>
     <span class='ocr_line' id='line_1_58' title="bbox 894 2484 1589 2574; baseline 0.016 -32"><span class='ocrx_word' id='word_1_383' title='bbox 894 2484 962 2544; x_wconf 72' lang='grc' dir='ltr'>ἀλλὰ</span> <span class='ocrx_word' id='word_1_384' title='bbox 977 2484 1070 2564; x_wconf 80' lang='grc' dir='ltr'>χρόνος</span> <span class='ocrx_word' id='word_1_385' title='bbox 1084 2484 1152 2562; x_wconf 84' lang='grc' dir='ltr'>λήθη</span> <span class='ocrx_word' id='word_1_386' title='bbox 1168 2488 1354 2568; x_wconf 85' lang='grc' dir='ltr'>κατεχρήσατο</span> <span class='ocrx_word' id='word_1_387' title='bbox 1367 2491 1413 2548; x_wconf 89' lang='grc' dir='ltr'>καί</span> <span class='ocrx_word' id='word_1_388' title='bbox 1428 2493 1589 2574; x_wconf 77' lang='grc' dir='ltr'>κατέκρυψε.</span> 
     </span>
     <span class='ocr_line' id='line_1_59' title="bbox 892 2572 1618 2658; baseline 0.012 -28"><span class='ocrx_word' id='word_1_389' title='bbox 892 2577 937 2630; x_wconf 82' lang='grc' dir='ltr'>νῦν</span> <span class='ocrx_word' id='word_1_390' title='bbox 952 2572 980 2632; x_wconf 77' lang='grc' dir='ltr'>δὲ</span> <span class='ocrx_word' id='word_1_391' title='bbox 993 2572 1084 2652; x_wconf 78' lang='grc' dir='ltr'>τέχναι</span> <span class='ocrx_word' id='word_1_392' title='bbox 1098 2597 1126 2632; x_wconf 87' lang='grc' dir='ltr'>τε</span> <span class='ocrx_word' id='word_1_393' title='bbox 1138 2574 1212 2652; x_wconf 88' lang='grc' dir='ltr'>λόγοι</span> <span class='ocrx_word' id='word_1_394' title='bbox 1227 2598 1255 2634; x_wconf 89' lang='grc' dir='ltr'>τε</span> <span class='ocrx_word' id='word_1_395' title='bbox 1267 2576 1343 2648; x_wconf 89' lang='grc' dir='ltr'>νόμοι</span> <span class='ocrx_word' id='word_1_396' title='bbox 1356 2576 1378 2634; x_wconf 88' lang='grc' dir='ltr'>θ’</span> <span class='ocrx_word' id='word_1_397' title='bbox 1392 2575 1440 2635; x_wconf 85' lang='grc' dir='ltr'>ὅσα</span> <span class='ocrx_word' id='word_1_398' title='bbox 1455 2579 1479 2636; x_wconf 86' lang='grc' dir='ltr'>τ’</span> <span class='ocrx_word' id='word_1_399' title='bbox 1493 2578 1558 2658; x_wconf 88' lang='grc' dir='ltr'>ἰργα</span> <span class='ocrx_word' id='word_1_400' title='bbox 1573 2579 1618 2639; x_wconf 87' lang='grc' dir='ltr'>τέ·</span> 
     </span>
    </p>
   </div>
   <div class='ocr_carea' id='block_1_10' title="bbox 881 2670 1615 2832">
    <p class='ocr_par' dir='ltr' id='par_1_13' title="bbox 881 2670 1615 2832">
     <span class='ocr_line' id='line_1_60' title="bbox 1488 2670 1615 2747; baseline 0.008 -22"><span class='ocrx_word' id='word_1_401' title='bbox 1488 2670 1597 2747; x_wconf 90' lang='grc' dir='ltr'>[τυκται</span> <span class='ocrx_word' id='word_1_402' title='bbox 1608 2712 1615 2740; x_wconf 91' lang='grc'>,</span> 
     </span>
     <span class='ocr_line' id='line_1_61' title="bbox 881 2747 1534 2832; baseline 0.011 -26"><span class='ocrx_word' id='word_1_403' title='bbox 881 2747 979 2806; x_wconf 81' lang='grc' dir='ltr'>,πάντα</span> <span class='ocrx_word' id='word_1_404' title='bbox 994 2747 1037 2806; x_wconf 84' lang='grc' dir='ltr'>διδ</span> <span class='ocrx_word' id='word_1_405' title='bbox 1055 2749 1161 2827; x_wconf 85' lang='grc' dir='ltr'>μνήμην</span> <span class='ocrx_word' id='word_1_406' title='bbox 1177 2749 1334 2819; x_wconf 78' lang='grc' dir='ltr'>διασώζεται</span> <span class='ocrx_word' id='word_1_407' title='bbox 1346 2751 1534 2832; x_wconf 83' lang='grc' dir='ltr'>ἀνθρώποισιν.</span> 
     </span>
    </p>
   </div>
   <div class='ocr_carea' id='block_1_11' title="bbox 934 2858 1733 2949">
    <p class='ocr_par' dir='ltr' id='par_1_14' title="bbox 934 2858 1733 2949">
     <span class='ocr_line' id='line_1_62' title="bbox 934 2858 1733 2949; baseline 0.016 -28"><span class='ocrx_word' id='word_1_408' title='bbox 934 2865 993 2941; x_wconf 90' lang='lat' dir='ltr'>(Jo.</span> <span class='ocrx_word' id='word_1_409' title='bbox 1008 2870 1154 2924; x_wconf 82' lang='lat' dir='ltr'>Diaconos</span> <span class='ocrx_word' id='word_1_410' title='bbox 1163 2869 1183 2923; x_wconf 91' lang='lat' dir='ltr'>l.</span> <span class='ocrx_word' id='word_1_411' title='bbox 1199 2889 1225 2925; x_wconf 90' lang='lat' dir='ltr'>c.</span> <span class='ocrx_word' id='word_1_412' title='bbox 1240 2858 1299 2928; x_wconf 79' lang='grc' dir='ltr'>ιἯ</span> <span class='ocrx_word' id='word_1_413' title='bbox 1312 2869 1363 2949; x_wconf 78' lang='grc' dir='ltr'>γάρ</span> <span class='ocrx_word' id='word_1_414' title='bbox 1375 2872 1404 2928; x_wconf 80' lang='grc' dir='ltr'>οὗ</span> <span class='ocrx_word' id='word_1_415' title='bbox 1420 2870 1495 2942; x_wconf 85' lang='grc' dir='ltr'>δῆλός</span> <span class='ocrx_word' id='word_1_416' title='bbox 1505 2875 1561 2931; x_wconf 75' lang='lat' dir='ltr'>dou</span> <span class='ocrx_word' id='word_1_417' title='bbox 1571 2873 1616 2933; x_wconf 84' lang='grc' dir='ltr'>τδίι</span> <span class='ocrx_word' id='word_1_418' title='bbox 1731 2871 1733 2876; x_wconf 58' lang='grc'>’</span> 
     </span>
    </p>
   </div>
   <div class='ocr_carea' id='block_1_12' title="bbox 889 2951 1700 3383">
    <p class='ocr_par' dir='ltr' id='par_1_15' title="bbox 889 2951 1700 3383">
     <span class='ocr_line' id='line_1_63' title="bbox 892 2951 1613 3038; baseline 0.014 -30"><span class='ocrx_word' id='word_1_419' title='bbox 892 2951 981 3031; x_wconf 89' lang='grc' dir='ltr'>αἰθέρα</span> <span class='ocrx_word' id='word_1_420' title='bbox 997 2952 1085 3012; x_wconf 82' lang='grc' dir='ltr'>καλῶν</span> <span class='ocrx_word' id='word_1_421' title='bbox 1099 2956 1186 3031; x_wconf 70' lang='grc' dir='ltr'>οὕτως</span> <span class='ocrx_word' id='word_1_422' title='bbox 1200 2955 1282 3013; x_wconf 87' lang='grc' dir='ltr'>ταυτδ</span> <span class='ocrx_word' id='word_1_423' title='bbox 1297 2958 1342 3028; x_wconf 85' lang='grc' dir='ltr'>καί</span> <span class='ocrx_word' id='word_1_424' title='bbox 1358 2958 1470 3038; x_wconf 76' lang='grc' dir='ltr'>ἁρμονίη</span> <span class='ocrx_word' id='word_1_425' title='bbox 1487 2961 1613 3033; x_wconf 82' lang='grc' dir='ltr'>Μουσῶν,</span> 
     </span>
     <span class='ocr_line' id='line_1_64' title="bbox 890 3037 1613 3128; baseline 0.012 -32"><span class='ocrx_word' id='word_1_426' title='bbox 890 3037 954 3098; x_wconf 86' lang='grc' dir='ltr'>τότε</span> <span class='ocrx_word' id='word_1_427' title='bbox 973 3038 1072 3119; x_wconf 80' lang='grc' dir='ltr'>ὄργανα</span> <span class='ocrx_word' id='word_1_428' title='bbox 1087 3040 1194 3102; x_wconf 87' lang='grc' dir='ltr'>πάντων</span> <span class='ocrx_word' id='word_1_429' title='bbox 1209 3043 1374 3120; x_wconf 85' lang='grc' dir='ltr'>Μνημοσύνη</span> <span class='ocrx_word' id='word_1_430' title='bbox 1389 3045 1496 3106; x_wconf 88' lang='grc' dir='ltr'>πάντων</span> <span class='ocrx_word' id='word_1_431' title='bbox 1509 3051 1613 3128; x_wconf 81' lang='grc' dir='ltr'>πρῶτον</span> 
     </span>
     <span class='ocr_line' id='line_1_65' title="bbox 889 3126 1612 3216; baseline 0.011 -30"><span class='ocrx_word' id='word_1_432' title='bbox 889 3126 985 3206; x_wconf 86' lang='grc' dir='ltr'>πόρεν,</span> <span class='ocrx_word' id='word_1_433' title='bbox 997 3127 1051 3186; x_wconf 81' lang='grc' dir='ltr'>οὔτ’</span> <span class='ocrx_word' id='word_1_434' title='bbox 1064 3127 1194 3210; x_wconf 82' lang='grc' dir='ltr'>άνεφάνθη</span> <span class='ocrx_word' id='word_1_435' title='bbox 1209 3132 1268 3189; x_wconf 91' lang='grc' dir='ltr'>κτλ.</span> <span class='ocrx_word' id='word_1_436' title='bbox 1283 3137 1331 3193; x_wconf 83' lang='lat' dir='ltr'>Vs.</span> <span class='ocrx_word' id='word_1_437' title='bbox 1345 3135 1389 3192; x_wconf 76' lang='grc' dir='ltr'>ἰθ</span> <span class='ocrx_word' id='word_1_438' title='bbox 1404 3133 1486 3201; x_wconf 77' lang='grc' dir='ltr'>οὕτως</span> <span class='ocrx_word' id='word_1_439' title='bbox 1501 3135 1612 3216; x_wconf 76' lang='grc' dir='ltr'>ἁρμονίη</span> 
     </span>
     <span class='ocr_line' id='line_1_66' title="bbox 889 3219 1700 3311; baseline 0.016 -40"><span class='ocrx_word' id='word_1_440' title='bbox 889 3219 987 3290; x_wconf 80' lang='lat' dir='ltr'>posui3</span> <span class='ocrx_word' id='word_1_441' title='bbox 1002 3219 1114 3292; x_wconf 79' lang='lat' dir='ltr'>reliqua</span> <span class='ocrx_word' id='word_1_442' title='bbox 1123 3219 1183 3292; x_wconf 82' lang='lat' dir='ltr'>jun</span> <span class='ocrx_word' id='word_1_443' title='bbox 1195 3233 1358 3279; x_wconf 79' lang='lat' dir='ltr'>correxerat</span> <span class='ocrx_word' id='word_1_444' title='bbox 1367 3226 1558 3284; x_wconf 78' lang='lat' dir='ltr'>Her-mannus.</span> <span class='ocrx_word' id='word_1_445' title='bbox 1572 3256 1611 3268; x_wconf 91' lang='lat'>-</span> <span class='ocrx_word' id='word_1_446' title='bbox 1698 3305 1700 3311; x_wconf 26' lang='grc' dir='ltr'>Ι</span> 
     </span>
     <span class='ocr_line' id='line_1_67' title="bbox 889 3302 1301 3383; baseline 0.007 -22"><span class='ocrx_word' id='word_1_447' title='bbox 889 3308 937 3364; x_wconf 84' lang='lat' dir='ltr'>Vs.</span> <span class='ocrx_word' id='word_1_448' title='bbox 952 3305 987 3362; x_wconf 84' lang='lat'>16</span> <span class='ocrx_word' id='word_1_449' title='bbox 999 3302 1053 3362; x_wconf 79' lang='grc' dir='ltr'>οὔτ’</span> <span class='ocrx_word' id='word_1_450' title='bbox 1064 3309 1171 3364; x_wconf 79' lang='lat' dir='ltr'>mutavi</span> <span class='ocrx_word' id='word_1_451' title='bbox 1183 3309 1212 3362; x_wconf 93' lang='lat' dir='ltr'>in</span> <span class='ocrx_word' id='word_1_452' title='bbox 1226 3307 1301 3383; x_wconf 77' lang='grc' dir='ltr'>οὖν.)</span> 
     </span>
    </p>
   </div>
   <div class='ocr_carea' id='block_1_13' title="bbox 1168 3424 1274 3486">
    <p class='ocr_par' dir='ltr' id='par_1_16' title="bbox 1168 3424 1274 3486">
     <span class='ocr_line' id='line_1_68' title="bbox 1168 3424 1274 3486; baseline 0.009 -1"><span class='ocrx_word' id='word_1_453' title='bbox 1168 3424 1274 3486; x_wconf 79' lang='lat' dir='ltr'>xxix.</span> 
     </span>
    </p>
   </div>
   <div class='ocr_carea' id='block_1_14' title="bbox 889 3533 1599 3706">
    <p class='ocr_par' dir='ltr' id='par_1_17' title="bbox 889 3533 1599 3706">
     <span class='ocr_line' id='line_1_69' title="bbox 889 3533 1599 3616; baseline 0.006 -21"><span class='ocrx_word' id='word_1_454' title='bbox 889 3533 960 3595; x_wconf 85' lang='grc' dir='ltr'>Ἤδε</span> <span class='ocrx_word' id='word_1_455' title='bbox 975 3534 1026 3615; x_wconf 77' lang='grc' dir='ltr'>γάρ</span> <span class='ocrx_word' id='word_1_456' title='bbox 1038 3535 1173 3594; x_wconf 77' lang='grc' dir='ltr'>ἀθανάτων</span> <span class='ocrx_word' id='word_1_457' title='bbox 1186 3536 1384 3616; x_wconf 82' lang='grc' dir='ltr'>προφερεστάτη</span> <span class='ocrx_word' id='word_1_458' title='bbox 1394 3539 1465 3599; x_wconf 84' lang='grc' dir='ltr'>ἰστίν</span> <span class='ocrx_word' id='word_1_459' title='bbox 1474 3538 1599 3599; x_wconf 81' lang='grc' dir='ltr'>ἁπασέων</span> 
     </span>
     <span class='ocr_line' id='line_1_70' title="bbox 890 3623 1570 3706; baseline 0.012 -26"><span class='ocrx_word' id='word_1_460' title='bbox 890 3623 963 3682; x_wconf 83' lang='grc' dir='ltr'>ίοτδν</span> <span class='ocrx_word' id='word_1_461' title='bbox 979 3623 1132 3702; x_wconf 70' lang='grc' dir='ltr'>ἐποίχεσθαι</span> <span class='ocrx_word' id='word_1_462' title='bbox 1140 3667 1148 3696; x_wconf 93' lang='grc'>,</span> <span class='ocrx_word' id='word_1_463' title='bbox 1161 3623 1294 3695; x_wconf 83' lang='grc' dir='ltr'>ταλασήῖά</span> <span class='ocrx_word' id='word_1_464' title='bbox 1308 3627 1332 3683; x_wconf 87' lang='grc' dir='ltr'>τ’</span> <span class='ocrx_word' id='word_1_465' title='bbox 1345 3623 1409 3706; x_wconf 85' lang='grc' dir='ltr'>ἔργα</span> <span class='ocrx_word' id='word_1_466' title='bbox 1424 3629 1570 3688; x_wconf 87' lang='grc' dir='ltr'>πινύσσειν.</span> 
     </span>
    </p>
   </div>
   <div class='ocr_carea' id='block_1_15' title="bbox 19 3717 1611 3998">
    <p class='ocr_par' dir='ltr' id='par_1_18' title="bbox 19 3717 1611 3998">
     <span class='ocr_line' id='line_1_71' title="bbox 19 3717 1611 3822; baseline 0.019 -39"><span class='ocrx_word' id='word_1_467' title='bbox 19 3747 30 3783; x_wconf 83' lang='grc' dir='ltr'>ε</span> <span class='ocrx_word' id='word_1_468' title='bbox 48 3717 131 3801; x_wconf 80' lang='grc' dir='ltr'>οἰνος,</span> <span class='ocrx_word' id='word_1_469' title='bbox 141 3729 186 3788; x_wconf 84' lang='grc' dir='ltr'>τὸν</span> <span class='ocrx_word' id='word_1_470' title='bbox 201 3732 318 3810; x_wconf 81' lang='grc' dir='ltr'>φιλέουσι</span> <span class='ocrx_word' id='word_1_471' title='bbox 331 3734 383 3792; x_wconf 82' lang='grc' dir='ltr'>θεοὶ</span> <span class='ocrx_word' id='word_1_472' title='bbox 396 3734 484 3807; x_wconf 89' lang='grc' dir='ltr'>θνητοί</span> <span class='ocrx_word' id='word_1_473' title='bbox 497 3737 522 3794; x_wconf 92' lang='grc' dir='ltr'>τ’</span> <span class='ocrx_word' id='word_1_474' title='bbox 534 3736 683 3816; x_wconf 87' lang='grc' dir='ltr'>άνθρωποι,</span> <span class='ocrx_word' id='word_1_475' title='bbox 929 3735 1065 3816; x_wconf 66' lang='grc' dir='ltr'>(Ρῑῡΰίῠῦ</span> <span class='ocrx_word' id='word_1_476' title='bbox 1076 3739 1106 3796; x_wconf 70' lang='grc' dir='ltr'>ἱῑὶ</span> <span class='ocrx_word' id='word_1_477' title='bbox 1115 3741 1187 3798; x_wconf 68' lang='lat' dir='ltr'>Tim·</span> <span class='ocrx_word' id='word_1_478' title='bbox 1200 3743 1213 3796; x_wconf 84' lang='lat'>1</span> <span class='ocrx_word' id='word_1_479' title='bbox 1224 3760 1256 3815; x_wconf 85' lang='lat' dir='ltr'>P·</span> <span class='ocrx_word' id='word_1_480' title='bbox 1271 3750 1305 3809; x_wconf 80' lang='grc' dir='ltr'>ίῐ</span> <span class='ocrx_word' id='word_1_481' title='bbox 1319 3745 1368 3803; x_wconf 89' lang='lat' dir='ltr'>E..</span> <span class='ocrx_word' id='word_1_482' title='bbox 1387 3743 1476 3822; x_wconf 49' lang='lat' dir='ltr'>stiffi</span> <span class='ocrx_word' id='word_1_483' title='bbox 1490 3752 1538 3821; x_wconf 66' lang='grc' dir='ltr'>μῑθ</span> <span class='ocrx_word' id='word_1_484' title='bbox 1549 3743 1611 3813; x_wconf 70' lang='lat' dir='ltr'>WI·</span> 
     </span>
     <span class='ocr_line' id='line_1_72' title="bbox 53 3809 1611 3910; baseline 0.01 -37"><span class='ocrx_word' id='word_1_485' title='bbox 53 3813 110 3873; x_wconf 78' lang='grc' dir='ltr'>ὅντε</span> <span class='ocrx_word' id='word_1_486' title='bbox 123 3819 225 3896; x_wconf 84' lang='grc' dir='ltr'>βροτοῖς</span> <span class='ocrx_word' id='word_1_487' title='bbox 236 3809 307 3898; x_wconf 71' lang='grc' dir='ltr'>εὗρεν</span> <span class='ocrx_word' id='word_1_488' title='bbox 319 3818 423 3879; x_wconf 87' lang='grc' dir='ltr'>λυπέων</span> <span class='ocrx_word' id='word_1_489' title='bbox 435 3821 569 3903; x_wconf 89' lang='grc' dir='ltr'>κηλήτορα</span> <span class='ocrx_word' id='word_1_490' title='bbox 578 3823 685 3884; x_wconf 85' lang='grc' dir='ltr'>πασέων</span> <span class='ocrx_word' id='word_1_491' title='bbox 888 3848 930 3884; x_wconf 89' lang='grc' dir='ltr'>σει</span> <span class='ocrx_word' id='word_1_492' title='bbox 940 3829 986 3896; x_wconf 91' lang='grc' dir='ltr'>τῆς</span> <span class='ocrx_word' id='word_1_493' title='bbox 1000 3824 1109 3897; x_wconf 72' lang='grc' dir='ltr'>Ἀθηνᾶς</span> <span class='ocrx_word' id='word_1_494' title='bbox 1125 3827 1317 3906; x_wconf 84' lang='grc' dir='ltr'>περιεχόμενος·</span> <span class='ocrx_word' id='word_1_495' title='bbox 1329 3827 1377 3900; x_wconf 74' lang='grc' dir='ltr'>ἥδε</span> <span class='ocrx_word' id='word_1_496' title='bbox 1390 3828 1442 3908; x_wconf 74' lang='grc' dir='ltr'>γάρ</span> <span class='ocrx_word' id='word_1_497' title='bbox 1456 3832 1516 3892; x_wconf 90' lang='grc' dir='ltr'>κτλ.</span> <span class='ocrx_word' id='word_1_498' title='bbox 1532 3830 1611 3910; x_wconf 85' lang='grc' dir='ltr'>φησίν</span> 
     </span>
     <span class='ocr_line' id='line_1_73' title="bbox 53 3904 1436 3998; baseline 0.027 -37"><span class='ocrx_word' id='word_1_499' title='bbox 53 3904 213 3983; x_wconf 81' lang='grc' dir='ltr'>ταυρογενής</span> <span class='ocrx_word' id='word_1_500' title='bbox 225 3907 363 3980; x_wconf 88' lang='grc' dir='ltr'>Διόνυσος,</span> <span class='ocrx_word' id='word_1_501' title='bbox 376 3911 535 3990; x_wconf 86' lang='grc' dir='ltr'>έῦφροσύνην</span> <span class='ocrx_word' id='word_1_502' title='bbox 544 3913 609 3993; x_wconf 90' lang='grc' dir='ltr'>πόρε</span> <span class='ocrx_word' id='word_1_503' title='bbox 620 3917 720 3988; x_wconf 86' lang='grc' dir='ltr'>θνητοῖς</span> <span class='ocrx_word' id='word_1_504' title='bbox 891 3913 1013 3993; x_wconf 67' lang='grc' dir='ltr'>Ὀρφεύς·</span> <span class='ocrx_word' id='word_1_505' title='bbox 1029 3916 1112 3973; x_wconf 69' lang='lat' dir='ltr'>Adde</span> <span class='ocrx_word' id='word_1_506' title='bbox 1124 3919 1155 3972; x_wconf 63' lang='lat'>5¹¹</span> <span class='ocrx_word' id='word_1_507' title='bbox 1168 3920 1275 3994; x_wconf 60' lang='lat' dir='ltr'>ciiiil-</span> <span class='ocrx_word' id='word_1_508' title='bbox 1289 3938 1356 3995; x_wconf 63' lang='lat' dir='ltr'>Pit·</span> <span class='ocrx_word' id='word_1_509' title='bbox 1370 3917 1436 3998; x_wconf 49' lang='grc' dir='ltr'>Ἄἰαί</span> 
     </span>
    </p>
   </div>
   <div class='ocr_carea' id='block_1_16' title="bbox 6 4041 1602 4074">
    <p class='ocr_par' dir='ltr' id='par_1_19' title="bbox 6 4041 1602 4074">
     <span class='ocr_line' id='line_1_74' title="bbox 6 4041 1602 4074; baseline 0.014 -23"><span class='ocrx_word' id='word_1_510' title='bbox 6 4041 1602 4074; x_wconf 51' lang='grc' dir='ltr'><em>Ἥ</em></span> 
     </span>
    </p>
   </div>
   <div class='ocr_carea' id='block_1_17' title="bbox 1 4124 1698 4835">
    <p class='ocr_par' dir='ltr' id='par_1_20' title="bbox 7 4124 1611 4205">
     <span class='ocr_line' id='line_1_75' title="bbox 7 4124 1611 4205; baseline 0.01 -29"><span class='ocrx_word' id='word_1_511' title='bbox 7 4124 118 4179; x_wconf 74' lang='lat' dir='ltr'>tdmtee</span> <span class='ocrx_word' id='word_1_512' title='bbox 131 4129 207 4179; x_wconf 81' lang='lat' dir='ltr'>dedit.</span> <span class='ocrx_word' id='word_1_513' title='bbox 220 4160 253 4172; x_wconf 93' lang='lat'>-</span> <span class='ocrx_word' id='word_1_514' title='bbox 825 4141 942 4192; x_wconf 70' lang='lat' dir='ltr'>Phoebum</span> <span class='ocrx_word' id='word_1_515' title='bbox 962 4141 1057 4192; x_wconf 80' lang='lat' dir='ltr'>ominus</span> <span class='ocrx_word' id='word_1_516' title='bbox 1073 4139 1235 4203; x_wconf 78' lang='lat' dir='ltr'>iaculantem,</span> <span class='ocrx_word' id='word_1_517' title='bbox 1252 4144 1332 4191; x_wconf 79' lang='lat' dir='ltr'>vatem</span> <span class='ocrx_word' id='word_1_518' title='bbox 1347 4145 1429 4205; x_wconf 87' lang='lat' dir='ltr'>proooi</span> <span class='ocrx_word' id='word_1_519' title='bbox 1447 4156 1531 4194; x_wconf 75' lang='lat' dir='ltr'>omnes</span> <span class='ocrx_word' id='word_1_520' title='bbox 1543 4157 1611 4194; x_wconf 81' lang='lat' dir='ltr'>omo·</span> 
     </span>
    </p>

    <p class='ocr_par' dir='ltr' id='par_1_21' title="bbox 4 4209 1698 4380">
     <span class='ocr_line' id='line_1_76' title="bbox 4 4209 1611 4295; baseline 0.011 -33"><span class='ocrx_word' id='word_1_521' title='bbox 4 4209 75 4266; x_wconf 78' lang='lat' dir='ltr'>Quum</span> <span class='ocrx_word' id='word_1_522' title='bbox 86 4227 154 4264; x_wconf 77' lang='lat' dir='ltr'>renea</span> <span class='ocrx_word' id='word_1_523' title='bbox 168 4216 681 4288; x_wconf 73' lang='lat' dir='ltr'>cymmieoooopimotettympmnoonoro.</span> <span class='ocrx_word' id='word_1_524' title='bbox 1481 4229 1611 4295; x_wconf 81' lang='lat' dir='ltr'>[ventem.</span> 
     </span>
     <span class='ocr_line' id='line_1_77' title="bbox 330 4314 1698 4380; baseline 0.004 -15"><span class='ocrx_word' id='word_1_525' title='bbox 330 4319 444 4370; x_wconf 82' lang='lat' dir='ltr'><strong>xxvnl.</strong></span> <span class='ocrx_word' id='word_1_526' title='bbox 826 4314 967 4366; x_wconf 83' lang='lat' dir='ltr'>morborum</span> <span class='ocrx_word' id='word_1_527' title='bbox 984 4315 1104 4366; x_wconf 83' lang='lat' dir='ltr'>modicum</span> <span class='ocrx_word' id='word_1_528' title='bbox 1123 4317 1304 4380; x_wconf 72' lang='lat' dir='ltr'>AEscuiupiurm</span> <span class='ocrx_word' id='word_1_529' title='bbox 1318 4331 1395 4368; x_wconf 89' lang='lat' dir='ltr'>unum</span> <span class='ocrx_word' id='word_1_530' title='bbox 1413 4319 1567 4370; x_wconf 80' lang='lat' dir='ltr'>hoeeornnin.</span> <span class='ocrx_word' id='word_1_531' title='bbox 1580 4349 1611 4361; x_wconf 94' lang='lat'><em>-</em></span> <span class='ocrx_word' id='word_1_532' title='bbox 1697 4337 1698 4340; x_wconf 43' lang='lat'>¹</span> 
     </span>
    </p>

    <p class='ocr_par' dir='ltr' id='par_1_22' title="bbox 1 4404 1609 4479">
     <span class='ocr_line' id='line_1_78' title="bbox 1 4404 1609 4479; baseline 0.001 -24"><span class='ocrx_word' id='word_1_533' title='bbox 1 4405 124 4461; x_wconf 73' lang='grc' dir='ltr'>Ιααιήοτ</span> <span class='ocrx_word' id='word_1_534' title='bbox 137 4411 424 4476; x_wconf 64' lang='lat' dir='ltr'>intorproe,0u0010fum</span> <span class='ocrx_word' id='word_1_535' title='bbox 435 4421 594 4479; x_wconf 48' lang='lat' dir='ltr'>„unumst</span> <span class='ocrx_word' id='word_1_536' title='bbox 825 4404 921 4466; x_wconf 82' lang='lat' dir='ltr'>Jupiter</span> <span class='ocrx_word' id='word_1_537' title='bbox 929 4416 987 4454; x_wconf 79' lang='lat' dir='ltr'>vero</span> <span class='ocrx_word' id='word_1_538' title='bbox 996 4405 1103 4455; x_wconf 87' lang='lat' dir='ltr'>omniurn</span> <span class='ocrx_word' id='word_1_539' title='bbox 1115 4405 1219 4456; x_wconf 80' lang='lat' dir='ltr'>ostdeur</span> <span class='ocrx_word' id='word_1_540' title='bbox 1228 4407 1385 4470; x_wconf 84' lang='lat' dir='ltr'>omniumque</span> <span class='ocrx_word' id='word_1_541' title='bbox 1395 4409 1507 4462; x_wconf 70' lang='lat' dir='ltr'>mixture</span> <span class='ocrx_word' id='word_1_542' title='bbox 1515 4412 1609 4466; x_wconf 75' lang='lat' dir='ltr'>auctor,</span> 
     </span>
    </p>

    <p class='ocr_par' dir='ltr' id='par_1_23' title="bbox 4 4492 1378 4577">
     <span class='ocr_line' id='line_1_79' title="bbox 4 4492 1378 4577; baseline 0.003 -35"><span class='ocrx_word' id='word_1_543' title='bbox 4 4497 110 4561; x_wconf 63' lang='lat' dir='ltr'>nympha</span> <span class='ocrx_word' id='word_1_544' title='bbox 121 4514 186 4564; x_wconf 56' lang='lat' dir='ltr'>aqua</span> <span class='ocrx_word' id='word_1_545' title='bbox 193 4539 202 4565; x_wconf 71' lang='lat'>‚</span> <span class='ocrx_word' id='word_1_546' title='bbox 213 4503 275 4566; x_wconf 68' lang='lat' dir='ltr'>igni,</span> <span class='ocrx_word' id='word_1_547' title='bbox 286 4506 426 4569; x_wconf 55' lang='lat' dir='ltr'>vamum,</span> <span class='ocrx_word' id='word_1_548' title='bbox 443 4509 591 4560; x_wconf 50' lang='lat' dir='ltr'><strong>frumentum</strong></span> <span class='ocrx_word' id='word_1_549' title='bbox 607 4492 696 4577; x_wconf 50' lang='lat'>03¹0⁸3</span> <span class='ocrx_word' id='word_1_550' title='bbox 824 4493 902 4543; x_wconf 82' lang='lat' dir='ltr'>ventio</span> <span class='ocrx_word' id='word_1_551' title='bbox 913 4493 1015 4543; x_wconf 77' lang='lat' dir='ltr'>stridens</span> <span class='ocrx_word' id='word_1_552' title='bbox 1024 4493 1136 4558; x_wconf 77' lang='lat' dir='ltr'>sonisque</span> <span class='ocrx_word' id='word_1_553' title='bbox 1146 4494 1196 4545; x_wconf 79' lang='lat' dir='ltr'>aeri</span> <span class='ocrx_word' id='word_1_554' title='bbox 1212 4495 1334 4546; x_wconf 57' lang='lat' dir='ltr'>immixtis</span> <span class='ocrx_word' id='word_1_555' title='bbox 1346 4521 1378 4532; x_wconf 93' lang='lat'>-</span> 
     </span>
    </p>

    <p class='ocr_par' dir='ltr' id='par_1_24' title="bbox 4 4579 1490 4682">
     <span class='ocr_line' id='line_1_80' title="bbox 4 4579 1490 4682; baseline 0.001 -52"><span class='ocrx_word' id='word_1_556' title='bbox 4 4588 98 4638; x_wconf 72' lang='lat' dir='ltr'>dmm</span> <span class='ocrx_word' id='word_1_557' title='bbox 110 4591 242 4653; x_wconf 64' lang='lat' dir='ltr'>neptunu,</span> <span class='ocrx_word' id='word_1_558' title='bbox 252 4605 370 4657; x_wconf 52' lang='lat' dir='ltr'>magnus,</span> <span class='ocrx_word' id='word_1_559' title='bbox 384 4597 474 4646; x_wconf 56' lang='lat' dir='ltr'>imm</span> <span class='ocrx_word' id='word_1_560' title='bbox 487 4599 605 4660; x_wconf 47' lang='lat' dir='ltr'>(puppem,</span> <span class='ocrx_word' id='word_1_561' title='bbox 824 4579 865 4630; x_wconf 76' lang='lat' dir='ltr'>Sir</span> <span class='ocrx_word' id='word_1_562' title='bbox 877 4579 1001 4629; x_wconf 72' lang='lat' dir='ltr'>harmonio</span> <span class='ocrx_word' id='word_1_563' title='bbox 1014 4582 1156 4641; x_wconf 75' lang='lat' dir='ltr'>Musarum,</span> <span class='ocrx_word' id='word_1_564' title='bbox 1172 4582 1259 4645; x_wconf 83' lang='lat' dir='ltr'>quibus</span> <span class='ocrx_word' id='word_1_565' title='bbox 1271 4595 1361 4646; x_wconf 77' lang='lat' dir='ltr'>orgum</span> <span class='ocrx_word' id='word_1_566' title='bbox 1372 4585 1458 4633; x_wconf 80' lang='lat' dir='ltr'>cuncto</span> <span class='ocrx_word' id='word_1_567' title='bbox 1484 4669 1490 4682; x_wconf 30' lang='grc' dir='ltr'>α</span> 
     </span>
    </p>

    <p class='ocr_par' dir='ltr' id='par_1_25' title="bbox 4 4668 1503 4754">
     <span class='ocr_line' id='line_1_81' title="bbox 4 4668 1503 4754; baseline 0.002 -37"><span class='ocrx_word' id='word_1_568' title='bbox 4 4672 127 4726; x_wconf 71' lang='lat' dir='ltr'>Achenum</span> <span class='ocrx_word' id='word_1_569' title='bbox 139 4677 241 4740; x_wconf 65' lang='lat' dir='ltr'>quidem</span> <span class='ocrx_word' id='word_1_570' title='bbox 250 4681 315 4730; x_wconf 66' lang='lat' dir='ltr'>nm</span> <span class='ocrx_word' id='word_1_571' title='bbox 322 4717 331 4743; x_wconf 64' lang='lat'><strong><em>‚</em></strong></span> <span class='ocrx_word' id='word_1_572' title='bbox 340 4694 388 4744; x_wconf 61' lang='lat' dir='ltr'>pu</span> <span class='ocrx_word' id='word_1_573' title='bbox 397 4685 478 4734; x_wconf 59' lang='lat' dir='ltr'>mem</span> <span class='ocrx_word' id='word_1_574' title='bbox 487 4687 571 4736; x_wconf 62' lang='lat' dir='ltr'>penu,</span> <span class='ocrx_word' id='word_1_575' title='bbox 582 4689 626 4738; x_wconf 35' lang='grc' dir='ltr'>,χο</span> <span class='ocrx_word' id='word_1_576' title='bbox 823 4669 978 4730; x_wconf 74' lang='lat' dir='ltr'>Mnemosyne</span> <span class='ocrx_word' id='word_1_577' title='bbox 988 4668 1097 4716; x_wconf 88' lang='lat' dir='ltr'>omnium</span> <span class='ocrx_word' id='word_1_578' title='bbox 1109 4669 1215 4730; x_wconf 85' lang='lat' dir='ltr'>primum</span> <span class='ocrx_word' id='word_1_579' title='bbox 1230 4669 1312 4754; x_wconf 84' lang='lat' dir='ltr'>dedii,</span> <span class='ocrx_word' id='word_1_580' title='bbox 1325 4683 1374 4721; x_wconf 91' lang='lat' dir='ltr'>non</span> <span class='ocrx_word' id='word_1_581' title='bbox 1391 4673 1503 4734; x_wconf 81' lang='lat' dir='ltr'>uppumt</span> 
     </span>
    </p>

    <p class='ocr_par' dir='ltr' id='par_1_26' title="bbox 2 4745 1466 4835">
     <span class='ocr_line' id='line_1_82' title="bbox 2 4745 1466 4835; baseline 0.003 -31"><span class='ocrx_word' id='word_1_582' title='bbox 2 4757 80 4810; x_wconf 67' lang='lat' dir='ltr'>inum</span> <span class='ocrx_word' id='word_1_583' title='bbox 93 4763 160 4826; x_wconf 69' lang='lat' dir='ltr'>quod</span> <span class='ocrx_word' id='word_1_584' title='bbox 177 4769 260 4818; x_wconf 66' lang='lat' dir='ltr'>amm</span> <span class='ocrx_word' id='word_1_585' title='bbox 270 4767 303 4816; x_wconf 69' lang='grc' dir='ltr'>ηις</span> <span class='ocrx_word' id='word_1_586' title='bbox 314 4745 608 4835; x_wconf 54' lang='lat' dir='ltr'>Mmjnffiqne&#39;momm,</span> <span class='ocrx_word' id='word_1_587' title='bbox 823 4751 866 4804; x_wconf 78' lang='lat' dir='ltr'>sod</span> <span class='ocrx_word' id='word_1_588' title='bbox 879 4755 976 4815; x_wconf 77' lang='lat' dir='ltr'>tenpus</span> <span class='ocrx_word' id='word_1_589' title='bbox 988 4765 1042 4803; x_wconf 80' lang='lat' dir='ltr'>eam</span> <span class='ocrx_word' id='word_1_590' title='bbox 1055 4753 1176 4806; x_wconf 80' lang='lat' dir='ltr'>oblivione</span> <span class='ocrx_word' id='word_1_591' title='bbox 1189 4754 1278 4805; x_wconf 78' lang='lat' dir='ltr'>delevit</span> <span class='ocrx_word' id='word_1_592' title='bbox 1289 4763 1312 4808; x_wconf 86' lang='lat' dir='ltr'>et</span> <span class='ocrx_word' id='word_1_593' title='bbox 1326 4759 1466 4810; x_wconf 73' lang='lat' dir='ltr'>occultavit.</span> 
     </span>
    </p>
   </div>
   <div class='ocr_carea' id='block_1_18' title="bbox 4 4843 1606 5014">
    <p class='ocr_par' dir='ltr' id='par_1_27' title="bbox 4 4843 1606 5014">
     <span class='ocr_line' id='line_1_83' title="bbox 4 4843 1606 4918; baseline 0.001 -22"><span class='ocrx_word' id='word_1_594' title='bbox 4 4849 55 4904; x_wconf 76' lang='lat' dir='ltr'>qnod</span> <span class='ocrx_word' id='word_1_595' title='bbox 75 4851 223 4901; x_wconf 73' lang='lat' dir='ltr'>mortalibus</span> <span class='ocrx_word' id='word_1_596' title='bbox 237 4852 329 4906; x_wconf 82' lang='lat' dir='ltr'>invenit</span> <span class='ocrx_word' id='word_1_597' title='bbox 342 4858 513 4918; x_wconf 70' lang='lat' dir='ltr'>egritudinum</span> <span class='ocrx_word' id='word_1_598' title='bbox 527 4863 636 4912; x_wconf 86' lang='lat' dir='ltr'>omnium</span> <span class='ocrx_word' id='word_1_599' title='bbox 652 4862 776 4914; x_wconf 79' lang='lat' dir='ltr'>levamen-</span> <span class='ocrx_word' id='word_1_600' title='bbox 824 4845 894 4895; x_wconf 58' lang='grc' dir='ltr'>ΝΜ</span> <span class='ocrx_word' id='word_1_601' title='bbox 906 4844 989 4894; x_wconf 57' lang='lat' dir='ltr'><strong>&#39;utem</strong></span> <span class='ocrx_word' id='word_1_602' title='bbox 1003 4847 1067 4894; x_wconf 55' lang='grc' dir='ltr'>Τέω</span> <span class='ocrx_word' id='word_1_603' title='bbox 1084 4856 1113 4893; x_wconf 73' lang='lat'>³⁰</span> <span class='ocrx_word' id='word_1_604' title='bbox 1131 4843 1261 4909; x_wconf 76' lang='lat' dir='ltr'>direipnnae</span> <span class='ocrx_word' id='word_1_605' title='bbox 1279 4846 1391 4911; x_wconf 77' lang='lat' dir='ltr'>legesque</span> <span class='ocrx_word' id='word_1_606' title='bbox 1408 4851 1433 4899; x_wconf 84' lang='lat' dir='ltr'>et</span> <span class='ocrx_word' id='word_1_607' title='bbox 1452 4861 1606 4913; x_wconf 77' lang='lat' dir='ltr'>quecunque</span> 
     </span>
     <span class='ocr_line' id='line_1_84' title="bbox 5 4927 1605 5014; baseline 0.01 -45"><span class='ocrx_word' id='word_1_608' title='bbox 5 4927 397 5002; x_wconf 55' lang='lat' dir='ltr'>oufifflngnjonyfm,1aeflp3m</span> <span class='ocrx_word' id='word_1_609' title='bbox 408 4947 639 5000; x_wconf 58' lang='lat' dir='ltr'>moffflffbmmuffl</span> <span class='ocrx_word' id='word_1_610' title='bbox 706 4952 776 5014; x_wconf 60' lang='lat' dir='ltr'>[pum</span> <span class='ocrx_word' id='word_1_611' title='bbox 822 4943 906 4982; x_wconf 72' lang='lat' dir='ltr'>omnes</span> <span class='ocrx_word' id='word_1_612' title='bbox 917 4931 1032 4982; x_wconf 79' lang='lat' dir='ltr'>memorii</span> <span class='ocrx_word' id='word_1_613' title='bbox 1047 4931 1263 4986; x_wconf 79' lang='lat' dir='ltr'>custodiunturah</span> <span class='ocrx_word' id='word_1_614' title='bbox 1277 4935 1424 4988; x_wconf 78' lang='lat' dir='ltr'>hominibus.</span> <span class='ocrx_word' id='word_1_615' title='bbox 1473 4936 1605 4999; x_wconf 77' lang='lat' dir='ltr'>[sunites.</span> 
     </span>
    </p>
   </div>
   <div class='ocr_carea' id='block_1_19' title="bbox 5 5020 1451 5193">
    <p class='ocr_par' dir='ltr' id='par_1_28' title="bbox 5 5020 1451 5193">
     <span class='ocr_line' id='line_1_85' title="bbox 5 5020 1266 5091; baseline 0.013 -17"><span class='ocrx_word' id='word_1_616' title='bbox 5 5020 282 5091; x_wconf 57' lang='lat' dir='ltr'>ornamentumque</span> <span class='ocrx_word' id='word_1_617' title='bbox 293 5029 410 5082; x_wconf 78' lang='lat' dir='ltr'>oonvivi&#39;o</span> <span class='ocrx_word' id='word_1_618' title='bbox 422 5033 498 5085; x_wconf 75' lang='lat' dir='ltr'>odori.</span> <span class='ocrx_word' id='word_1_619' title='bbox 1177 5035 1266 5084; x_wconf 78' lang='lat' dir='ltr'><strong>XXIX·</strong></span> 
     </span>
     <span class='ocr_line' id='line_1_86' title="bbox 5 5111 1451 5193; baseline 0.011 -30"><span class='ocrx_word' id='word_1_620' title='bbox 5 5111 27 5158; x_wconf 76' lang='lat' dir='ltr'>it</span> <span class='ocrx_word' id='word_1_621' title='bbox 34 5115 133 5166; x_wconf 80' lang='lat' dir='ltr'>rhemis</span> <span class='ocrx_word' id='word_1_622' title='bbox 144 5128 201 5178; x_wconf 73' lang='lat' dir='ltr'>qun</span> <span class='ocrx_word' id='word_1_623' title='bbox 212 5119 307 5168; x_wconf 77' lang='lat' dir='ltr'>mnodo</span> <span class='ocrx_word' id='word_1_624' title='bbox 314 5119 370 5181; x_wconf 76' lang='lat' dir='ltr'>iore</span> <span class='ocrx_word' id='word_1_625' title='bbox 381 5119 466 5172; x_wconf 85' lang='lat' dir='ltr'>reddit.</span> <span class='ocrx_word' id='word_1_626' title='bbox 823 5131 881 5181; x_wconf 76' lang='lat' dir='ltr'>ileo</span> <span class='ocrx_word' id='word_1_627' title='bbox 891 5129 956 5180; x_wconf 84' lang='lat' dir='ltr'>enim</span> <span class='ocrx_word' id='word_1_628' title='bbox 972 5127 1144 5180; x_wconf 80' lang='lat' dir='ltr'>immortalium</span> <span class='ocrx_word' id='word_1_629' title='bbox 1158 5130 1266 5180; x_wconf 84' lang='lat' dir='ltr'>omniurn</span> <span class='ocrx_word' id='word_1_630' title='bbox 1280 5130 1405 5193; x_wconf 71' lang='lat' dir='ltr'>aptissimo</span> <span class='ocrx_word' id='word_1_631' title='bbox 1415 5134 1451 5180; x_wconf 84' lang='lat' dir='ltr'>est</span> 
     </span>
    </p>
   </div>
   <div class='ocr_carea' id='block_1_20' title="bbox 5 5195 1590 5396">
    <p class='ocr_par' dir='ltr' id='par_1_29' title="bbox 5 5195 1590 5396">
     <span class='ocr_line' id='line_1_87' title="bbox 5 5195 1590 5288; baseline -0.002 -15"><span class='ocrx_word' id='word_1_632' title='bbox 5 5195 29 5248; x_wconf 71' lang='lat'>⁵⁰¹</span> <span class='ocrx_word' id='word_1_633' title='bbox 39 5217 114 5267; x_wconf 58' lang='lat' dir='ltr'>‘luem</span> <span class='ocrx_word' id='word_1_634' title='bbox 128 5205 362 5270; x_wconf 54' lang='lat' dir='ltr'>”mmmmm</span> <span class='ocrx_word' id='word_1_635' title='bbox 375 5219 432 5259; x_wconf 56' lang='grc' dir='ltr'>θέω</span> <span class='ocrx_word' id='word_1_636' title='bbox 442 5209 576 5276; x_wconf 59' lang='lat' dir='ltr'>mitium,</span> <span class='ocrx_word' id='word_1_637' title='bbox 809 5217 855 5288; x_wconf 81' lang='lat' dir='ltr'>¹ud</span> <span class='ocrx_word' id='word_1_638' title='bbox 870 5216 1043 5283; x_wconf 76' lang='lat' dir='ltr'>percurrendos</span> <span class='ocrx_word' id='word_1_639' title='bbox 1054 5217 1130 5281; x_wconf 77' lang='lat' dir='ltr'>tetur,</span> <span class='ocrx_word' id='word_1_640' title='bbox 1140 5219 1165 5272; x_wconf 84' lang='lat' dir='ltr'>et</span> <span class='ocrx_word' id='word_1_641' title='bbox 1175 5219 1206 5268; x_wconf 77' lang='lat' dir='ltr'>od</span> <span class='ocrx_word' id='word_1_642' title='bbox 1217 5217 1347 5270; x_wconf 83' lang='lat' dir='ltr'>imiioiun</span> <span class='ocrx_word' id='word_1_643' title='bbox 1359 5218 1418 5271; x_wconf 75' lang='lat' dir='ltr'>orire</span> <span class='ocrx_word' id='word_1_644' title='bbox 1432 5219 1590 5270; x_wconf 78' lang='lat' dir='ltr'>urcundum</span> 
     </span>
     <span class='ocr_line' id='line_1_88' title="bbox 1489 5313 1523 5359; baseline 0.088 -3"><span class='ocrx_word' id='word_1_645' title='bbox 1489 5313 1523 5359; x_wconf 74' lang='lat' dir='ltr'>I2</span> 
     </span>
     <span class='ocr_line' id='line_1_89' title="bbox 1560 5365 1578 5396; baseline 0 0"><span class='ocrx_word' id='word_1_646' title='bbox 1560 5365 1578 5396; x_wconf 68' lang='grc' dir='ltr'><em>Ο</em></span> 
     </span>
    </p>
   </div>
   <div class='ocr_carea' id='block_1_21' title="bbox 0 0 1892 5926">
    <p class='ocr_par' dir='ltr' id='par_1_30' title="bbox 0 0 1892 5926">
     <span class='ocr_line' id='line_1_90' title="bbox 0 0 1892 5926; baseline 0 4"><span class='ocrx_word' id='word_1_647' title='bbox 0 0 1892 5926; x_wconf 95' lang='lat' dir='ltr'> </span> 
     </span>
    </p>
   </div>
  </div>
 </body>
</html>
