3740 5916
117 373 120 380 ’
215 417 272 468 τοι
310 430 314 438 ·
823 410 1070 482 saisrossars
1095 415 1207 476 arasa

214 537 348 618 βίλτιοτον
362 536 456 615 λέγων.
498 538 538 599 Οὐ
550 536 746 600 δοκεῑθίτοῦτο
759 540 882 602 serbabi
903 543 992 622 νόμον,
1022 543 1099 625 ’πρὸς
1120 547 1206 626 ἕτερον
1227 545 1300 604 οὐδὲν
1314 545 1346 605 ἂν
1360 545 1458 608 κωλθοι
1472 547 1557 628 μὴτῇ
1580 551 1663 609 αὐτοῦ
1687 549 1822 631 ἐπιεικείᾳ

214 624 283 684 ἀλλὰ
296 623 380 685 πολλὰ
394 624 524 705 κρείττους
538 616 605 686 εἶναι
627 626 749 698 ἀλλήλων
767 629 790 688 oi
806 630 866 688 θεοί·
882 632 928 689 οὐκ
946 622 990 690 οὖν
1034 634 1080 690 καί
1092 632 1168 713 ῥώμῃ
1176 633 1321 712 ὑπερέχειν,
1330 635 1450 694 aliaest
1457 636 1504 709 τὴν
1512 642 1564 696 τῶν
1574 637 1662 696 ἄλλων
1669 637 1851 703 dubiosum

173 733 200 773 au
213 715 242 772 ἔκ
253 721 299 774 τοῦ
312 716 445 784 δοκοῦντος
455 714 543 796 εἴληφε
557 715 654 786 ταύτην
666 716 735 777 κατὰ
746 723 791 776 τοῦ
803 721 860 778 θεοῦ
870 717 918 790 τὴν
929 723 991 795 ὁμο·
1034 719 1115 781 Θέλοι
1128 722 1150 779 δ’
1166 721 1197 778 ἂν
1207 722 1289 786 οὐδεὶς
1300 720 1367 780 οὕτω
1376 721 1420 782 τὸν
1432 723 1489 782 θεὸν
1498 723 1578 803 quivas
1590 725 1734 804 κράτιστον
1747 717 1822 800 εἶναι,

212 800 314 877 λογίαν.
355 802 395 862 'sb
410 801 436 860 δὲ
458 803 596 882 κράτιστον
618 794 684 864 εἶναι
704 805 748 864 τὸν
773 805 828 865 θεὸν
842 808 892 886 οὐχ
911 805 991 872 οὕτως
1035 807 1092 866 ἀλλ’
1109 805 1149 866 ὅτι
1169 808 1246 874 αὐτὸς
1265 807 1320 886 ἔχει
1334 811 1368 874 ὡς
1382 799 1434 868 οἶόν
1451 833 1481 870 τε
1495 811 1603 884 ἄριστα,
1618 811 1664 870 καλ
1681 811 1760 872 οὐδὲν
1774 815 1821 871 ἔλ-

212 887 407 964 ὑπολαμθοίνων
418 889 543 966 λέγειτις,
557 893 592 958 ὡς
606 891 669 969 πρὸς
679 892 743 950 ἄλλο
755 915 780 950 τι
791 891 991 965 τοιαύτηήτοῧ
1034 891 1172 952 betusiani
1187 884 1215 952 si
1231 893 1277 952 asi
1293 897 1379 963 καλῶς
1392 895 1461 974 ἔχειν
1480 898 1564 976 αὐτῷ·
1579 897 1638 974 ἅμα
1650 897 1705 976 plp
1732 902 1822 963 καλῶς

212 981 270 1034 θεοῦ
288 975 372 1058 φύσις,
386 977 454 1036 ἀλλὰ
467 977 530 1058 πρὸς
542 977 589 1050 aris
602 981 679 1038 αὐτοῦ
703 979 828 1058 διάθεσιν,
844 979 901 1041 irtel
918 981 949 1041 τό
961 1004 991 1058 γε
1034 979 1121 1059 ἔχοντι
1132 984 1237 1040 κάκεῖνο
1249 979 1280 1040 in
1294 981 1443 1058 ουμιὸαίνοι.
1483 983 1563 1044 Οὕτω
1576 985 1603 1044 δὲ
1614 987 1768 1044 διοικεῖσθαι
1777 986 1821 1044 καὶ

188 1174 191 1180 ’
243 1165 512 1214 remittenturque
527 1165 806 1226 κατὰτὸννόμαν,ἀλλὰ
821 1167 897 1215 πολλὰ
914 1167 990 1230 κρείτ·
1035 1167 1106 1228 uulgo
1120 1169 1228 1218 ίιοιιιῐοεε
1239 1167 1284 1218 hae
1293 1169 1324 1219 de
1341 1182 1368 1218 re
1379 1171 1484 1220 sentiant
1496 1177 1521 1220 et
1538 1171 1595 1234 quid
1616 1172 1779 1233 ipseindicet
1793 1174 1822 1222 si·

210 1249 264 1289 τους
277 1234 336 1282 εἶναι
350 1235 455 1289 ἀλλήλων
467 1237 488 1282 et
504 1235 559 1284 θεαί.
575 1235 714 1284 ltarslenius
727 1234 757 1282 de
778 1237 889 1298 Xenopb.
905 1249 929 1296 p.
948 1241 990 1286 lta
1034 1237 1149 1299 guibeare
1167 1239 1229 1288 rull.
1244 1241 1396 1300 Quapropter
1408 1241 1550 1290 llarstenius
1563 1241 1700 1303 ooajererat
1711 1244 1821 1302 ὑπολαμ-

212 1304 274 1352 iuter
288 1303 347 1352 title
361 1305 387 1352 et
401 1305 477 1353 πολλὰ
490 1305 563 1354 inseri
579 1305 630 1354 rull
655 1305 725 1353 κατὰ.
743 1306 844 1354 Fallitur
859 1307 991 1356 Felieiarnra
1034 1309 1127 1357 θείνεται
1137 1324 1145 1367 ;
1156 1308 1231 1370 possis
1243 1308 1312 1356 etiam
1324 1309 1494 1370 melopaeiam
1506 1313 1567 1371 λέγει
1582 1327 1616 1366 τις
1630 1307 1760 1371 suspiea'ri.
1774 1313 1820 1360 sed

211 1370 273 1420 lrana
291 1373 480 1422 enuntiationem
496 1374 529 1422 ita
542 1373 718 1436 interpretans:
736 1393 748 1416 ι
759 1374 785 1422 ld
801 1378 882 1424 autem
894 1389 923 1424 ea
941 1375 991 1436 lege
1034 1377 1093 1426 bene
1106 1377 1216 1439 Bergliius
1228 1378 1255 1427 τό
1267 1394 1295 1439 γε
1309 1378 1364 1441 πρὸς
1377 1379 1451 1442 ἕτερον
1465 1381 1556 1441 posuit,
1572 1381 1613 1430 ubi
1625 1394 1640 1429 e
1651 1383 1820 1441 superioribus

211 1443 310 1492 minime
328 1445 431 1504 videtur,
447 1443 526 1492 sedin
549 1445 630 1493 mullis
647 1445 823 1506 praestantiores
840 1457 891 1493 sese
905 1449 989 1494 mutim
1034 1447 1187 1508 repetendum
1199 1447 1307 1503 sosatii-qv
1323 1452 1363 1494 τοῦ
1375 1448 1428 1496 θεοῦ
1446 1449 1504 1496 εἶναι
1515 1449 1590 1508 φύσιν.
1612 1451 1760 1499 Karstenius
1775 1451 1818 1512 leg

211 1525 265 1562 ease
274 1513 306 1562 dli
316 1513 439 1562 dicuntur.
454 1534 465 1558 ν
477 1517 536 1563 llam
545 1516 606 1580 κατα
614 1513 685 1577 νόμον
698 1515 737 1563 hic
746 1529 793 1564 non
805 1515 869 1565 valet
880 1527 914 1564 ex
928 1515 989 1577 tepr,
1031 1514 1134 1575 jusserat
1146 1533 1153 1562 ι
1165 1514 1184 1562 st
1197 1515 1240 1579 γὰρ
1247 1521 1316 1564 τοῦτο
1326 1517 1335 1575 (
1344 1515 1393 1564 seit.
1406 1517 1509 1577 λέγοιτο)
1519 1518 1575 1579 πρὸς
1584 1519 1674 1580 ἕτερον,
1687 1519 1758 1580 qnod
1771 1533 1818 1568 non

211 1583 252 1631 sed
266 1595 299 1632 ese
312 1585 417 1644 sulpuri
428 1585 557 1645 opinione,
572 1587 603 1634 el.
619 1585 747 1634 Democrit.
766 1584 874 1645 iragmm.
894 1598 918 1646 p.
934 1589 988 1644 aut,
1035 1584 1255 1644 praestruentes
1275 1599 1288 1632 e
1309 1583 1363 1632 cod.
1383 1586 1498 1646 lipsiensi
1518 1587 1615 1635 ἐλλείπει
1637 1587 1758 1647 berellae
1777 1603 1818 1647 pro

212 1655 271 1712 abit,
283 1652 369 1702 deinde
380 1653 410 1701 ad
423 1655 469 1702 θεοὶ
486 1653 678 1705 subandiendum
690 1656 799 1714 δοκοῦσι,
813 1653 878 1718 quod
895 1657 989 1704 llarsle·
1034 1652 1132 1701 ἐκλείπει
1145 1654 1264 1714 restitnit,
1275 1667 1353 1716 neque
1366 1657 1446 1704 tamen
1463 1655 1487 1704 iu
1503 1657 1658 1718 sequentibus
1670 1659 1739 1719 αὐτῷ
1752 1659 1817 1718 quod

210 1721 266 1770 nius
276 1722 326 1783 jam
342 1723 486 1772 observavit.
1034 1735 1062 1769 es
1076 1722 1173 1770 ἐλλείπει
1181 1729 1264 1784 aptum
1278 1729 1315 1772 est
1325 1723 1382 1772 satis
1396 1727 1460 1774 serta
1468 1725 1606 1785 oonjeelura
1615 1726 1640 1774 iu
1654 1727 1729 1775 αὐτόν
1740 1731 1819 1776 muta·

242 1797 280 1841 29.
293 1793 338 1841 οὐκ
350 1791 390 1842 οὖν
403 1792 480 1841 tarot
494 1793 615 1848 δοκοῦντος
631 1793 802 1854 ιίληφιταθτην
812 1793 873 1843 κατὰ
883 1797 925 1842 τοῦ
937 1795 989 1842 θεοῦ
1034 1793 1084 1851 att,
1097 1805 1173 1854 quum
1197 1793 1235 1841 ille
1251 1793 1347 1842 datisne
1367 1793 1421 1842 lieet
1436 1794 1506 1855 parato
1522 1795 1635 1844 remotior
1653 1795 1685 1843 ab
1704 1809 1735 1846 εο
1753 1797 1818 1848 uude

210 1860 442 1924 τὴνθμαλογίαν.ίίο
459 1861 647 1912 Belleruscum
663 1863 783 1924 plerisque
799 1863 989 1923 rodd.;ltarste-
1033 1863 1120 1925 pendet
1139 1865 1213 1914 verbo
1232 1864 1348 1914 similione
1368 1864 1485 1925 exemptio
1503 1867 1610 1914 excusari
1630 1871 1714 1927 queas.
1745 1867 1818 1922 Quod

210 1931 266 1979 utne
286 1943 310 1992 p.
324 1934 367 1980 ltu
381 1931 537 1988 ιιιοΙυταιίεην
555 1931 616 1980 κατὰ
632 1937 674 1980 τοῦ
689 1933 741 1982 θεοῦ
759 1933 892 1992 ὁμολογίαν.
911 1935 942 1981 at
963 1933 987 1980 lu
1033 1939 1112 1988 aulem
1130 1937 1271 1985 Karstenius
1290 1936 1345 1996 post
1363 1935 1463 1984 ἐλλείπει
1476 1935 1569 1998 sperari
1585 1935 1663 1985 soluit
1674 1937 1715 1998 pai
1729 1935 1757 1984 εὖ
1778 1939 1818 1986 καὶ

209 1997 326 2059 lipsiensi
342 1997 457 2060 reperitur
469 1999 554 2056 ταύτην
565 2005 606 2048 τοῦ
615 2001 668 2048 θεοῦ
677 2003 719 2058 τήν
726 2001 864 2062 ὁμολογίαν,
877 1999 942 2060 quod
955 2013 988 2048 re·
1033 2007 1110 2060 καλῶς
1124 2018 1168 2066 pro
1178 2006 1217 2054 καί
1233 2004 1260 2054 ab
1277 2005 1318 2052 καί
1329 2005 1422 2064 καλῶς,
1442 2004 1466 2052 id
1482 2017 1496 2052 a
1512 2005 1629 2054 sententia
1642 2005 1770 2056 abhorret.
1788 2008 1818 2056 ln

209 2066 366 2127 pudiaudum.
383 2070 465 2129 ltaque
482 2068 546 2116 enim
558 2069 642 2118 abesse
657 2073 734 2129 potest
749 2071 885 2132 praepositio
902 2083 931 2120 eo
947 2071 993 2138 qni
1032 2075 1145 2124 extremis
1156 2087 1205 2124 roa
1218 2073 1422 2138 qupdaisosdueta
1432 2077 1468 2122 est
1481 2086 1496 2123 e
1507 2073 1561 2122 eod.
1570 2073 1687 2136 lipsiensi
1700 2076 1733 2123 ad
1743 2088 1816 2137 quam

208 2135 247 2184 lrir
271 2137 403 2199 requiritur
423 2149 513 2197 sensu,
532 2151 604 2199 quern
620 2139 643 2188 in
663 2140 728 2188 liuns
756 2140 855 2189 sinodum
877 2141 989 2202 exprimit
1033 2145 1175 2206 scripturam
1185 2142 1493 2206 prosimeseaeditquode
1507 2141 1679 2193 duobuslibrls
1693 2145 1817 2194 llelslserus

208 2207 360 2256 Felisiauusa
378 2225 390 2249 ι
406 2220 453 2256 non
472 2209 543 2270 igitur
568 2221 599 2257 ex
618 2221 647 2258 eo
667 2209 732 2270 qnod
759 2210 855 2260 ridetur
878 2210 940 2259 hana
958 2211 989 2260 de
1033 2213 1139 2262 enotavit
1152 2215 1194 2274 qui
1205 2214 1319 2262 mendose
1332 2211 1453 2272 συμΰαίνει
1463 2211 1586 2262 exhibent.
1598 2212 1701 2272 lieliqua
1711 2227 1764 2262 noo
1775 2228 1816 2264 er·

207 2275 253 2324 deo
266 2277 443 2326 consensionem
455 2277 551 2327 sumsit.
565 2297 577 2320 a
592 2278 661 2327 lllultl
673 2285 755 2328 autem
772 2281 834 2342 apud
851 2281 987 2340 Platonem,
1033 2281 1123 2341 pedivit
1137 2280 1265 2342 Bergllius3
1275 2293 1333 2330 nam
1354 2281 1414 2330 ἀλλὰ
1424 2281 1468 2343 γὰρ
1482 2281 1542 2336 lonae
1560 2280 1637 2342 ἔχοντι
1647 2281 1705 2330 terri
1721 2284 1815 2344 nequit.

208 2347 362 2396 Aristotelem
385 2347 493 2409 aliosque
513 2349 643 2409 scriptores
663 2349 709 2396 tori
725 2349 880 2398 attenduntur
901 2351 989 2412 quilius
1034 2354 1074 2400 Est
1087 2353 1178 2412 αυίειιι,
1189 2351 1209 2399 si
1220 2363 1323 2413 sequena
1333 2351 1484 2400 enuntiatum
1497 2349 1652 2411 adjunxeris,
1667 2351 1720 2400 lssee
1738 2353 1815 2412 plrilo-

117 2469 119 2472 ,
210 2417 262 2466 lusae
279 2418 363 2465 vocula
378 2417 484 2476 genitivo
498 2421 581 2477 lunata
598 2416 662 2465 idem
672 2421 742 2466 sonat
751 2419 815 2480 quod
827 2419 878 2481 περὶ
896 2431 988 2480 parapo-
1032 2421 1102 2482 soplri
1121 2422 1317 2483 argumentatio:
1337 2423 1415 2470 [λευιυ
1440 2419 1630 2481 potentissimum
1648 2421 1673 2470 ei
1691 2423 1814 2481 optimum

208 2487 262 2535 sitio
274 2485 304 2534 ad
319 2485 421 2546 patrium
434 2498 516 2533 casum
531 2486 614 2533 relata.
628 2487 689 2534 Plat.
702 2487 802 2535 conrii.
813 2500 837 2548 p.
852 2489 923 2535 19³0
940 2487 988 2546 :pl
1032 2491 1079 2539 dici
1096 2504 1139 2551 par
1150 2492 1189 2539 est
1205 2503 1252 2539 non
1264 2490 1365 2538 aliorum
1378 2489 1459 2539 linbila
1472 2489 1578 2550 ratione,
1592 2489 1633 2538 sed
1642 2489 1718 2550 ipsius
1728 2503 1774 2552 per
1789 2503 1815 2542 ss

208 2556 285 2604 τοίνυν
300 2554 352 2602 κατ’
362 2555 490 2618 ἀνθρώπων
504 2554 587 2603 σκόπει
608 2554 678 2616 μόνον
690 2561 773 2615 τοῦτο,
795 2557 854 2604 atie
873 2557 989 2603 καὶκατὰ
1032 2563 1137 2621 speciata
1148 2562 1242 2608 natura.
1256 2561 1349 2609 Etenim
1366 2559 1454 2608 mallos
1465 2562 1559 2608 tanturm
1577 2561 1715 2620 superaret,
1731 2563 1814 2622 posset

208 2624 273 2681 ζώων
286 2625 378 2673 πάντων
393 2627 433 2672 καὶ
449 2629 536 2686 φυτῶν.
545 2625 642 2674 λιίείοι.
654 2623 683 2674 de
694 2625 780 2672 Arsinna
795 2624 837 2673 lib.
853 2627 866 2673 l
880 2637 935 2686 eap.
954 2631 964 2675 l
981 2638 987 2669 ι
1031 2627 1129 2689 quidem
1145 2641 1192 2676 non
1205 2632 1301 2689 propter
1310 2628 1384 2690 ipsius
1396 2628 1509 2677 viritatem
1520 2631 1648 2689 praestare,
1660 2629 1703 2677 sed
1713 2629 1748 2678 ob
1759 2630 1811 2680 illo·

207 2694 260 2755 τάχ’
272 2693 300 2741 ἇν
311 2710 345 2754 τῳ
354 2693 425 2748 δόξειε
439 2693 482 2754 μία
490 2709 523 2747 τις
535 2693 594 2740 εἶναι
604 2693 699 2754 μέθοδος
708 2694 769 2741 κατὰ
784 2694 886 2742 πάντων.
1032 2709 1086 2744 rum
1099 2696 1283 2745 imbaniltitatem
1295 2697 1420 2744 excellere.
1442 2698 1472 2745 lli
1493 2697 1563 2745 lause
1577 2695 1622 2745 deo
1634 2697 1742 2747 alienum
1760 2712 1812 2748 esse

239 2762 322 2811 snit
331 2780 357 2811 τε
369 2765 489 2825 κράτιστον
502 2763 561 2810 εἶναι
569 2763 610 2810 τὸν
622 2764 671 2810 θεὸν
683 2763 728 2824 οὐχ
736 2765 809 2817 οὕτως
819 2763 987 2823 θπολοιμΰοίνων
1033 2766 1110 2823 petet,
1123 2776 1195 2824 quem
1225 2763 1278 2811 ideo
1296 2764 1488 2825 protentisaimum
1508 2768 1532 2812 el
1553 2763 1671 2824 optimum
1691 2762 1809 2825 dicimus,

208 2833 297 2890 λέγεται
313 2835 344 2887 ὡς
354 2834 410 2894 πρὸς
423 2831 479 2879 ἄλλα
488 2847 509 2877 τι
518 2833 613 2888 τοιαύτη
629 2834 644 2888 ἡ
656 2836 698 2879 τοῦ
708 2833 760 2879 θεοῦ
769 2831 835 2894 φύσις
844 2867 851 2888 ,
861 2829 919 2880 ἀλλὰ
932 2832 987 2892 πρὸς
1031 2833 1149 2893 quiante
1165 2839 1257 2882 nalurae
1276 2835 1444 2882 convenienter
1461 2846 1535 2894 quam
1544 2832 1634 2894 optime
1643 2832 1732 2884 alienia
1745 2835 1809 2882 nulla

207 2904 249 2958 τὴν
261 2902 333 2950 αὐτοῦ
349 2901 524 2961 ordiremini
535 2900 570 2948 roi
584 2916 611 2961 γε
620 2901 676 2962 πρὸς
694 2901 771 2964 ἕτερον
781 2901 846 2949 οὐδὲν
859 2903 886 2949 ᾰν
901 2904 987 2950 κωλύοι
1032 2915 1070 2950 ree
1087 2901 1118 2950 ad
1139 2901 1200 2951 bene
1214 2902 1331 2963 beateque
1353 2902 1482 2950 vivendum
1504 2901 1579 2952 deest.
1599 2903 1701 2950 tiamsi
1725 2903 1809 2952 beatus

208 2973 241 3031 μὴ
250 2976 278 3032 τῇ
288 2971 359 3019 αὐτοῦ
369 2970 481 3032 ἐπιεικείᾳ
493 2972 532 3019 καί
542 2971 608 3032 ῥώμῃ
620 2971 738 3033 ὑπερέχειν
746 3007 752 3030 ,
761 2971 820 3018 ἀλλὰ
830 2970 869 3019 διὰ
882 2973 923 3029 τὴν
940 2977 987 3020 τῶν
1031 2973 1080 3030 est,
1096 2970 1213 3030 optimum
1224 2983 1320 3031 quoque
1331 2972 1357 3019 et
1366 2971 1558 3031 potentissimum
1570 2983 1621 3019 esse
1630 2971 1752 3022 convenit.
1763 2975 1809 3022 Na-

207 3043 284 3090 diloo
293 3043 428 3091 ἀσθένειαν·
441 3041 501 3089 θελοι
511 3041 532 3088 δ’
540 3041 569 3088 ἂν
581 3040 654 3095 οὐδεὶς
667 3041 728 3088 οὕτω
736 3040 774 3090 τὸν
787 3041 838 3088 θεὸν
849 3040 917 3102 φάναι
929 3041 987 3103 apd·
1031 3051 1079 3099 que
1092 3051 1148 3087 vero
1159 3038 1291 3100 quidquam
1299 3039 1395 3100 obstet,
1408 3041 1546 3102 quominus,
1557 3039 1649 3089 etiarnsi
1660 3042 1741 3102 plures
1752 3045 1808 3103 sint,

206 3127 285 3159 τιστον
297 3111 354 3159 εἶναι
363 3143 369 3164 ι
379 3109 429 3158 ἀλλ’
438 3109 473 3158 ὅτι
488 3110 556 3164 αὐτὸς
566 3110 614 3172 ἔχει
628 3113 659 3166 ὡς
668 3109 718 3158 οίόν
729 3127 754 3158 ss
767 3111 860 3172 ἄριστα,
873 3111 987 3159 aalaidis
1032 3108 1113 3156 cuncti
1129 3121 1157 3156 eo
1170 3111 1234 3158 statu
1252 3108 1370 3170 irtsantur,
1391 3114 1419 3156 ul
1429 3123 1513 3158 omnes
1523 3123 1597 3171 quam
1610 3111 1701 3172 optime
1712 3113 1762 3162 sint
1774 3116 1807 3162 al·

207 3182 306 3230 ὲκλείπει
318 3183 358 3229 καὶ
368 3179 393 3229 εὖ
409 3182 448 3229 καὶ
458 3183 533 3238 καλῶς
547 3183 608 3243 ipsas
619 3183 698 3243 αὐτῷ·
715 3181 765 3244 ἅμα
776 3182 820 3244 γὰρ
837 3183 896 3236 lau<
910 3180 986 3242 ίχαντι
1032 3177 1095 3238 lectt,
1109 3181 1133 3226 et
1146 3191 1221 3241 quom
1245 3179 1336 3240 reliqua
1349 3180 1430 3228 omnia
1456 3183 1583 3242 superent,
1599 3181 1702 3228 inviaem
1726 3184 1805 3234 tamea

206 3253 301 3302 κάκεῖνα
312 3251 462 3310 ἂναυμθαίη.
472 3251 519 3300 llio
530 3249 644 3300 nonnulla
654 3251 776 3300 Bellienus
786 3265 799 3300 e
809 3251 986 3312 eodLipsiensi
1030 3248 1075 3297 sibi
1096 3261 1144 3296 nou
1165 3251 1286 3310 praestent.
1312 3248 1401 3298 Ultima
1417 3249 1554 3298 llrandisius
1570 3264 1593 3312 p.
1615 3252 1645 3300 lb
1659 3263 1707 3299 non
1731 3254 1806 3302 multo

207 3321 360 3381 emendarit,
372 3321 419 3370 alia
432 3333 490 3370 vero
503 3333 559 3382 quse
575 3321 696 3382 probanda
712 3333 761 3369 non
774 3323 832 3370 suut
846 3321 946 3382 recepit,
959 3325 987 3370 ut
1031 3317 1099 3366 aliter
1113 3318 1283 3379 interpretatur
1304 3337 1310 3366 ε
1331 3321 1426 3368 caetero
1451 3318 1555 3380 quidem
1570 3321 1658 3368 omniu
1675 3326 1805 3383 repentes,

207 3391 260 3440 inei
269 3391 305 3440 τοί
316 3407 361 3454 γε,
376 3390 447 3450 eujus
457 3390 510 3439 loeo
519 3391 576 3440 olim
594 3390 644 3440 ἐπεὶ
656 3396 697 3440 τοῦ
716 3391 761 3452 γὰρ
777 3391 813 3440 rel
827 3391 877 3439 leat
888 3391 932 3452 γὰρ
945 3395 986 3438 τοῦ
1030 3399 1081 3436 non
1098 3399 1156 3436 uero
1175 3399 1203 3437 se
1225 3389 1341 3436 inuicem.
1354 3389 1409 3436 Janr
1427 3387 1559 3448 veroquod
1580 3387 1803 3448 somniassem,

206 3461 364 3510 sertuenatnr.
382 3461 517 3510 Felicianus
530 3461 603 3510 vertit
617 3475 624 3504 τ
640 3479 654 3506 κ
666 3462 763 3511 Αοεειίίί
776 3460 840 3524 quod
853 3459 924 3508 deum
935 3473 986 3509 esse
1029 3456 1103 3505 verba
1117 3469 1170 3504 esse
1192 3455 1218 3505 in
1233 3469 1286 3505 eam
1307 3457 1449 3506 sententiam
1461 3458 1561 3518 scripta,
1582 3461 1610 3506 ut
1621 3459 1688 3506 salsa
1702 3459 1802 3508 aliorum

208 3533 431 3593 praestantissimum
444 3544 533 3580 nonen
542 3544 614 3580 sensu
629 3531 726 3591 dieitur,
737 3533 764 3580 ut
776 3543 830 3591 erga
842 3529 906 3579 aliud
919 3531 985 3592 quip-
1031 3525 1143 3574 felicitate
1157 3527 1217 3574 deus
1235 3526 1293 3576 ielis
1312 3539 1366 3576 esse
1379 3525 1480 3586 dicatur,
1502 3527 1526 3574 id
1545 3527 1633 3576 trustra
1649 3527 1689 3575 laia
1703 3541 1802 3591 qnmras.

207 3602 270 3662 piam
280 3601 416 3662 hujusmodl
432 3603 463 3650 sit
474 3601 512 3650 dei
527 3603 625 3661 natura,
634 3601 675 3650 sed
689 3604 805 3663 quantum
820 3601 986 3648 tantummodo
1029 3599 1105 3646 Porro
1116 3597 1173 3653 ίαως
1183 3597 1259 3660 ἔχοντι
1273 3598 1370 3658 exponit
1379 3597 1405 3648 εὗ
1417 3600 1456 3646 καὶ
1469 3601 1546 3654 καλῶς
1555 3599 1632 3660 ἔχοντι
1644 3597 1702 3653 ίαως
1716 3599 1803 3662 ἀλλοις,

206 3671 238 3720 sd
255 3683 323 3719 suam
338 3671 413 3733 ipsius
428 3671 580 3720 allectionem
599 3672 685 3721 attinet
704 3689 711 3720 ι
733 3670 823 3719 namsi
839 3670 868 3718 ad
883 3669 985 3718 alterum
1029 3666 1093 3726 quod
1114 3667 1134 3714 ai
1155 3672 1218 3715 reete
1239 3679 1266 3715 se
1286 3665 1399 3725 liaberet,
1419 3679 1597 3726 supervacanea
1614 3667 1678 3744 esset
1702 3679 1802 3728 sequeus

205 3743 355 3801 spectemus,
369 3739 428 3801 quid
444 3740 581 3802 probibeat,
593 3741 665 3790 ileum
682 3752 730 3788 nou
748 3753 792 3788 sua
810 3741 886 3802 ipsius
907 3742 984 3803 nqui-
1028 3735 1169 3784 enuntiatio.
1183 3736 1256 3784 Paulo
1267 3737 1354 3785 rectius
1368 3735 1509 3786 llarstenins
1518 3737 1551 3785 ita
1560 3735 1675 3796 scripsit:
1697 3736 1747 3798 ἅμα
1760 3737 1802 3799 γὰρ

205 3811 256 3858 tate
269 3815 294 3858 et
305 3809 459 3868 tortitudine,
470 3809 511 3859 sed
525 3822 555 3859 ειι
568 3812 669 3860 alioruin
682 3809 843 3860 imbecillitate
854 3811 985 3861 excellere?
1028 3804 1130 3866 lamii.
1142 3817 1164 3853 θ·
1178 3805 1308 3867 nimirum)
1318 3805 1380 3853 τοῦτ’
1391 3805 1433 3866 (τὸ
1443 3803 1468 3853 εὖ
1480 3807 1518 3854 καὶ
1529 3807 1620 3864 mter)
1629 3807 1801 3868 ἕκοντιιᾶκεῖνο

205 3882 239 3928 At
255 3878 326 3928 deum
346 3880 379 3928 iis
399 3891 450 3929 esse
474 3881 697 3940 praeslnntissimum
713 3881 822 3941 inteiligit
839 3893 925 3940 nemu,
943 3881 984 3930 sed
1030 3873 1073 3936 (ab
1086 3875 1207 3937 κράτιστον
1220 3875 1293 3935 εἶναι)
1303 3876 1331 3922 ἂν
1347 3875 1465 3936 συμβαίη,
1484 3875 1526 3923 aed
1538 3875 1614 3923 mullo
1627 3875 1801 3936 simpliciores

209 3948 266 4008 quia
276 3947 326 4009 ipsa
336 3961 410 4009 quarn
424 3949 514 4010 optime
534 3949 583 3997 lteri
596 3952 689 4012 potest,
700 3949 802 4000 allectus
817 3953 868 4008 est,
878 3950 985 4012 uilrilque
1029 3945 1139 3993 Feliciani
1152 3945 1236 4005 tectio,
1256 3945 1287 3992 ad
1308 3957 1381 4006 quarn
1398 3945 1536 3994 Braudisius
1558 3947 1703 3996 commenti.
1720 3947 1798 3998 Eleatt

206 4016 228 4064 ei
240 4017 367 4077 quominus
381 4018 441 4066 bene
452 4023 476 4065 et
487 4020 551 4068 reete
561 4031 612 4067 sese
624 4019 710 4068 lrabeat
721 4017 802 4081 deest,
812 4020 900 4080 quippe
909 4033 984 4081 quum
1029 4027 1052 4074 p.
1066 4017 1097 4063 79
1114 4027 1140 4062 se
1156 4015 1284 4077 applicarit
1306 4014 1355 4075 ἅμα
1368 4015 1413 4079 γὰρ
1431 4015 1505 4066 οὕτως
1520 4015 1607 4078 ἔχοντι.
1624 4017 1706 4071 Quum
1722 4020 1799 4066 autem

206 4086 241 4134 ila
255 4098 306 4134 aeae
320 4086 417 4136 babenti
436 4086 509 4136 simul
524 4088 584 4136 illud
598 4089 670 4137 ettam
684 4088 782 4138 eveniat
803 4097 899 4138 neeesse
916 4091 955 4138 sit.
970 4107 983 4132 ν
1028 4084 1086 4132 illud
1100 4084 1173 4139 οὕτως
1183 4085 1242 4132 nihil
1255 4085 1288 4132 sit
1299 4085 1343 4132 boc
1354 4085 1406 4134 luce
1421 4085 1466 4133 uisi
1478 4083 1503 4133 sir
1515 4087 1555 4133 καὶ
1568 4087 1661 4145 καλῶς,
1673 4085 1766 4136 forsitan
1776 4088 1798 4136 in

206 4159 242 4204 lix
254 4168 302 4216 qua
319 4155 513 4218 interpretatione
524 4158 582 4218 quid
595 4159 647 4221 ipse
661 4158 685 4206 in
694 4171 739 4206 suo
747 4159 877 4219 exemplari
889 4158 983 4208 invene·
1027 4152 1085 4208 ἴσως
1103 4153 1140 4200 vel
1152 4154 1224 4208 odeo<
1241 4154 1319 4214 ipsum
1332 4155 1409 4209 καλῶς
1425 4155 1534 4213 latuerit,
1549 4154 1614 4216 quod
1636 4155 1661 4203 in
1677 4155 1797 4205 Verborum

205 4227 251 4284 m,
267 4225 393 4274 manifesto
408 4229 514 4287 apparet,
531 4228 644 4289 Bergtins
656 4228 742 4289 murgi
762 4228 851 4277 ruisse
862 4229 894 4277 δι
905 4230 983 4291 χρςςγ.
1028 4221 1136 4271 ordinem
1149 4223 1253 4284 recipere
1265 4237 1313 4272 non
1335 4223 1454 4272 dubitari.
1476 4227 1559 4285 ltaque
1573 4225 1653 4272 locum
1668 4225 1703 4274 sia
1718 4225 1798 4274 distin·

205 4311 261 4344 0202
270 4296 328 4344 εἶναι
338 4297 378 4344 τὸν
387 4297 438 4345 θεὸν
447 4297 491 4359 οὐχ
508 4297 581 4354 οὕτως
593 4299 771 4361 quomedo
779 4315 818 4346 ωμ
835 4299 937 4360 λέγει,
952 4303 984 4355 ὡς
1027 4305 1074 4352 guo
1090 4309 1096 4334 s
1110 4292 1143 4341 Τὸ
1155 4293 1180 4340 δὲ
1190 4293 1312 4354 κράτιστον
1325 4293 1383 4342 εἶναι
1392 4294 1432 4342 τὸν
1441 4295 1493 4342 θεὸν
1502 4296 1546 4355 οὐχ
1555 4296 1797 4356 amarissimam

204 4366 261 4428 πρὸς
275 4367 361 4414 euers
370 4365 490 4423 ταιαίι-ιγὴ
504 4371 545 4415 κιο
555 4369 609 4416 iseo
626 4369 709 4430 φύσις,
721 4369 845 4432 ἀλλὰπρὸς
857 4369 898 4426 τήν
911 4370 983 4418 αὐτοῦ
1027 4362 1088 4423 λέγει
1100 4378 1148 4420 τις,
1165 4365 1196 4418 ὡς
1206 4364 1261 4425 πρὸς
1276 4363 1332 4410 ἄλλο
1352 4379 1376 4410 τι
1388 4363 1484 4420 τοιαύτη
1496 4366 1511 4421 ἡ
1525 4367 1568 4410 τοῦ
1587 4365 1639 4412 θεοῦ
1650 4363 1728 4424 φύσις,
1740 4366 1794 4414 ἀλλὰ

205 4437 319 4485 διάθεσιν·
331 4437 381 4483 ἐπεὶ
394 4434 463 4495 τόγε
472 4437 528 4498 πρὸς
537 4437 612 4498 ίτερον
621 4438 687 4486 οὐδὲν
696 4439 724 4486 eo
734 4439 820 4486 κωλύοι
829 4439 861 4498 μή
872 4442 900 4500 τῇ
912 4439 984 4488 αὐτοῦ
1027 4431 1082 4490 neb<
1097 4431 1138 4490 l'bt
1149 4431 1219 4482 αὒτθῦ
1229 4431 1341 4493 διάθεσιν,
1357 4433 1406 4481 ἐπεὶ
1421 4430 1449 4480 τό
1456 4448 1483 4493 γε
1491 4433 1547 4494 πρὸς
1561 4432 1637 4494 ἕτερον
1646 4431 1710 4480 οὐδὲν
1718 4434 1745 4480 ἂν
1752 4451 1796 4482 aaa·

205 4503 317 4566 ἐπιεικείᾳ
329 4507 369 4552 καὶ
382 4505 448 4568 ῥώμῃ
457 4505 592 4568 ὑπερέχειν,
603 4507 662 4556 ἀλλὰ
670 4507 708 4556 διὰ
723 4508 764 4564 edu
777 4511 822 4554 τῶν
832 4507 907 4555 ἄλλων
916 4507 982 4555 ὰτθὲ·
1026 4499 1076 4548 λΰῦῑ
1090 4502 1122 4560 pri
1135 4505 1164 4563 τῇ
1177 4501 1248 4548 αὐτοῦ
1257 4501 1368 4561 immiti
1381 4501 1419 4549 καί
1430 4502 1497 4564 pepe
1505 4501 1639 4563 slssflit'iitti
1651 4500 1709 4549 ἀλλὰ
1717 4502 1795 4560 &bibl

205 4590 267 4622 νειαν
275 4609 283 4632 ,
292 4576 352 4624 θελοι
361 4575 381 4623 δ’
390 4576 418 4622 ba
431 4575 504 4632 οὐδεὶς
512 4576 574 4624 οὕτω
585 4578 625 4626 τὸν
639 4577 689 4626 θεὸν
699 4576 769 4640 φάναι
778 4576 900 4639 κράτιστον
914 4577 982 4637 εἶναι,
1026 4575 1073 4618 τῶν
1081 4570 1156 4621 ἄλλων
1172 4569 1299 4620 ἀσθένειαν.
1316 4573 1383 4618 Θέλω
1398 4572 1418 4618 δ’
1430 4571 1458 4618 ἂν
1469 4570 1542 4624 οὐδεὶς
1554 4571 1617 4618 οὕτω
1625 4571 1665 4618 τὸν
1675 4573 1723 4619 bedu
1733 4573 1794 4633 φάναι

205 4642 255 4692 ἀλλ’
268 4644 303 4692 ὅτι
316 4643 385 4698 αὐτὸς
401 4641 449 4705 ἔχει
465 4645 497 4699 ὡς
514 4643 564 4692 oliv
575 4662 601 4694 u
611 4645 695 4709 <ipim
707 4646 747 4694 χαὶ
764 4645 830 4698 οὐδὲν
845 4643 983 4692 ἐλλείποι
1026 4639 1148 4700 κράτιστον
1161 4640 1234 4699 εἶναι,
1249 4639 1346 4688 ἀλλ’ὅτι
1363 4639 1431 4696 αὐτὸς
1444 4639 1493 4701 ἔχει
1506 4641 1537 4694 ὡς
1553 4639 1602 4688 sibu
1618 4655 1642 4688 τε
1656 4639 1747 4702 ἄριστα,
1758 4644 1794 4692 καὶ

205 4715 245 4762 καί
254 4713 279 4762 εὗ
293 4715 334 4761 καὶ
347 4714 422 4769 καλῶς
431 4713 493 4777 ipsu
503 4715 611 4766 αιἰτὸν·
629 4715 707 4764 ἀλλὰ
719 4715 754 4777 γλ
762 4731 774 4778 p
783 4716 841 4770 ίαως
855 4715 931 4776 ίχαντι
939 4713 983 4764 κά·
1027 4708 1092 4756 οὐδὲν
1103 4709 1201 4757 ἐλλείπει
1214 4710 1254 4756 καὶ
1269 4707 1295 4758 εὖ
1304 4709 1344 4757 καὶ
1354 4711 1430 4765 καλῶς
1444 4709 1505 4771 lxiii
1522 4709 1599 4770 αὐτῷ’
1614 4707 1664 4770 iiifl
1672 4709 1714 4772 τὰρ
1724 4713 1793 4766 tibiis

205 4787 268 4832 κεῖνο
281 4783 310 4832 ἅν
327 4781 504 4842 ruptarium.
517 4785 586 4842 Quod
605 4785 674 4835 initio
688 4785 782 4846 seripail
796 4783 837 4842 bi,
854 4782 981 4843 eteqantto·
1026 4778 1102 4843 ίχοντι
1114 4777 1244 4830 stastum
1256 4778 1387 4840 συμθαίναι.

205 4864 257 4899 τετυ
279 4850 354 4900 eitieit
372 4852 519 4913 orationem,
540 4853 584 4902 etsi
609 4869 635 4902 τε
657 4853 756 4903 ίοτίεεεε
778 4851 929 4902 tolerandum
958 4852 982 4900 in
1058 4853 1096 4896 39.
1114 4849 1175 4896 οὕτω
1194 4849 1219 4896 δὲ
1238 4849 1366 4898 διακεῖσθαι
1385 4849 1425 4895 καὶ
1439 4847 1531 4903 πλείους
1550 4846 1633 4902 αὐτοὺς
1655 4845 1719 4900 ὄντας
1733 4849 1791 4896 editi

206 4921 320 4982 scriptore
343 4921 385 4982 qul
411 4921 484 4970 ίοοίεε
504 4921 703 4985 membratimque
724 4923 826 4985 loquens
848 4934 983 4982 praegressm
1026 4921 1238 4978 κωλύει,θπαντας
1247 4925 1278 4977 ὠς
1291 4919 1653 4983 οίὸντιᾶμιαταδιακειμίναυς,
1676 4920 1790 4983 καίκραιί-

205 4991 329 5039 sententiae
341 4989 444 5039 similem
457 4992 577 5050 annectit,
595 4994 622 5041 ut
639 5005 688 5041 non
708 4993 771 5040 mate
783 4991 913 5041 Felielanus
923 4991 983 5040 hane
1026 5004 1094 5045 στοας
1110 4996 1157 5039 τῶν
1169 4991 1260 5048 ἄλλων,
1271 4991 1316 5053 οὐχ
1333 4992 1409 5038 αὑτῶν
1421 4989 1496 5045 ὄντας.
1506 4989 1557 5038 ἔστι
1577 4988 1613 5049 δ’,
1628 4992 1661 5044 ως
1675 4989 1745 5047 teras,
1756 4990 1790 5038 καλ

204 5059 370 5109 transitionem
385 5060 465 5110 serbis
484 5060 583 5112 aceedit
595 5062 664 5125 qnod
676 5061 811 5111 reddiderit.
824 5060 915 5114 Deinde
926 5074 982 5110 sero
1026 5060 1092 5110 ἀλλα.
1105 5063 1140 5110 lta
1158 5059 1283 5120 sellem,
1305 5060 1347 5121 qul
1371 5063 1479 5108 veterum
1497 5059 1630 5107 editionum
1640 5060 1672 5112 ὡς
1688 5058 1790 5135 obirata

204 5129 374 5189 moiepeevov
382 5131 442 5191 λέγει
455 5143 504 5181 nou
515 5132 628 5180 convenit
644 5131 700 5182 truie
715 5133 783 5193 loco,
796 5132 853 5194 qula
868 5133 982 5180 aristote·
1026 5129 1080 5180 eod.
1095 5130 1158 5192 lips.
1176 5143 1205 5179 ae
1216 5129 1316 5178 tortasse
1329 5141 1357 5178 ea
1372 5128 1425 5177 aliis
1436 5141 1531 5190 quoque
1541 5125 1607 5176 libris
1618 5127 1688 5176 tacite
1698 5131 1789 5175 correxit
1821 5188 1824 5192 Ι

205 5195 297 5264 lusiam
311 5211 358 5250 uon
370 5200 521 5264 xeaoptaaais
531 5201 650 5263 judicium
666 5203 854 5259 comperuerat,
867 5199 908 5252 sed
923 5199 981 5265 quid
1026 5201 1053 5253 tn
1069 5203 1101 5257 ὡς
1116 5199 1209 5254 altars.
1229 5198 1276 5252 sed
1294 5198 1449 5263 lotipstenst
1468 5197 1553 5260 legitur
1572 5199 1686 5260 preterea
1703 5195 1749 5245 οὐδὲ
1764 5195 1788 5243 lo
