3840 5924
262 413 310 467 xiv
901 409 952 470 DE
973 405 1212 468 EMPEDOCLE.

256 557 286 606 et
299 550 450 606 coluerunt
463 552 492 604 et
505 545 746 612 cohonestarunt,
761 558 847 599 nemo
860 544 935 600 inter
950 545 1027 616 prio·
1074 542 1198 599 breviter
1211 547 1341 599 nostrum
1361 540 1398 598 de
1419 538 1602 614 Empedoclis
1621 541 1752 599 doctrina
1765 543 1842 616 judi·
1905 519 1906 556 ³

258 661 304 703 res
323 646 488 704 divinarum
502 641 754 713 humanarumque
766 653 863 695 rerum
878 641 1029 711 magistros
1073 639 1148 695 cium
1168 651 1363 712 exponemus,
1377 653 1410 695 ea
1425 645 1538 710 mente,
1552 642 1585 696 ut
1599 635 1670 711 quid
1684 635 1721 694 de
1741 641 1840 694 canni-

246 741 351 815 ‚magis
367 738 590 812 Agrigentinum
604 739 699 791 vatem
717 732 876 790 admiratus
893 736 980 804 atque
998 733 1029 788 ln
1073 744 1145 789 num
1172 733 1234 804 ejus
1260 731 1400 804 prooemio
1430 730 1614 788 statuendum
1638 731 1677 786 sit
1699 731 1842 803 perspicue
1905 737 1906 746 ¹

203 834 206 841 '
258 830 574 906 argumentoquamvis
589 827 721 885 dissimili
735 828 849 883 secutus
863 828 924 894 est,
941 839 1030 898 quam
1073 827 1218 898 appareat.
1411 819 1413 825 “
1905 897 1906 908 ¹

259 927 295 984 T.
320 927 471 985 Lueretius
490 923 594 996 Caras,
621 924 704 995 cujus
728 920 787 978 haee
813 926 881 978 sunt
905 920 992 978 rerba
1015 936 1030 976 e
1113 917 1231 992 Triplex
1244 915 1303 974 iere
1316 919 1346 973 in
1358 917 1538 990 Empedoclis
1550 914 1730 990 philosophia
1742 920 1841 990 reperi·
1883 908 1892 948 ¹

258 1023 351 1095 primo
360 1009 494 1078 carminis
507 1017 581 1075 libro
593 1013 631 1092 (i)
642 1019 730 1090 petita
746 1031 753 1070 τ
1075 1017 1124 1070 tar
1144 1013 1314 1088 dogmatum
1329 1026 1433 1086 genus,
1455 1027 1580 1085 quorum
1595 1010 1651 1068 alia
1666 1025 1685 1066 e
1698 1010 1842 1085 Pythago·
1905 1007 1906 1032 ¹

321 1155 427 1210 Quorum
439 1149 606 1212 ,mmmm
617 1161 671 1198 eum
685 1148 766 1208 primis
783 1145 938 1208 ,mmm
950 1149 1000 1205 est,
1075 1122 1187 1164 reomm
1211 1102 1315 1162 scholis
1344 1106 1433 1178 petita
1462 1111 1548 1174 sunt,
1570 1103 1626 1161 alia
1648 1102 1684 1160 ab
1712 1101 1843 1162 Eleaticis
1905 1185 1906 1194 ἵ

320 1229 399 1278 imp,
411 1241 483 1289 „m
492 1226 611 1287 pgqugffl,
622 1229 737 1277 mmmm
749 1223 820 1284 μη
833 1223 858 1270 5„
867 1223 921 1272 oris.
1074 1205 1171 1257 sumta
1180 1242 1188 1274 ,
1197 1198 1253 1257 alla
1265 1216 1301 1256 ex
1315 1197 1449 1255 Heracliti
1459 1199 1606 1272 preceptis
1615 1203 1754 1270 tanquam
1771 1195 1844 1254 ionic
1905 1209 1906 1212 ’

1076 1298 1240 1350 manamnt.
1257 1292 1370 1349 Etenim
1384 1307 1443 1366 quo
1457 1297 1584 1364 tempore
1597 1289 1794 1363 Pythagorica
1806 1305 1844 1346 ra·
1905 1283 1906 1318 ¹

320 1387 380 1442 oue
390 1396 464 1446 qaum
473 1380 643 1444 magnamodis
653 1379 733 1428 multis
744 1378 850 1428 miranda
862 1377 956 1428 ridetur
1075 1388 1115 1442 tio
1138 1401 1187 1459 pgr
1208 1385 1344 1459 Magnam
1358 1383 1495 1442 (prmum
1510 1381 1642 1458 figebat,
1658 1389 1747 1455 mque
1763 1383 1783 1438 pp
1799 1387 1844 1456 qui
1881 1428 1884 1436 Ι

320 1459 431 1522 gentibus
444 1459 553 1508 humanis
565 1457 629 1518 regio
640 1455 787 1516 visendaque
800 1456 882 1515 lectar,
1074 1495 1137 1538 eam
1153 1495 1211 1538 non
1225 1485 1338 1537 tantum
1349 1481 1446 1536 animo
1457 1484 1620 1551 perceptam
1632 1475 1784 1547 baberent,
1799 1477 1844 1534 sed
1904 1473 1906 1510 ι

320 1537 392 1586 rebus
401 1535 479 1598 opima
490 1535 567 1594 bonis,
582 1535 657 1584 multa
667 1534 757 1582 munita
771 1533 849 1582 cirrum
866 1534 907 1582 ri:
1200 1577 1206 1590 ,
1356 1577 1361 1589 ,
1753 1574 1760 1586 ,
1904 1566 1906 1582 ι

320 1616 354 1665 n„
368 1617 447 1664 mm„
465 1614 510 1662 noc
525 1612 635 1662 babuisse
650 1613 701 1660 „m
714 1612 881 1672 „mmm
898 1624 938 1670 ω,
1076 1577 1164 1632 etiam
1179 1581 1239 1632 vrta
1252 1580 1282 1633 et
1294 1574 1379 1632 fachs
1393 1573 1608 1647 profiterentur,
1624 1571 1732 1644 ubique
1751 1588 1783 1628 rn
1796 1572 1844 1628 bo·
1905 1583 1906 1604 ¹

320 1705 365 1747 aec
374 1695 486 1741 unctum
498 1691 574 1751 magis
583 1694 608 1739 et
624 1691 711 1738 mirum
725 1702 855 1751 carumque
870 1689 970 1738 ridetur.
1076 1684 1144 1726 nore
1158 1675 1257 1736 erant,
1274 1669 1388 1726 Videtur
1404 1665 1590 1741 Empedocles
1601 1667 1763 1740 disciplinae
1774 1668 1845 1725 itlius
1904 1660 1906 1697 ¹

320 1771 430 1822 manias
441 1770 498 1832 attin
510 1768 582 1818 artam
595 1767 670 1818 dirim
681 1767 782 1828 pectora
795 1766 845 1827 ejus
1076 1777 1173 1820 amore
1182 1769 1283 1836 captus
1293 1764 1333 1819 lta
1344 1759 1419 1819 seed
1429 1759 1634 1836 Pythagoricos
1642 1762 1843 1833 composuisse,
1904 1755 1906 1792 ¹

323 1845 764 1932 '⁰⁰¹¹⁰¹²¹¹¹¹¹¹‘¹⁰¹}P⁰¹¹¹¹¹P¹¹¹⁰¹¹¹¹
775 1849 878 1906 amru,
1076 1863 1110 1914 ut
1128 1860 1261 1931 quamvls
1274 1872 1333 1914 non
1354 1857 1451 1914 omnia
1464 1871 1564 1913 eorum
1586 1855 1692 1929 placita
1705 1869 1773 1929 qum
1791 1855 1846 1913 lor·
1904 1847 1906 1886 ¹

321 1929 348 1973 ut
363 1924 402 1973 rix
413 1923 516 1973 humana
528 1921 637 1971 videatur
647 1921 720 1983 stirpe
732 1925 831 1969 creatus.
1076 1955 1154 2008 ,me
1163 1955 1226 2027 ,nm
1238 1952 1402 2010 addemus
1414 1955 1605 2025 cognoverat,
1622 1949 1774 2024 Probanda
1788 1951 1845 2007 ex,-
1904 1943 1906 1980 r

260 2046 339 2120 Ergo
354 2061 413 2104 non
437 2048 530 2120 magis
550 2043 688 2102 laudabat
705 2045 736 2101 ln
758 2040 930 2116 Empedoele
948 2048 1032 2115 poeta
1075 2046 1221 2118 stimaret,
1235 2059 1333 2102 eorum
1353 2051 1451 2102 minen
1465 2046 1629 2102 mediatem
1645 2049 1675 2102 et
1686 2049 1846 2121 temperan·
1904 2035 1906 2074 ¹

260 2141 408 2202 Romanus
441 2142 626 2200 sanctitatem
649 2140 922 2214 integritatemque,
942 2153 1031 2210 quam
1076 2139 1146 2196 tiam
1168 2143 1322 2212 pertatem
1345 2141 1435 2196 viam
1456 2139 1599 2196 retineret.
1616 2136 1673 2195 Sed
1692 2138 1848 2195 acrioribus
1905 2130 1906 2166 ¹

259 2234 456 2292 incredibilem
467 2235 628 2292 carminum
642 2233 717 2304 vim,
731 2237 760 2289 et
773 2234 836 2304 ipsa
849 2229 1031 2304 quaproies-
1077 2234 1201 2292 sumatis
1218 2237 1280 2308 ejus
1295 2237 1425 2292 animum
1449 2236 1575 2291 scientiae
1592 2233 1735 2292 desiderio
1752 2235 1847 2290 incen-
1904 2223 1906 2260 ¹

259 2344 308 2386 sus
322 2333 365 2386 est
382 2327 496 2384 decreta
509 2327 717 2385 admirabatur.
741 2327 836 2398 atque
851 2323 901 2380 illa
916 2323 1033 2396 quidem
1076 2342 1141 2385 sum
1151 2329 1268 2386 Eleatici
1278 2335 1307 2387 et
1316 2327 1455 2403 Ephesius
1462 2328 1646 2402 philosophas
1655 2329 1846 2386 concitabant.
1904 2319 1906 2357 ¹

261 2421 325 2480 laus
337 2425 417 2495 vite,
433 2421 678 2495 quemadmodum
692 2422 850 2494 priscomm
865 2419 1032 2477 saeclorum
1078 2423 1138 2479 Hos
1152 2425 1238 2496 igitur
1262 2437 1396 2496 magnam
1420 2429 1531 2495 partem
1547 2425 1576 2478 in
1599 2438 1667 2479 vero
1685 2422 1848 2496 indagando
1905 2427 1906 2430 ’

262 2518 335 2574 ratio
346 2514 467 2587 larebat,
480 2532 495 2572 e
506 2516 652 2588 sapientiae
665 2516 812 2587 praeceptis
820 2518 891 2572 acta
898 2519 1035 2587 perpetuo
1077 2521 1191 2573 secutus
1202 2531 1247 2572 res
1260 2530 1347 2589 prope
1357 2514 1550 2572 dissociabiles
1561 2517 1636 2573 entis
1648 2516 1763 2572 immoti
1775 2521 1848 2572 eter-

262 2609 391 2666 manebit
407 2608 591 2683 Empedocli,
607 2623 702 2682 neque
716 2609 861 2681 insignem
871 2609 1033 2665 carminum
1078 2611 1198 2666 nitatem
1213 2614 1243 2665 ct
1256 2609 1393 2666 caducam
1406 2623 1506 2665 eorum
1520 2613 1655 2665 naturam
1669 2623 1737 2680 que
1750 2623 1849 2681 perpe-

261 2703 505 2776 pulehdtudinem
529 2704 565 2761 ab
584 2704 660 2760 elata
678 2705 777 2760 animo
791 2706 821 2758 et
835 2715 972 2774 generoso
985 2715 1033 2773 pe-
1079 2706 1131 2758 tao
1156 2708 1237 2758 motu
1259 2701 1386 2759 tluminis
1411 2703 1502 2758 instar
1525 2699 1663 2758 labuntur
1684 2703 1802 2758 miscuit
1824 2707 1850 2758 et

261 2801 340 2864 ctare
357 2796 513 2869 proiectam
530 2796 590 2854 ulla
612 2803 773 2869 temporum
794 2795 900 2868 injuria
913 2792 1031 2850 delebit.
1078 2798 1264 2854 consociavit.
1290 2797 1324 2854 ln
1348 2811 1406 2870 quo
1423 2799 1463 2854 ita
1478 2801 1606 2853 versatus
1628 2800 1687 2863 est,
1708 2801 1742 2852 ut
1764 2811 1850 2868 quum

261 2889 387 2947 Tantum
404 2892 481 2946 enim
497 2889 592 2947 iuitin
612 2889 740 2946 hocviro
755 2887 852 2946 lumen
866 2888 986 2960 ingenii,
1002 2898 1030 2944 ur
1079 2889 1238 2947 Heraclitus
1258 2890 1391 2964 copulata
1405 2891 1526 2946 materia
1544 2895 1633 2962 atque
1650 2888 1700 2945 illa
1721 2890 1769 2960 vl,
1793 2905 1851 2961 que
1896 2913 1902 2966 p

262 2996 319 3054 qua
341 2989 425 3040 atate
441 2981 620 3057 philosophia
639 2984 700 3056 jam
716 2980 831 3054 pridem
853 2979 947 3036 soluta
968 2995 1032 3036 oia·
1079 2994 1189 3045 motum
1211 2985 1296 3043 rebus
1324 2985 1424 3056 altera,
1451 2991 1554 3042 cuncta
1579 2985 1763 3040 conduentes
1794 2982 1850 3039 ilari
1901 2973 1902 2994 ¹

262 3079 354 3144 ῐὶθῦθ,
368 3076 517 3150 quaehaud
532 3076 617 3150 paulo
628 3078 720 3150 aptior
732 3073 824 3131 estad
835 3071 1035 3146 philosophan-
1078 3080 1215 3154 dixisset,
1246 3077 1432 3136 Parmenides
1449 3092 1516 3134 vcro
1542 3077 1619 3134 omni
1636 3081 1718 3133 motu
1737 3075 1851 3132 sublato

262 3169 332 3225 dum
347 3174 378 3225 ei
391 3169 535 3226 subtiliter
549 3168 762 3242 disserendum,
778 3165 961 3240 quorundam
976 3171 1036 3222 Siu-
1078 3172 1151 3231 nihil
1171 3174 1227 3229 nisi
1241 3186 1310 3239 ens,
1337 3169 1415 3244 quod
1429 3183 1566 3227 sensuam
1584 3168 1705 3226 fallaciis
1721 3184 1783 3226 non
1803 3169 1851 3225 ob-

262 3262 472 3320 diisillustrala
485 3268 563 3334 erat,
582 3265 643 3336 ipse
658 3260 841 3334 Xenophanls
862 3264 889 3316 et
911 3258 1035 3315 Parme·
1080 3268 1201 3323 noxium
1225 3266 1332 3321 mentis
1355 3268 1469 3320 mutum
1495 3265 1555 3319 acie
1580 3263 1735 3334 perctpitur
1753 3277 1852 3318 revera

261 3357 337 3414 nidis
359 3358 493 3431 exemplo
520 3357 715 3416 inflammatus
743 3355 894 3413 Musarum
920 3369 973 3426 ope
998 3354 1035 3410 ad
1080 3359 1341 3432 essedecrevisset,
1356 3359 1417 3430 ipse
1431 3359 1582 3429 utriusque
1596 3357 1739 3412 rationem
1758 3360 1851 3430 sejun-

262 3453 408 3524 sapientiae
422 3451 570 3526 fastigium
584 3451 666 3509 evehi
678 3451 816 3508 studeret.
829 3448 869 3506 At
883 3449 909 3503 si
930 3447 965 3503 de
979 3447 1036 3503 do·
1079 3461 1125 3512 cta
1140 3455 1276 3522 materia,
1292 3468 1357 3526 quae
1370 3453 1428 3508 anri
1443 3449 1646 3524 responderet,
1665 3456 1694 3507 et
1708 3453 1751 3518 vl,
1766 3467 1786 3507 a
1799 3467 1852 3524 qua

263 3543 355 3599 ctrina
376 3545 525 3616 quaritur,
541 3548 683 3615 quantum
709 3539 895 3614 empedocles
916 3536 954 3595 ab
973 3536 1035 3595 um
1080 3554 1192 3604 motum
1217 3548 1285 3603 orsu
1319 3547 1427 3619 vorare,
1453 3544 1613 3617 corrigeret.
1640 3543 1729 3618 aaut
1756 3560 1852 3602 rerum

262 3634 440 3708 philosophis
464 3640 614 3692 muluatus
645 3636 681 3691 sii
710 3637 877 3707 repuitssiffl
904 3629 1035 3687 ⁰⁰11s¹i0li
1079 3640 1291 3700 multitudinem
1306 3641 1356 3696 uni
1365 3641 1424 3696 enti
1435 3651 1594 3710 repugnare
1608 3641 1686 3694 ratus
1695 3652 1754 3694 non
1767 3653 1853 3694 unam

237 3728 362 3802 decet,
390 3730 605 3802 temperandam
632 3744 693 3786 esse
724 3727 942 3785 admirationem
972 3740 1035 3800 quse
1082 3737 1249 3802 maresiam,
1265 3733 1315 3790 aad
1329 3737 1468 3804 quatem
1482 3730 1640 3804 elementa,
1656 3745 1749 3804 neque
1766 3746 1852 3788 unum

263 3826 345 3898 quasi
360 3838 410 3897 per
419 3839 520 3880 manus
530 3823 637 3880 tradita
645 3825 732 3880 etiam
746 3837 823 3879 nunc
833 3821 1034 3895 plerorumque
1081 3834 1177 3885 motus
1201 3823 1391 3899 principium,
1407 3823 1459 3880 sed
1471 3822 1530 3880 duo
1544 3837 1673 3880 amorem
1696 3837 1732 3879 ac
1745 3823 1852 3880 discor·

263 3919 375 3978 animos
389 3919 548 3991 occupavit.
566 3918 640 3974 Nam
661 3932 751 3989 quum
771 3921 899 3972 veterum
920 3913 1034 3988 plurimi
1080 3923 1157 3980 diam
1178 3923 1282 3994 posuit.
1298 3919 1332 3976 ln
1347 3932 1405 3991 qua
1426 3919 1579 3990 partitione
1588 3931 1673 3976 ,amor
1693 3918 1774 3974 entis
1790 3919 1853 3974 unl-

263 4026 330 4068 eum
346 4011 533 4087 Pythagoreis
546 4011 783 4083 adnumerarent,
796 4009 844 4065 alil
857 4007 1050 4065 Parmenidisv
1080 4018 1133 4073 tati
1146 4057 1154 4084 ,
1168 4013 1310 4071 discordia
1330 4010 1492 4068 Heracliteo
1509 4008 1630 4066 dissidio
1653 4016 1850 4082 eomparatur.

264 4103 310 4162 vel
322 4104 510 4178 Xenophanis
525 4103 698 4177 discipulum
711 4101 857 4174 iacerent,
872 4101 955 4157 Plato
969 4115 1033 4158 cum
1082 4107 1230 4166 litantem
1247 4104 1392 4163 Heraclii„
1408 4118 1470 4177 quae
1484 4101 1587 4159 flerent
1607 4100 1692 4158 simui
1706 4105 1853 4175 composi.

264 4197 427 4269 Hifflssiiws
442 4199 610 4258 Aii⁸i⁰ii¹0⁸
625 4183 691 4256 cum
703 4195 1036 4270 Leucippo,l)emocrit0
1083 4205 1161 4259 tione
1186 4207 1216 4259 et
1235 4201 1416 4272 separatione
1436 4199 1517 4254 nasci
1540 4196 1663 4270 placuit,
1689 4195 1854 4269 Empedocli

220 4301 226 4316 ·
265 4291 310 4349 vel
333 4291 509 4366 Anaxagora
529 4297 734 4366 conjungeret,
748 4293 834 4348 varie
851 4291 1035 4362 antiquorum
1081 4301 1180 4353 contra
1191 4291 1471 4372 queoriuntursola
1484 4291 1689 4363 compositione
1702 4293 1851 4357 exsistere,

264 4388 415 4442 sententiae
429 4402 464 4442 eo
479 4387 650 4460 valuerunt,
670 4391 703 4442 ut
716 4386 882 4444 nauminor
895 4385 971 4440 inter
985 4399 1035 4439 re·
1081 4406 1145 4464 qua
1159 4389 1295 4447 occidunt
1310 4404 1369 4445 una
1382 4387 1567 4443 distractione
1578 4386 1693 4442 interire
1704 4385 1850 4454 videntur,

263 4481 402 4538 centiores
427 4480 462 4537 de
486 4480 541 4537 hoc
561 4483 624 4537 viro
645 4480 784 4537 dissensio
800 4483 884 4535 esset.
908 4476 1035 4547 Quorum
1081 4483 1221 4556 siquidem
1237 4481 1311 4538 illud
1324 4481 1433 4552 amori,
1444 4478 1498 4536 hoc
1512 4477 1660 4545 discordie
1675 4478 1781 4536 tribuit
1797 4481 1852 4535 :ita

264 4573 343 4630 haud
359 4577 441 4646 pauci
455 4574 676 4650 Agrigentinum
690 4580 801 4632 naturae
816 4576 933 4647 verique
948 4574 1035 4630 inter·
1082 4575 1257 4634 Heraclitum
1268 4571 1417 4647 probabile
1430 4577 1491 4646 est,
1504 4573 1638 4645 quamsds
1655 4569 1693 4627 de
1704 4572 1851 4628 vicissitu-

265 4675 374 4741 pretem
389 4676 471 4728 tanta
485 4671 569 4728 laude
581 4678 737 4744 ornarunt,
754 4676 787 4729 ut
802 4670 933 4744 cupidius
948 4685 1035 4743 quam
1080 4669 1149 4726 dine
1170 4683 1264 4726 rerum
1279 4668 1425 4741 compagis
1443 4667 1530 4724 modo
1543 4667 1664 4723 omentis
1679 4667 1768 4722 morlo
1783 4667 1854 4722 occi-

264 4765 360 4820 verius
371 4763 517 4838 judicasse
537 4765 699 4822 videantur.
716 4765 808 4836 Quam
824 4779 884 4821 rem
896 4765 1037 4838 copiosis·
1081 4763 1174 4819 dentis
1194 4761 1377 4829 disseruerit,
1404 4761 1517 4818 nullum
1536 4761 1642 4833 quictis
1665 4758 1853 4832 perfectaeque

264 4857 336 4913 sime
360 4863 563 4926 tractaremus,
578 4859 603 4916 si
626 4875 676 4932 per
698 4857 785 4932 hujus
809 4858 863 4915 loci
887 4858 1037 4930 angustias
1081 4857 1276 4913 consensionis
1286 4853 1471 4912 intervallum
1486 4851 1608 4926 singulis
1618 4855 1783 4924 temporum
1793 4866 1853 4924 spa·

264 4948 369 5008 liceret.
393 4951 494 5026 Itaque
520 4955 608 5011 vitato
627 4956 705 5010 omni
729 4953 883 5010 verborum
907 4951 1036 5009 anfractu
1082 4952 1129 5008 tiis
1154 4952 1375 5024 interposuisse,
1403 4946 1606 5021 Empedoclem
1636 4961 1704 5002 vcro
1736 4953 1855 5019 apparet

299 5165 322 5226 t)
340 5178 374 5214 rs.
391 5171 434 5216 717
444 5179 511 5228 seqq.
