3708 5916
280 384 338 435 titt
809 376 1013 440 ututoctts
1039 378 1346 447 COMMENTARIUS

200 591 202 595 v
278 507 427 586 ὑπεραίρειν
454 505 501 580 τὴν
517 504 590 576 ἀξίαν
609 504 677 583 μήτε
699 507 887 570 ἀπολείπεσθαι
905 509 1002 582 ταύτης
1029 513 1055 572 lv
1100 517 1196 575 νοοῦσα
1209 516 1253 577 τόν
1267 515 1324 576 θεόν
1334 515 1436 590 κοίτην
1449 520 1544 590 ἑαυτῆς
1554 517 1628 587 ἀξίαν
1640 521 1844 598 domnedius

278 601 336 660 ταῖς
363 593 422 673 περὶ
440 595 526 654 αὐτῶν
543 593 668 672 ίννοίαις,
689 593 758 654 ἀλλά
781 603 857 656 τοῦτο
878 597 973 665 αὐτοὺς
988 588 1056 660 ι’ίναι
1103 601 1166 664 noel
1182 605 1318 666 δίτούτων
1333 604 1529 670 desole-:eonem
1591 607 1638 668 Διὸ
1651 608 1697 666 ναὶ
1711 609 1848 675 elamor

281 679 413 756 effendas,
427 678 441 738 δ
455 679 594 757 γεγόνασι,
610 679 655 739 καί
674 679 774 752 ταύτην
790 679 860 762 ίχειν
873 681 921 756 τὴν
935 683 1006 751 τάξιν
1023 685 1056 756 ἢν
1102 691 1189 766 θνητοί
1203 695 1318 772 λίγοιντο
1332 692 1363 752 δν
1379 696 1406 752 af
1425 695 1583 775 ἀνθρώπιναι
1599 695 1697 774 ψυχαί,
1710 699 1747 763 ὡς
1768 701 1848 770 ἀπονή.

282 765 428 846 Ιίλήχασιθ,
448 767 492 826 fal
505 767 548 826 τὸν
574 767 730 846 δημιουργὸν
754 769 839 828 αὐτῶν
854 769 910 828 θεῶν
931 770 1054 850 doopt‘ptt
1103 782 1211 841 σχηυσαί
1223 781 1343 852 κοπτὴν
1358 782 1658 863 Θρίανεύζωίᾳντῇᾶπὸ
1669 787 1732 842 θροῦ
1746 791 1850 862 φυγῆγμή

281 855 311 916 τό
329 853 424 926 effac,
438 853 465 914 δν
480 855 525 914 καί
539 856 594 914 θεὸν
609 861 673 916 θεῶν
693 857 789 937 κυρίως
811 858 844 916 δν
864 858 934 918 ιίποι
957 881 996 926 τις
1011 860 1057 919 καί
1103 867 1332 943 ἀναόιωσκόμεναι
1345 866 1426 938 αύτλν
1440 870 1563 946 πάλιντῇ
1578 869 1642 948 πρὸς
1656 869 1713 928 θεδν
1729 853 1850 952 ίπιστροοῇ

282 947 339 1002 θεὸν
355 941 453 1000 ὕπατον
466 943 511 1002 καὶ
530 943 647 1023 άριστον.
704 945 802 1016 Τὴνδλ
824 943 903 1011 όντως
924 944 997 1014 άξίαν
1012 952 1056 1006 τοῦ
1102 953 1146 1012 καὶ
1160 955 1228 1013 οὕτω
1240 955 1381 1031 pisidiam
1406 955 1451 1014 τὸν
1470 962 1535 1014 θεῖον
1551 955 1743 1034 pisostum
1760 959 1784 1014 δὲ
1802 983 1850 1017 νιν.

279 1035 438 1106 κοσμοποιοῶ
460 1029 504 1090 καί
528 1031 699 1110 ἀριστοτέχνα
716 1037 774 1091 θεοῦ
789 1032 874 1108 μόνως
896 1031 927 1090 δν
941 1033 1056 1114 ἐξεύροι·
1102 1041 1271 1118 θνήσκουσαν,
1283 1041 1328 1122 (ὡς
1339 1033 1391 1101 οἶόν
1404 1065 1434 1101 τε
1448 1043 1568 1122 ἀθανάτῳ
1577 1043 1653 1126 cdefg
1662 1043 1775 1101 θανάτων
1785 1047 1850 1124 μοίρας

279 1140 339 1194 μιν,
359 1117 380 1176 el
393 1117 439 1176 καί
453 1122 517 1176 θεῶν
531 1117 612 1177 αίτιον
632 1118 710 1178 αὐτόν
731 1119 776 1178 καί
791 1118 925 1198 ἀτρίπτων
945 1124 1055 1200 λογικῶν
1102 1127 1293 1207 μεταλαχεῐν,)
1306 1130 1380 1206 οὔτῇ
1397 1133 1432 1194 εἰς
1444 1129 1475 1187 τό
1490 1127 1527 1201 μὴ
1549 1123 1616 1188 εἶναι
1626 1130 1749 1200 ἀκόάστι,
1765 1133 1850 1210 illio·

279 1205 375 1264 οὐσιῶν
386 1205 496 1276 ποιητὴν
519 1205 663 1282 θησόμεθα.
705 1207 820 1274 Τούτους
831 1206 882 1287 γάρ
898 1213 943 1266 νῦν
958 1210 1055 1270 άθανά·
1100 1221 1146 1274 τοῦ
1159 1209 1188 1275 εὖ
1206 1195 1273 1274 είναι
1295 1215 1457 1274 άποπτάνσει.
1501 1214 1623 1282 Θάνατος
1643 1216 1695 1294 γδρ
1709 1218 1805 1292 λογικῆς
1818 1221 1850 1274 03.

275 1313 334 1360 τους
357 1293 429 1360 θεοὺς
448 1293 584 1365 ὠνόμασεν
605 1297 619 1352 θ
633 1292 708 1372 λόγος
727 1294 784 1362 τοὺς
800 1295 841 1355 ἀεί
862 1296 907 1355 καλ
928 1297 1053 1366 ὡσαύτως
1101 1304 1160 1372 σίας
1176 1301 1251 1362 άθεία
1267 1301 1312 1362 καί
1325 1301 1418 1378 ἀνοια,
1431 1293 1468 1368 οἷς
1482 1303 1573 1362 fuerat
1588 1303 1635 1362 καλ
1653 1307 1669 1374 ἡ
1684 1302 1796 1382 περίιθι
1812 1307 1849 1384 βίον

276 1385 396 1447 νοοῦντας
408 1380 453 1441 τόν
469 1381 625 1460 δημιουργόν
639 1381 711 1456 θεόν,
724 1383 770 1441 καί
783 1383 824 1444 ἀεί
835 1383 900 1463 πρός
913 1385 943 1444 τὸ
954 1384 1053 1445 ἐκείνου
1101 1391 1276 1470 άμιτροςτῶν
1297 1393 1388 1449 παθῶν
1402 1390 1589 1458 θπανάστασις.
1617 1390 1663 1451 Ἐν
1682 1391 1850 1471 γθρτῆάγνοίε

276 1467 372 1542 ἀγαθόν
390 1467 607 1546 συντιταμίνους,
620 1471 665 1528 καί
677 1472 724 1528 ἀπ’
735 1470 831 1529 ίκείνου
844 1471 873 1530 τό
886 1463 952 1532 εἶναι
964 1472 1008 1531 καί
1022 1473 1053 1532 τό
1101 1482 1152 1537 τῶν
1172 1477 1325 1558 κρειττόνων
1341 1477 1443 1556 ἀνάγκη
1464 1479 1592 1537 δουλεύειν
1615 1481 1669 1545 τοῖς
1693 1458 1808 1558 χείρόσιν
1826 1457 1849 1540 ύύ

276 1545 306 1613 ab
323 1546 389 1614 eber
412 1555 559 1634 ἀμερίστως
576 1557 622 1616 καί
648 1559 781 1638 ἀτρέπτως
801 1557 1002 1637 λαμόάνοντας,
1016 1563 1052 1627 ὡς
1100 1565 1279 1644 ἐλευθεριάσαι
1293 1564 1379 1630 άλλως
1389 1565 1439 1642 οὐχ
1449 1555 1501 1624 οἷόν
1517 1586 1547 1623 τε
1566 1563 1585 1636 ἢ
1607 1569 1641 1646 τῇ
1662 1565 1697 1624 δι’
1712 1567 1850 1641 ἀναμνήσεις

275 1645 323 1714 τῆς
338 1644 524 1723 δημιουργικῆς
539 1642 624 1710 αίτίας
637 1644 730 1712 αὐτοὺς
743 1643 818 1712 ὄντας
831 1647 931 1714 είκόνας
946 1651 1053 1714 ἀπαθεῖς
1100 1653 1136 1718 εἰς
1151 1658 1210 1712 νοῦν
1224 1653 1270 1712 καί
1284 1653 1341 1712 θεδν
1361 1655 1514 1732 ίπιστρορῇ.
1565 1653 1673 1720 Μεταξὺ
1693 1653 1723 1712 δὲ
1739 1660 1786 1713 τῶν
1803 1657 1850 1714 σθαι

275 1727 323 1788 καί
340 1729 508 1796 ἀκακύντους.
552 1731 653 1809 Πρέπει
669 1731 721 1811 γάρ
742 1735 780 1812 τῷ
801 1737 851 1815 θεῷ
874 1733 919 1792 καὶ
933 1734 1054 1802 τοιαύτας
1098 1740 1244 1819 λεγομένων
1259 1739 1395 1800 ἀθανάτων
1406 1745 1484 1812 θεῶν,
1497 1741 1542 1799 καί
1560 1743 1611 1800 τῶν
1631 1745 1750 1818 θνητῶν,
1764 1744 1850 1808 mita

244 1893 246 1900 y
276 1817 426 1887 ὑποστῆσαι
451 1820 544 1877 ἑαυτοῦ
565 1821 680 1896 εἰκόνας,
701 1819 747 1879 καλ
772 1819 808 1896 μὴ
830 1820 917 1886 πάσας
939 1821 1052 1901 τρεπτθς
1100 1851 1159 1904 μιν,
1173 1832 1237 1886 θιῶν
1251 1828 1351 1904 ἀνάγκη
1365 1827 1438 1906 γίνος
1451 1851 1477 1886 τι
1492 1819 1574 1906 εἶναι,
1591 1829 1748 1906 τιμιώτερον
1763 1830 1803 1904 μὲν
1821 1835 1850 1888 ie

276 1902 322 1961 καί
331 1904 456 1980 ,ἐμπαθεῖς
469 1909 503 1984 τῇ
517 1907 552 1971 είς
566 1905 660 1966 κακίαν
673 1910 805 1988 θποιρορᾷ,
818 1898 872 1968 οἷαί
889 1909 953 1967 είσιν
969 1910 996 1968 ei
1010 1911 1054 1968 άν·
1099 1906 1219 1986 θρῶπου,
1233 1906 1436 1985 καταδεέστερον
1453 1907 1481 1965 δὲ
1500 1911 1573 1979 θεοῦ,
1591 1912 1624 1985 τῇ
1639 1910 1673 1967 δι’
1693 1911 1784 1966 ἑαυτοῦ
1795 1911 1850 1984 μοι’·

277 1988 509 2071 θρῶπιναιψυχαί,
519 1995 570 2050 τῶν
580 1995 692 2068 λογικῶν
721 1993 803 2052 ύσεων
813 1993 963 2074 τὸέσχατον
976 1986 1053 2054 odeat
1099 2017 1159 2066 ιητι
1173 1995 1207 2054 τά
1220 1995 1290 2073 άκρα
1301 1995 1364 2074 πρθς
1377 1994 1481 2065 ἄλληλα
1492 1995 1635 2066 συνάπτον,
1650 1993 1722 2052 ῶστε
1732 1996 1761 2054 τό
1771 2001 1850 2062 abab

276 2075 364 2154 γίνος,
380 2074 468 2157 ῶσπερ
483 2069 517 2137 αὖ
530 2080 673 2160 ἀκρότατον
692 2016 784 2152 boba
805 2081 835 2140 τδ
851 2085 902 2140 τῶν
918 2083 1054 2142 ἀθανάτων
1100 2081 1208 2160 λογικῆς
1221 2081 1393 2162 δημιουργίας
1410 2081 1474 2142 αὐτό
1495 2086 1580 2161 ἑαυτῷ
1594 2083 1763 2140 συνδεδέσθαι
1777 2085 1848 2148 καλῶς

276 2167 340 2222 θεῶν
358 2165 496 2242 λεγόμινον
510 2167 589 2244 γίνος.
634 2169 685 2226 Καί
696 2167 798 2244 μήποτε
813 2167 877 2248 πρὸς
889 2169 1052 2228 ἀντιδιαστο-
1099 2175 1185 2232 Τοῦτο
1198 2171 1230 2242 δὴ
1245 2171 1276 2230 τό
1290 2170 1368 2244 μέσον
1383 2169 1442 2230 οὔτε
1457 2173 1573 2240 παντελῆ
1595 2171 1704 2248 ἄγνοιαν
1720 2177 1764 2229 τοῦ
1777 2173 1848 2229 leoli·

275 2251 324 2324 λὴν
339 2255 390 2312 τῶν
406 2253 575 2334 ἀνθρωπίνων
589 2256 681 2334 ψυχῶν
693 2253 816 2314 ἀθάνατοι
828 2253 880 2313 θεολ
894 2246 963 2314 οὗτοι
978 2255 1055 2326 feld·
1100 2273 1160 2330 σχει
1173 2249 1237 2308 ποτά
1246 2295 1257 2326 ,
1272 2249 1330 2308 odae
1346 2251 1481 2315 παντελῶς
1498 2247 1619 2320 ἀκίνητον
1632 2249 1679 2308 καί
1699 2249 1740 2306 ἀεί
1756 2249 1848 2314 demirer

274 2343 374 2416 θησαν,
402 2345 437 2406 ῶς
457 2339 495 2416 μὴ
525 2339 731 2411 ἀποθνήσκοντες
759 2339 807 2412 τὴν
825 2341 895 2399 θείαν
922 2343 1046 2413 εύζωίαν,
1100 2337 1272 2414 διαμένουσαν
1289 2340 1395 2415 γνῶσιν,
1409 2337 1469 2396 ἀλλ’
1482 2336 1523 2394 ἀεί
1535 2337 1584 2412 μίν
1601 2337 1739 2409 γινώσκει,
1754 2335 1848 2400 attat

275 2425 342 2503 μηδί
361 2431 387 2486 ἐν
404 2427 470 2505 λήθῃ
492 2427 557 2486 ποσί
578 2427 726 2506 γιγνόμενοι
741 2428 808 2504 μήτε
829 2433 875 2500 τῆς
896 2432 995 2488 ἑαυτῶν
1010 2432 1055 2487 οὐ·
1103 2425 1148 2482 καλ
1165 2425 1250 2490 άλλως
1265 2422 1415 2497 ἐπιύάλλει,
1431 2421 1477 2481 καί
1491 2425 1590 2498 μάλλον
1601 2422 1672 2482 ἔστιν
1684 2423 1729 2480 ὅτε
1739 2415 1848 2493 aolino.

275 2515 333 2580 σίας
352 2513 485 2588 μήςετῆς
500 2519 546 2574 τοῦ
561 2515 659 2594 πατρὸς
669 2517 839 2593 &gadda-qm,
908 2515 1017 2582 Τούτοις
1030 2515 1056 2574 δὲ
1080 2507 1084 2630 1
1102 2515 1150 2591 Τῷ
1165 2512 1211 2590 μὲν
1225 2511 1266 2570 &tl
1279 2509 1415 2589 γινώσκειν
1434 2508 1584 2580 ἇιαὸίῦηκι
1598 2514 1643 2568 τοῦ
1661 2510 1809 2586 ἀνθρωπίνου
1823 2509 1850 2583 γέ.

274 2607 291 2674 ἡ
306 2601 456 2680 ἀνθρωπίνη
472 2601 544 2682 ψυχὴ
558 2611 612 2669 τοῖς
624 2604 734 2662 πάθεσιν
755 2602 906 2675 ὑπόκειται,
927 2603 990 2662 ποτθ
1006 2602 1053 2676 μίν
1079 2645 1083 2653 .
1101 2623 1176 2673 νους,
1190 2603 1229 2681 τῷ
1241 2599 1266 2656 δὲ
1280 2595 1317 2676 μὴ
1328 2596 1461 2678 άτρίπτως
1473 2597 1541 2673 pell
1554 2595 1681 2665 ὡσαύτως
1694 2598 1735 2656 eet
1746 2597 1850 2675 γινύσιειι

274 2812 333 2850 esse
347 2795 426 2868 quod
440 2806 521 2864 sunt,
536 2806 641 2852 etcum
660 2797 791 2854 ordinem
807 2798 954 2866 obtinere,
969 2815 1053 2870 quem
1101 2795 1176 2852 baud
1192 2797 1333 2851 immerito
1355 2795 1489 2850 mortales
1508 2792 1549 2850 dii
1569 2805 1771 2868 nuncupantur
1788 2793 1850 2847 amni

274 2883 366 2938 sortiti
388 2894 470 2952 sunt,
491 2885 598 2940 cultum
620 2885 711 2958 ipsum
743 2884 779 2940 ad
801 2903 899 2940 eorum
923 2883 1055 2958 opificem
1102 2886 1232 2956 humani,
1250 2884 1330 2958 quod
1350 2882 1518 2956 aliquando,
1541 2883 1644 2938 relicto
1659 2883 1727 2952 deo,
1743 2881 1810 2956 quod
1824 2879 1850 2934 adl

275 2969 361 3026 deum
382 2970 564 3026 referentium
584 2983 642 3046 est,
665 2990 750 3046 quem
775 2983 803 3028 et
827 2973 912 3028 deum
935 2973 1053 3028 deorum
1101 2972 1224 3029 divinam
1242 2973 1307 3026 vitae
1320 2971 1524 3026 beatitudinem
1539 2971 1637 3026 attinet
1648 2973 1807 3036 moriantur,
1821 2978 1848 3020 at·

275 3059 388 3131 proprie
407 3060 470 3130 quis
491 3059 568 3114 dicat
589 3077 622 3114 ac
645 3059 765 3116 deorum
780 3078 920 3116 summum
934 3072 962 3115 et
980 3063 1055 3134 opti·
1101 3079 1156 3134 que
1170 3061 1207 3116 ad
1231 3059 1315 3116 deum
1331 3057 1500 3116 revertendo
1523 3055 1560 3112 ad
1574 3075 1636 3112 enm
1656 3055 1846 3130 recuperandam

275 3163 364 3199 mum.
378 3141 567 3200 Praecellentis
580 3156 674 3202 autem
695 3145 795 3200 mundi
811 3143 927 3201 artificis
942 3143 987 3202 dei
1001 3165 1055 3200 ve·
1101 3147 1384 3218 reviviscant,atque
1400 3145 1472 3202 adeo
1487 3145 1542 3200 boc
1552 3145 1642 3201 modo
1656 3146 1744 3200 sitam
1755 3145 1846 3198 dirimo

276 3247 338 3286 ram
354 3230 520 3305 dignitatem
532 3233 572 3287 ita
581 3233 672 3288 solum
684 3232 979 3306 deprehendemus,si
991 3250 1055 3288 eum
1100 3233 1257 3306 agant,illo
1270 3243 1381 3302 autem,
1397 3231 1494 3306 quoad
1507 3233 1673 3288 immortalis
1694 3243 1786 3287 namra
1798 3231 1849 3310 non,

275 3330 304 3374 et
324 3319 446 3375 deorum
472 3336 585 3374 causam
605 3330 633 3376 et
659 3331 825 3376 naturarum
839 3319 1055 3393 intelligentium
1100 3330 1206 3391 potest,
1221 3321 1391 3392 moriantur,
1412 3337 1471 3374 non
1490 3319 1571 3392 quod
1587 3337 1648 3374 esse
1668 3319 1803 3389 decimat,
1817 3317 1849 3404 ιοθγ

275 3417 362 3478 atquo
384 3406 604 3461 immutabilium
623 3417 779 3463 creatorem
807 3424 865 3462 esse
890 3415 1053 3462 statuamus.
1100 3405 1181 3479 quod
1195 3403 1271 3460 felici
1288 3407 1347 3461 rita
1361 3405 1504 3462 excidant.
1525 3407 1598 3460 Nam
1615 3407 1760 3462 rationalis
1772 3411 1849 3459 natum

275 3494 435 3548 lllosenim
459 3493 631 3548 immortales
650 3493 718 3548 deos
739 3511 853 3549 carmen
869 3512 944 3548 nunc
959 3495 1056 3567 appel·
1100 3511 1176 3548 mors
1189 3502 1229 3548 est
1244 3493 1376 3548 alienatio
1395 3509 1413 3546 a
1432 3491 1487 3548 deo
1501 3503 1529 3548 et
1541 3491 1845 3562 mente,undectiania

275 3581 332 3650 lot,
354 3581 404 3653 qui
415 3597 528 3653 semper
539 3591 625 3652 atque
638 3579 739 3634 eodem
753 3579 841 3634 modo
859 3580 995 3635 creatoris
1010 3579 1056 3634 dei
1100 3581 1158 3634 vita
1171 3581 1300 3652 sequitur
1310 3579 1461 3634 vehemens
1476 3577 1632 3634 affectuum
1640 3578 1753 3634 seditio.
1770 3580 1797 3632 ln
1806 3593 1845 3628 ne

275 3669 466 3742 cognitionem
479 3668 777 3740 retinentsemperque
791 3665 1056 3738 inejusbonitatem
1102 3665 1206 3722 liorum
1233 3667 1310 3720 enim
1350 3667 1512 3740 ignorantia
1546 3665 1737 3721 deterioribus
1771 3665 1845 3718 sen-in

278 3757 380 3811 intenti
400 3767 465 3810 sunt
482 3765 567 3828 atque
592 3755 628 3810 ab
644 3772 678 3810 eo
695 3765 723 3810 et
743 3756 830 3810 vitam
850 3765 879 3809 et
894 3753 1055 3810 felicitatem
1100 3771 1212 3808 necesse
1230 3763 1317 3824 est,a
1335 3754 1438 3826 quibus
1453 3771 1514 3808 non
1531 3753 1612 3808 aliter
1628 3753 1744 3808 liberari
1766 3748 1848 3830 [ratio

277 3841 503 3915 inseparabiliter
512 3852 540 3896 et
549 3841 764 3895 immutabiliter
776 3842 937 3915 accipiunt,
948 3841 1055 3913 quippe
1100 3843 1169 3896 nalis
1186 3839 1309 3916 natura]
1327 3851 1435 3914 potest,
1455 3859 1539 3914 quam
1555 3859 1666 3914 eaquae
1682 3839 1848 3902 recordatione

276 3931 327 4002 qui
351 3931 404 4003 ipsi
420 3930 476 3982 sint
499 3926 610 4001 opificis
635 3943 724 3982 causae
739 3927 893 4000 imagines,
905 3926 1055 3998 perturba·
1100 3926 1149 3998 fit,
1165 3928 1202 3984 ad
1220 3940 1343 3984 mentem
1355 3939 1383 3984 et
1396 3930 1486 3984 Deum
1499 3928 1696 3984 conversione.
1714 3929 1783 3980 Inter
1799 3923 1848 3980 deos

278 4019 387 4072 tionum
401 4017 593 4088 vitiorumque
612 4026 749 4089 expertes.
768 4017 858 4070 Decet
876 4015 952 4068 enim
964 4015 1055 4068 Deum
1101 4024 1194 4069 autem
1211 4014 1263 4086 qui
1277 4013 1450 4068 immortales
1467 4023 1606 4068 vocantur
1624 4022 1654 4067 et
1673 4009 1807 4072 mortales,
1818 4005 1843 4058 oti

278 4103 346 4159 tales
368 4105 454 4159 etiam
466 4104 507 4158 soi
527 4103 662 4176 imagines
675 4104 791 4176 gignere
807 4115 815 4160 τ
831 4119 888 4156 non
916 4110 1007 4156 autem
1023 4119 1057 4155 ο·
1083 4113 1085 4120 ’
1101 4100 1239 4168 diximus,
1253 4099 1321 4156 deos
1331 4117 1442 4154 necesse
1455 4110 1495 4154 est
1508 4117 1595 4172 genus
1607 4097 1751 4170 quoddam
1761 4094 1843 4148 bomne

276 4207 355 4244 mnes
366 4186 605 4244 mutationibuset
620 4185 881 4262 perturbationibus
904 4187 1057 4258 obnoxias,
1100 4190 1242 4262 superius,
1258 4187 1313 4242 deo
1329 4196 1422 4241 eutem
1436 4185 1553 4240 inferius
1570 4186 1621 4253 sit,
1637 4183 1717 4258 quod
1728 4201 1773 4237 suo
1785 4181 1844 4233 inter

276 4294 313 4332 ex
328 4275 518 4348 propensione
533 4275 563 4328 in
578 4276 698 4346 vitium3
711 4276 808 4349 quales
825 4284 890 4330 sunt
901 4273 988 4330 animi
1004 4273 1057 4329 hu·
1100 4289 1186 4334 ventu
1207 4287 1334 4332 extrema
1347 4275 1423 4330 inter
1438 4292 1467 4330 se
1482 4283 1650 4341 connectat,
1666 4271 1737 4328 adeo
1754 4281 1781 4324 ut
1792 4279 1844 4320 totu

276 4360 413 4435 muniqui
425 4372 588 4416 naturarum
611 4364 722 4418 ratione
733 4362 916 4436 proditarum
928 4359 1056 4418 infimum
1102 4383 1198 4422 rerum
1219 4373 1395 4430 creatarum,
1423 4380 1485 4436 qua
1508 4362 1617 4416 ratione
1642 4360 1763 4434 praeditae
1782 4365 1841 4414 stul·

277 4465 366 4523 genus
379 4460 462 4518 sunt,
479 4450 552 4504 sicut
565 4461 668 4506 contra
682 4468 770 4524 genus
789 4451 990 4507 immortalium
1006 4450 1057 4506 de·
1102 4463 1192 4510 coetus
1216 4453 1275 4526 ipse
1304 4467 1398 4508 secum
1425 4449 1545 4524 pulchre
1569 4449 1730 4522 copuletur.
1750 4441 1847 4498 lloliuo,

278 4555 361 4592 orum
386 4555 462 4591 nunc
484 4536 591 4592 dictum
615 4548 656 4592 est
670 4555 819 4594 summum.
840 4540 934 4610 Atque
948 4537 978 4590 lii
998 4535 1057 4592 for·
1100 4559 1170 4596 vero
1193 4540 1250 4596 boc
1269 4556 1357 4614 genus
1375 4555 1428 4593 nec
1448 4536 1532 4592 deum
1559 4554 1675 4610 promus
1696 4535 1796 4608 ignorat
1808 4545 1842 4580 un·

278 4633 365 4693 tasse,
382 4633 415 4679 ut
436 4624 472 4679 ab
495 4624 594 4678 animis
618 4624 747 4680 humanis
770 4624 988 4698 distinguantur,
1003 4625 1057 4680 ian·
1101 4647 1205 4702 quarn,
1226 4645 1279 4684 nec
1293 4628 1409 4682 omuino
1428 4623 1554 4680 stabilem
1571 4635 1658 4698 atque
1671 4623 1779 4680 eandem
1787 4633 1840 4670 no·

276 4713 409 4770 mortales
427 4711 467 4766 dii
482 4721 696 4786 nuncupantur,
711 4711 861 4786 atquibus
875 4711 977 4766 divinae
991 4712 1056 4766 vitae
1100 4733 1154 4789 per
1171 4714 1231 4787 ejus
1253 4715 1386 4770 notitiam
1410 4712 1513 4780 habet,
1535 4710 1586 4766 sed
1618 4728 1728 4784 semper
1757 4703 1840 4777 quidm

276 4799 394 4855 felicitas
407 4817 466 4854 non
479 4799 599 4854 intereat
609 4816 662 4854 nee
674 4817 730 4854 suae
741 4816 867 4872 unquam
885 4808 993 4854 natura
1006 4809 1056 4854 aut
1103 4803 1266 4878 cognoscit,
1279 4801 1360 4856 aliter
1374 4811 1467 4854 antem
1485 4811 1571 4872 atque
1586 4799 1670 4854 aliter
1684 4797 1792 4852 animum
1807 4785 1838 4840 af·

276 4897 402 4960 paterne
429 4886 565 4942 bonitatis
589 4885 698 4941 oblitio
721 4886 868 4960 subrepat.
889 4887 940 4942 His
961 4897 1055 4942 autem
1099 4891 1198 4962 vertit,
1224 4897 1309 4959 atque
1328 4883 1416 4940 modo
1438 4886 1527 4960 magis
1551 4883 1639 4940 modo
1660 4884 1756 4938 minus.
1777 4873 1836 4930 lot⁰

276 4974 542 5048 perturbationibus
570 4972 710 5030 obnoxius
733 4984 775 5030 est
791 4974 930 5029 humanus
947 4973 1056 5029 animus
1102 4977 1213 5048 utique,
1227 4971 1307 5047 quod
1328 4991 1441 5047 semper
1449 4975 1540 5030 Deum
1555 4972 1701 5046 cognoscit
1720 4970 1838 5023 humanm

277 5062 328 5134 qui
343 5061 429 5118 deum
443 5061 596 5135 aliquando
607 5062 752 5136 cognoscit
760 5071 788 5116 et
801 5058 966 5134 dignitatem
977 5079 1054 5116 suam
1100 5081 1187 5136 genus
1199 5071 1328 5135 superat,
1337 5079 1372 5115 eo
1390 5077 1461 5114 vero
1473 5057 1552 5132 quod
1577 5077 1634 5113 non
1646 5059 1705 5114 sine
1721 5049 1838 5110 mutabunt

278 5159 445 5228 recuperat,
465 5149 620 5222 aliquando
638 5159 733 5206 autem
746 5147 918 5216 hisexcidi13
932 5147 1008 5205 unde
1027 5158 1055 5203 et
1101 5165 1153 5206 nec
1168 5146 1270 5204 eodem
1279 5165 1391 5222 semper
1412 5145 1501 5204 modo
1522 5147 1667 5222 cognoscit
1687 5132 1837 5200 divinabit
