<?xml version="1.0" encoding="UTF-8"?>
<!DOCTYPE html PUBLIC "-//W3C//DTD XHTML 1.0 Transitional//EN"
    "http://www.w3.org/TR/xhtml1/DTD/xhtml1-transitional.dtd">
<html xmlns="http://www.w3.org/1999/xhtml" xml:lang="en" lang="en">
 <head>
  <title>
</title>
<meta http-equiv="Content-Type" content="text/html;charset=utf-8" />
  <meta name='ocr-system' content='tesseract 3.04.00' />
  <meta name='ocr-capabilities' content='ocr_page ocr_carea ocr_par ocr_line ocrx_word'/>
</head>
<body>
  <div class='ocr_page' id='page_1' title='image "./fragmentaphilos03mullgoog/fragmentaphilos03mullgoog_0296.png"; bbox 0 0 3690 5924; ppageno 0'>
   <div class='ocr_carea' id='block_1_1' title="bbox 509 377 1567 456">
    <p class='ocr_par' dir='ltr' id='par_1_1' title="bbox 509 377 1567 456">
     <span class='ocr_line' id='line_1_1' title="bbox 509 377 1567 456; baseline 0.004 -16"><span class='ocrx_word' id='word_1_1' title='bbox 509 377 758 441; x_wconf 78' lang='lat' dir='ltr'><strong>ANAXAGORAE</strong></span> <span class='ocrx_word' id='word_1_2' title='bbox 786 377 1037 440; x_wconf 76' lang='lat' dir='ltr'><strong>FRAGMENTA.</strong></span> <span class='ocrx_word' id='word_1_3' title='bbox 1508 394 1567 456; x_wconf 71' lang='lat'>251,</span> 
     </span>
    </p>
   </div>
   <div class='ocr_carea' id='block_1_2' title="bbox 8 507 747 675">
    <p class='ocr_par' dir='ltr' id='par_1_2' title="bbox 8 507 747 675">
     <span class='ocr_line' id='line_1_2' title="bbox 8 507 747 590; baseline -0.012 -11"><span class='ocrx_word' id='word_1_4' title='bbox 8 541 32 580; x_wconf 84' lang='lat' dir='ltr'>u.</span> <span class='ocrx_word' id='word_1_5' title='bbox 45 515 104 578; x_wconf 85' lang='grc' dir='ltr'>Οῦτε</span> <span class='ocrx_word' id='word_1_6' title='bbox 121 519 164 572; x_wconf 89' lang='grc' dir='ltr'>τοῦ</span> <span class='ocrx_word' id='word_1_7' title='bbox 184 513 290 588; x_wconf 76' lang='grc' dir='ltr'>σμικροῦ</span> <span class='ocrx_word' id='word_1_8' title='bbox 312 507 343 588; x_wconf 86' lang='grc' dir='ltr'>γε’</span> <span class='ocrx_word' id='word_1_9' title='bbox 355 510 411 568; x_wconf 72' lang='grc' dir='ltr'>ἔστι</span> <span class='ocrx_word' id='word_1_10' title='bbox 433 510 462 569; x_wconf 87' lang='grc' dir='ltr'>τά</span> <span class='ocrx_word' id='word_1_11' title='bbox 481 535 511 587; x_wconf 95' lang='grc' dir='ltr'>γε</span> <span class='ocrx_word' id='word_1_12' title='bbox 529 511 677 590; x_wconf 83' lang='grc' dir='ltr'>ίλάχιστον,</span> <span class='ocrx_word' id='word_1_13' title='bbox 690 511 747 570; x_wconf 75' lang='grc' dir='ltr'>ἀλλ’</span> 
     </span>
     <span class='ocr_line' id='line_1_3' title="bbox 50 590 747 675; baseline -0.007 -14"><span class='ocrx_word' id='word_1_14' title='bbox 50 605 145 662; x_wconf 75' lang='grc' dir='ltr'>ἔλασσον</span> <span class='ocrx_word' id='word_1_15' title='bbox 159 600 222 656; x_wconf 72' lang='lat' dir='ltr'>siai·</span> <span class='ocrx_word' id='word_1_16' title='bbox 235 597 321 675; x_wconf 73' lang='grc' dir='ltr'>τὀγδρ</span> <span class='ocrx_word' id='word_1_17' title='bbox 333 598 374 655; x_wconf 78' lang='grc' dir='ltr'>ἔδυ</span> <span class='ocrx_word' id='word_1_18' title='bbox 384 599 431 655; x_wconf 82' lang='grc' dir='ltr'>οὐκ</span> <span class='ocrx_word' id='word_1_19' title='bbox 444 597 500 656; x_wconf 66' lang='lat' dir='ltr'>iare</span> <span class='ocrx_word' id='word_1_20' title='bbox 516 598 545 656; x_wconf 85' lang='grc' dir='ltr'>τὸ</span> <span class='ocrx_word' id='word_1_21' title='bbox 558 598 595 674; x_wconf 72' lang='grc' dir='ltr'>μὴ</span> <span class='ocrx_word' id='word_1_22' title='bbox 610 601 656 657; x_wconf 84' lang='grc' dir='ltr'>οῦκ</span> <span class='ocrx_word' id='word_1_23' title='bbox 667 590 747 658; x_wconf 79' lang='grc' dir='ltr'>εἶναι·</span> 
     </span>
    </p>
   </div>
   <div class='ocr_carea' id='block_1_3' title="bbox 851 506 1565 676">
    <p class='ocr_par' dir='ltr' id='par_1_3' title="bbox 851 506 1565 676">
     <span class='ocr_line' id='line_1_4' title="bbox 851 506 1565 594; baseline 0.003 -23"><span class='ocrx_word' id='word_1_24' title='bbox 851 511 949 571; x_wconf 75' lang='grc' dir='ltr'>ἐκείνου</span> <span class='ocrx_word' id='word_1_25' title='bbox 963 510 1007 570; x_wconf 87' lang='grc' dir='ltr'>κοιλ</span> <span class='ocrx_word' id='word_1_26' title='bbox 1020 509 1051 569; x_wconf 88' lang='grc' dir='ltr'>τδ</span> <span class='ocrx_word' id='word_1_27' title='bbox 1065 509 1185 589; x_wconf 77' lang='grc' dir='ltr'>μέγιστον</span> <span class='ocrx_word' id='word_1_28' title='bbox 1199 506 1288 572; x_wconf 82' lang='grc' dir='ltr'>δοκοῦν</span> <span class='ocrx_word' id='word_1_29' title='bbox 1303 512 1355 572; x_wconf 66' lang='lat' dir='ltr'>aad</span> <span class='ocrx_word' id='word_1_30' title='bbox 1372 536 1438 580; x_wconf 85' lang='grc' dir='ltr'>τινος</span> <span class='ocrx_word' id='word_1_31' title='bbox 1450 513 1565 594; x_wconf 75' lang='grc' dir='ltr'>ίξεκρίθη</span> 
     </span>
     <span class='ocr_line' id='line_1_5' title="bbox 851 596 1155 676; baseline -0.007 -18"><span class='ocrx_word' id='word_1_32' title='bbox 851 601 942 658; x_wconf 70' lang='grc' dir='ltr'>ἑαυτοῦ</span> <span class='ocrx_word' id='word_1_33' title='bbox 957 600 1070 675; x_wconf 76' lang='grc' dir='ltr'>μείζονος</span> <span class='ocrx_word' id='word_1_34' title='bbox 1083 596 1155 676; x_wconf 84' lang='grc' dir='ltr'>κτλ.)</span> 
     </span>
    </p>
   </div>
   <div class='ocr_carea' id='block_1_4' title="bbox 51 682 1566 762">
    <p class='ocr_par' dir='ltr' id='par_1_4' title="bbox 51 682 1566 762">
     <span class='ocr_line' id='line_1_6' title="bbox 51 682 1566 762; baseline -0.001 -16"><span class='ocrx_word' id='word_1_35' title='bbox 51 689 99 750; x_wconf 81' lang='grc' dir='ltr'>οὔτι</span> <span class='ocrx_word' id='word_1_36' title='bbox 117 685 144 744; x_wconf 84' lang='grc' dir='ltr'>εδ</span> <span class='ocrx_word' id='word_1_37' title='bbox 161 686 287 761; x_wconf 78' lang='grc' dir='ltr'>μέγιστον,</span> <span class='ocrx_word' id='word_1_38' title='bbox 302 683 369 742; x_wconf 71' lang='lat' dir='ltr'>titt</span> <span class='ocrx_word' id='word_1_39' title='bbox 383 683 427 742; x_wconf 84' lang='grc' dir='ltr'>κοιλ</span> <span class='ocrx_word' id='word_1_40' title='bbox 439 690 485 742; x_wconf 90' lang='grc' dir='ltr'>τοῦ</span> <span class='ocrx_word' id='word_1_41' title='bbox 499 687 614 761; x_wconf 85' lang='grc' dir='ltr'>μεγάλου</span> <span class='ocrx_word' id='word_1_42' title='bbox 629 686 679 744; x_wconf 85' lang='lat' dir='ltr'>aiai</span> <span class='ocrx_word' id='word_1_43' title='bbox 692 686 748 742; x_wconf 81' lang='grc' dir='ltr'>ἐστι</span> <span class='ocrx_word' id='word_1_44' title='bbox 792 703 828 746; x_wconf 83' lang='lat' dir='ltr'>ta.</span> <span class='ocrx_word' id='word_1_45' title='bbox 846 685 890 744; x_wconf 87' lang='grc' dir='ltr'>καί</span> <span class='ocrx_word' id='word_1_46' title='bbox 904 683 946 742; x_wconf 82' lang='grc' dir='ltr'>ὅτε</span> <span class='ocrx_word' id='word_1_47' title='bbox 961 684 987 743; x_wconf 83' lang='grc' dir='ltr'>δί</span> <span class='ocrx_word' id='word_1_48' title='bbox 1002 683 1059 742; x_wconf 82' lang='grc' dir='ltr'>ίστιι</span> <span class='ocrx_word' id='word_1_49' title='bbox 1072 682 1161 761; x_wconf 89' lang='grc' dir='ltr'>μοῖρσί</span> <span class='ocrx_word' id='word_1_50' title='bbox 1172 684 1222 741; x_wconf 85' lang='grc' dir='ltr'>εἰσι</span> <span class='ocrx_word' id='word_1_51' title='bbox 1233 688 1276 741; x_wconf 89' lang='grc' dir='ltr'>τοῦ</span> <span class='ocrx_word' id='word_1_52' title='bbox 1293 707 1321 742; x_wconf 88' lang='grc' dir='ltr'>τε</span> <span class='ocrx_word' id='word_1_53' title='bbox 1336 685 1449 762; x_wconf 79' lang='grc' dir='ltr'>μεγάλω</span> <span class='ocrx_word' id='word_1_54' title='bbox 1463 686 1508 744; x_wconf 87' lang='grc' dir='ltr'>καί</span> <span class='ocrx_word' id='word_1_55' title='bbox 1518 691 1566 746; x_wconf 91' lang='grc' dir='ltr'>τοῦ</span> 
     </span>
    </p>
   </div>
   <div class='ocr_carea' id='block_1_5' title="bbox 48 763 746 1108">
    <p class='ocr_par' dir='ltr' id='par_1_5' title="bbox 49 763 746 851">
     <span class='ocr_line' id='line_1_7' title="bbox 49 763 746 851; baseline -0.004 -20"><span class='ocrx_word' id='word_1_56' title='bbox 49 777 122 851; x_wconf 76' lang='grc' dir='ltr'>μέζον·</span> <span class='ocrx_word' id='word_1_57' title='bbox 133 771 174 830; x_wconf 86' lang='grc' dir='ltr'>καλ</span> <span class='ocrx_word' id='word_1_58' title='bbox 183 770 237 829; x_wconf 78' lang='grc' dir='ltr'>ἴσον</span> <span class='ocrx_word' id='word_1_59' title='bbox 247 771 300 829; x_wconf 76' lang='grc' dir='ltr'>ἐστὶ</span> <span class='ocrx_word' id='word_1_60' title='bbox 315 775 351 850; x_wconf 82' lang='grc' dir='ltr'>τῷ</span> <span class='ocrx_word' id='word_1_61' title='bbox 363 775 465 850; x_wconf 82' lang='grc' dir='ltr'>σμικρῷ</span> <span class='ocrx_word' id='word_1_62' title='bbox 473 773 581 842; x_wconf 81' lang='grc' dir='ltr'>πλῆθος,</span> <span class='ocrx_word' id='word_1_63' title='bbox 593 771 655 850; x_wconf 87' lang='grc' dir='ltr'>πρὸς</span> <span class='ocrx_word' id='word_1_64' title='bbox 667 763 746 830; x_wconf 82' lang='grc' dir='ltr'>ἑωυτδ</span> 
     </span>
    </p>

    <p class='ocr_par' dir='ltr' id='par_1_6' title="bbox 48 855 743 1024">
     <span class='ocr_line' id='line_1_8' title="bbox 48 855 578 937; baseline -0.009 -17"><span class='ocrx_word' id='word_1_65' title='bbox 48 863 70 920; x_wconf 88' lang='grc' dir='ltr'>δί</span> <span class='ocrx_word' id='word_1_66' title='bbox 80 857 181 918; x_wconf 83' lang='grc' dir='ltr'>ίκαστόν</span> <span class='ocrx_word' id='word_1_67' title='bbox 195 861 248 916; x_wconf 82' lang='grc' dir='ltr'>ἐστι</span> <span class='ocrx_word' id='word_1_68' title='bbox 262 855 388 934; x_wconf 85' lang='grc' dir='ltr'>καλ”με’γα</span> <span class='ocrx_word' id='word_1_69' title='bbox 404 857 447 915; x_wconf 87' lang='grc' dir='ltr'>κοιλ</span> <span class='ocrx_word' id='word_1_70' title='bbox 459 858 578 937; x_wconf 83' lang='grc' dir='ltr'>σμικρόν.</span> 
     </span>
     <span class='ocr_line' id='line_1_9' title="bbox 80 945 743 1024; baseline -0.002 -19"><span class='ocrx_word' id='word_1_71' title='bbox 80 948 247 1024; x_wconf 75' lang='lat' dir='ltr'>(Simplicius</span> <span class='ocrx_word' id='word_1_72' title='bbox 260 945 419 1003; x_wconf 74' lang='lat' dir='ltr'>Communi.</span> <span class='ocrx_word' id='word_1_73' title='bbox 436 946 466 1002; x_wconf 94' lang='lat' dir='ltr'>in</span> <span class='ocrx_word' id='word_1_74' title='bbox 480 945 570 1005; x_wconf 75' lang='lat' dir='ltr'>Arist.</span> <span class='ocrx_word' id='word_1_75' title='bbox 586 946 678 1023; x_wconf 79' lang='lat' dir='ltr'><strong>Phys·</strong></span> <span class='ocrx_word' id='word_1_76' title='bbox 694 945 743 1004; x_wconf 84' lang='lat' dir='ltr'>iol.</span> 
     </span>
    </p>

    <p class='ocr_par' dir='ltr' id='par_1_7' title="bbox 49 1022 742 1108">
     <span class='ocr_line' id='line_1_10' title="bbox 49 1022 742 1108; baseline -0.003 -17"><span class='ocrx_word' id='word_1_77' title='bbox 49 1035 78 1092; x_wconf 86' lang='grc'>35</span> <span class='ocrx_word' id='word_1_78' title='bbox 92 1053 123 1090; x_wconf 89' lang='lat' dir='ltr'>a:</span> <span class='ocrx_word' id='word_1_79' title='bbox 136 1032 178 1089; x_wconf 85' lang='grc' dir='ltr'>καὶ</span> <span class='ocrx_word' id='word_1_80' title='bbox 191 1031 230 1088; x_wconf 79' lang='grc' dir='ltr'>ὅτι</span> <span class='ocrx_word' id='word_1_81' title='bbox 252 1031 309 1089; x_wconf 82' lang='grc' dir='ltr'>οὔτε</span> <span class='ocrx_word' id='word_1_82' title='bbox 329 1031 359 1089; x_wconf 78' lang='lat' dir='ltr'>ria</span> <span class='ocrx_word' id='word_1_83' title='bbox 374 1029 510 1108; x_wconf 78' lang='grc' dir='ltr'>ἐλάχιστον</span> <span class='ocrx_word' id='word_1_84' title='bbox 523 1022 555 1102; x_wconf 71' lang='grc' dir='ltr'>ἦν</span> <span class='ocrx_word' id='word_1_85' title='bbox 570 1033 654 1106; x_wconf 82' lang='grc' dir='ltr'>(ἔστιν</span> <span class='ocrx_word' id='word_1_86' title='bbox 677 1031 742 1090; x_wconf 86' lang='lat' dir='ltr'>cod.</span> 
     </span>
    </p>
   </div>
   <div class='ocr_carea' id='block_1_6' title="bbox 49 1085 770 1196">
    <p class='ocr_par' dir='ltr' id='par_1_8' title="bbox 49 1085 770 1196">
     <span class='ocr_line' id='line_1_11' title="bbox 49 1085 770 1196; baseline -0.006 -18"><span class='ocrx_word' id='word_1_87' title='bbox 49 1123 79 1196; x_wconf 82' lang='lat' dir='ltr'>D)</span> <span class='ocrx_word' id='word_1_88' title='bbox 92 1122 115 1176; x_wconf 81' lang='grc' dir='ltr'>ίν</span> <span class='ocrx_word' id='word_1_89' title='bbox 129 1126 183 1184; x_wconf 84' lang='grc' dir='ltr'>ταῖς</span> <span class='ocrx_word' id='word_1_90' title='bbox 195 1120 289 1194; x_wconf 76' lang='grc' dir='ltr'>ἀρχαῖς</span> <span class='ocrx_word' id='word_1_91' title='bbox 302 1114 360 1173; x_wconf 78' lang='grc' dir='ltr'>οὔτε</span> <span class='ocrx_word' id='word_1_92' title='bbox 378 1113 408 1172; x_wconf 85' lang='grc' dir='ltr'>τδ</span> <span class='ocrx_word' id='word_1_93' title='bbox 419 1113 548 1190; x_wconf 79' lang='grc' dir='ltr'>μέγιστον·</span> <span class='ocrx_word' id='word_1_94' title='bbox 562 1115 684 1195; x_wconf 73' lang='grc' dir='ltr'>οὔτεγὰρ</span> <span class='ocrx_word' id='word_1_95' title='bbox 698 1123 742 1174; x_wconf 86' lang='grc' dir='ltr'>τοῦ</span> <span class='ocrx_word' id='word_1_96' title='bbox 765 1085 770 1174; x_wconf 90' lang='grc' dir='ltr'>λ</span> 
     </span>
    </p>
   </div>
   <div class='ocr_carea' id='block_1_7' title="bbox 47 1201 746 1800">
    <p class='ocr_par' dir='ltr' id='par_1_9' title="bbox 47 1201 746 1800">
     <span class='ocr_line' id='line_1_12' title="bbox 48 1201 744 1284; baseline -0.004 -20"><span class='ocrx_word' id='word_1_97' title='bbox 48 1211 144 1284; x_wconf 79' lang='grc' dir='ltr'>σμικροῦ</span> <span class='ocrx_word' id='word_1_98' title='bbox 158 1203 187 1279; x_wconf 84' lang='grc' dir='ltr'>γε’</span> <span class='ocrx_word' id='word_1_99' title='bbox 202 1202 298 1280; x_wconf 71' lang='grc' dir='ltr'>(φησίν)</span> <span class='ocrx_word' id='word_1_100' title='bbox 313 1205 368 1260; x_wconf 80' lang='grc' dir='ltr'>ἐστι</span> <span class='ocrx_word' id='word_1_101' title='bbox 381 1201 411 1258; x_wconf 83' lang='grc' dir='ltr'>τά</span> <span class='ocrx_word' id='word_1_102' title='bbox 423 1224 452 1279; x_wconf 89' lang='grc' dir='ltr'>γε</span> <span class='ocrx_word' id='word_1_103' title='bbox 464 1203 600 1283; x_wconf 72' lang='grc' dir='ltr'>ἐλάχιστον</span> <span class='ocrx_word' id='word_1_104' title='bbox 616 1205 675 1263; x_wconf 88' lang='grc' dir='ltr'>κτλ.</span> <span class='ocrx_word' id='word_1_105' title='bbox 694 1203 744 1261; x_wconf 89' lang='lat' dir='ltr'>ubi</span> 
     </span>
     <span class='ocr_line' id='line_1_13' title="bbox 49 1288 744 1370; baseline -0.003 -20"><span class='ocrx_word' id='word_1_106' title='bbox 49 1295 89 1370; x_wconf 84' lang='grc' dir='ltr'>γλρ</span> <span class='ocrx_word' id='word_1_107' title='bbox 106 1290 270 1368; x_wconf 80' lang='lat' dir='ltr'>particulam</span> <span class='ocrx_word' id='word_1_108' title='bbox 292 1288 458 1366; x_wconf 80' lang='lat' dir='ltr'>Simplicius</span> <span class='ocrx_word' id='word_1_109' title='bbox 476 1289 609 1349; x_wconf 89' lang='lat' dir='ltr'>inseruit.</span> <span class='ocrx_word' id='word_1_110' title='bbox 631 1291 744 1368; x_wconf 81' lang='lat' dir='ltr'>Duplex</span> 
     </span>
     <span class='ocr_line' id='line_1_14' title="bbox 47 1375 746 1454; baseline -0.003 -18"><span class='ocrx_word' id='word_1_111' title='bbox 47 1381 108 1454; x_wconf 76' lang='grc' dir='ltr'>γείο</span> <span class='ocrx_word' id='word_1_112' title='bbox 119 1376 213 1434; x_wconf 85' lang='lat' dir='ltr'>eadem</span> <span class='ocrx_word' id='word_1_113' title='bbox 231 1376 372 1434; x_wconf 85' lang='lat' dir='ltr'>sententia</span> <span class='ocrx_word' id='word_1_114' title='bbox 385 1375 510 1453; x_wconf 87' lang='lat' dir='ltr'>positum</span> <span class='ocrx_word' id='word_1_115' title='bbox 535 1378 678 1434; x_wconf 84' lang='lat' dir='ltr'>neminem</span> <span class='ocrx_word' id='word_1_116' title='bbox 703 1378 746 1434; x_wconf 87' lang='lat' dir='ltr'>oi·</span> 
     </span>
     <span class='ocr_line' id='line_1_15' title="bbox 51 1463 745 1540; baseline -0.003 -14"><span class='ocrx_word' id='word_1_117' title='bbox 51 1463 745 1540; x_wconf 70' lang='lat' dir='ltr'>sendinsirniliterDiogeuesApolloniatesiragm.</span> 
     </span>
     <span class='ocr_line' id='line_1_16' title="bbox 48 1547 743 1628; baseline -0.004 -17"><span class='ocrx_word' id='word_1_118' title='bbox 48 1557 62 1611; x_wconf 88' lang='lat'>6</span> <span class='ocrx_word' id='word_1_119' title='bbox 75 1576 80 1609; x_wconf 94' lang='lat'><strong>:</strong></span> <span class='ocrx_word' id='word_1_120' title='bbox 91 1555 116 1610; x_wconf 85' lang='grc' dir='ltr'>οὐ</span> <span class='ocrx_word' id='word_1_121' title='bbox 128 1550 212 1625; x_wconf 74' lang='grc' dir='ltr'>μέντοι</span> <span class='ocrx_word' id='word_1_122' title='bbox 225 1547 353 1628; x_wconf 74' lang='grc' dir='ltr'>ἀτρεκέως</span> <span class='ocrx_word' id='word_1_123' title='bbox 367 1571 395 1628; x_wconf 82' lang='grc' dir='ltr'>γε</span> <span class='ocrx_word' id='word_1_124' title='bbox 409 1547 496 1624; x_wconf 79' lang='grc' dir='ltr'>ὅμοιόν</span> <span class='ocrx_word' id='word_1_125' title='bbox 508 1549 531 1626; x_wconf 83' lang='grc' dir='ltr'>γ’</span> <span class='ocrx_word' id='word_1_126' title='bbox 543 1553 593 1609; x_wconf 77' lang='grc' dir='ltr'>ἐάν.</span> <span class='ocrx_word' id='word_1_127' title='bbox 606 1551 743 1610; x_wconf 84' lang='lat' dir='ltr'>Caeterutn</span> 
     </span>
     <span class='ocr_line' id='line_1_17' title="bbox 48 1636 743 1714; baseline -0.001 -17"><span class='ocrx_word' id='word_1_128' title='bbox 48 1639 129 1697; x_wconf 85' lang='lat' dir='ltr'>eadem</span> <span class='ocrx_word' id='word_1_129' title='bbox 146 1639 236 1694; x_wconf 86' lang='lat' dir='ltr'>verba</span> <span class='ocrx_word' id='word_1_130' title='bbox 267 1636 372 1714; x_wconf 85' lang='lat' dir='ltr'>repetit</span> <span class='ocrx_word' id='word_1_131' title='bbox 393 1637 559 1714; x_wconf 85' lang='lat' dir='ltr'>Simplicius</span> <span class='ocrx_word' id='word_1_132' title='bbox 583 1637 634 1696; x_wconf 84' lang='lat' dir='ltr'>soi.</span> <span class='ocrx_word' id='word_1_133' title='bbox 655 1638 691 1694; x_wconf 97' lang='grc'>35</span> <span class='ocrx_word' id='word_1_134' title='bbox 713 1641 743 1697; x_wconf 85' lang='lat' dir='ltr'>b.</span> 
     </span>
     <span class='ocr_line' id='line_1_18' title="bbox 49 1714 745 1800; baseline -0.001 -18"><span class='ocrx_word' id='word_1_135' title='bbox 49 1726 154 1782; x_wconf 86' lang='lat' dir='ltr'>inrisum</span> <span class='ocrx_word' id='word_1_136' title='bbox 167 1722 239 1780; x_wconf 80' lang='lat' dir='ltr'>iliud</span> <span class='ocrx_word' id='word_1_137' title='bbox 256 1723 287 1779; x_wconf 80' lang='grc' dir='ltr'>τὸ</span> <span class='ocrx_word' id='word_1_138' title='bbox 301 1721 351 1800; x_wconf 86' lang='grc' dir='ltr'>γίιρ</span> <span class='ocrx_word' id='word_1_139' title='bbox 364 1721 404 1780; x_wconf 77' lang='grc' dir='ltr'>ἔδυ</span> <span class='ocrx_word' id='word_1_140' title='bbox 418 1723 464 1780; x_wconf 82' lang='grc' dir='ltr'>οὐκ</span> <span class='ocrx_word' id='word_1_141' title='bbox 477 1719 533 1781; x_wconf 85' lang='grc' dir='ltr'>ίστι</span> <span class='ocrx_word' id='word_1_142' title='bbox 547 1722 576 1782; x_wconf 90' lang='grc' dir='ltr'>τδ</span> <span class='ocrx_word' id='word_1_143' title='bbox 591 1721 627 1799; x_wconf 77' lang='grc' dir='ltr'>μὴ</span> <span class='ocrx_word' id='word_1_144' title='bbox 641 1723 688 1780; x_wconf 85' lang='grc' dir='ltr'>οῦκ</span> <span class='ocrx_word' id='word_1_145' title='bbox 708 1714 745 1782; x_wconf 88' lang='grc' dir='ltr'>εί-</span> 
     </span>
    </p>
   </div>
   <div class='ocr_carea' id='block_1_8' title="bbox 48 1810 748 1964">
    <p class='ocr_par' dir='ltr' id='par_1_10' title="bbox 48 1810 748 1964">
     <span class='ocr_line' id='line_1_19' title="bbox 48 1810 748 1884; baseline 0 -18"><span class='ocrx_word' id='word_1_146' title='bbox 48 1833 93 1880; x_wconf 86' lang='grc' dir='ltr'>ναι,</span> <span class='ocrx_word' id='word_1_147' title='bbox 104 1811 122 1870; x_wconf 90' lang='lat' dir='ltr'>i.</span> <span class='ocrx_word' id='word_1_148' title='bbox 136 1829 161 1868; x_wconf 87' lang='lat' dir='ltr'>e.</span> <span class='ocrx_word' id='word_1_149' title='bbox 176 1829 226 1865; x_wconf 81' lang='lat' dir='ltr'>eus</span> <span class='ocrx_word' id='word_1_150' title='bbox 238 1817 314 1865; x_wconf 79' lang='lat' dir='ltr'>enim</span> <span class='ocrx_word' id='word_1_151' title='bbox 329 1829 382 1864; x_wconf 83' lang='lat' dir='ltr'>uon</span> <span class='ocrx_word' id='word_1_152' title='bbox 397 1823 505 1865; x_wconf 83' lang='lat' dir='ltr'>estnon</span> <span class='ocrx_word' id='word_1_153' title='bbox 517 1830 587 1877; x_wconf 85' lang='lat' dir='ltr'>esse,</span> <span class='ocrx_word' id='word_1_154' title='bbox 606 1810 651 1867; x_wconf 89' lang='lat' dir='ltr'>vei</span> <span class='ocrx_word' id='word_1_155' title='bbox 672 1813 748 1884; x_wconf 79' lang='lat' dir='ltr'>qaaod</span> 
     </span>
     <span class='ocr_line' id='line_1_20' title="bbox 48 1894 744 1964; baseline 0 -20"><span class='ocrx_word' id='word_1_156' title='bbox 48 1903 91 1956; x_wconf 78' lang='grc' dir='ltr'>σοι,</span> <span class='ocrx_word' id='word_1_157' title='bbox 102 1909 150 1944; x_wconf 81' lang='lat' dir='ltr'>aon</span> <span class='ocrx_word' id='word_1_158' title='bbox 160 1902 201 1944; x_wconf 80' lang='lat' dir='ltr'>est</span> <span class='ocrx_word' id='word_1_159' title='bbox 213 1895 270 1954; x_wconf 81' lang='lat' dir='ltr'>ita,</span> <span class='ocrx_word' id='word_1_160' title='bbox 289 1901 319 1942; x_wconf 88' lang='grc' dir='ltr'>υι</span> <span class='ocrx_word' id='word_1_161' title='bbox 328 1907 382 1943; x_wconf 83' lang='lat' dir='ltr'>uon</span> <span class='ocrx_word' id='word_1_162' title='bbox 393 1894 430 1942; x_wconf 84' lang='lat' dir='ltr'>sit</span> <span class='ocrx_word' id='word_1_163' title='bbox 441 1906 555 1944; x_wconf 83' lang='lat' dir='ltr'>sensnm</span> <span class='ocrx_word' id='word_1_164' title='bbox 566 1906 744 1964; x_wconf 85' lang='lat' dir='ltr'>nequaquam</span> 
     </span>
    </p>
   </div>
   <div class='ocr_carea' id='block_1_9' title="bbox 49 1973 746 2574">
    <p class='ocr_par' dir='ltr' id='par_1_11' title="bbox 49 1973 746 2574">
     <span class='ocr_line' id='line_1_21' title="bbox 49 1973 743 2048; baseline 0.001 -18"><span class='ocrx_word' id='word_1_165' title='bbox 49 1975 182 2032; x_wconf 83' lang='lat' dir='ltr'>obscurum</span> <span class='ocrx_word' id='word_1_166' title='bbox 191 1973 290 2033; x_wconf 84' lang='lat' dir='ltr'>habet.</span> <span class='ocrx_word' id='word_1_167' title='bbox 299 1973 369 2030; x_wconf 90' lang='lat' dir='ltr'>Nam</span> <span class='ocrx_word' id='word_1_168' title='bbox 380 1974 405 2030; x_wconf 91' lang='lat' dir='ltr'>si</span> <span class='ocrx_word' id='word_1_169' title='bbox 417 1974 487 2048; x_wconf 91' lang='lat' dir='ltr'>quid</span> <span class='ocrx_word' id='word_1_170' title='bbox 497 1987 570 2031; x_wconf 80' lang='lat' dir='ltr'>essot</span> <span class='ocrx_word' id='word_1_171' title='bbox 581 1975 743 2045; x_wconf 87' lang='lat' dir='ltr'>minimum,</span> 
     </span>
     <span class='ocr_line' id='line_1_22' title="bbox 51 2059 745 2135; baseline -0.001 -17"><span class='ocrx_word' id='word_1_172' title='bbox 51 2063 215 2135; x_wconf 73' lang='lat' dir='ltr'>Anaxagoras</span> <span class='ocrx_word' id='word_1_173' title='bbox 228 2059 387 2118; x_wconf 76' lang='lat' dir='ltr'>arbitratur</span> <span class='ocrx_word' id='word_1_174' title='bbox 405 2060 483 2132; x_wconf 83' lang='lat' dir='ltr'>sore,</span> <span class='ocrx_word' id='word_1_175' title='bbox 499 2073 531 2116; x_wconf 93' lang='lat' dir='ltr'>ut</span> <span class='ocrx_word' id='word_1_176' title='bbox 551 2060 580 2117; x_wconf 91' lang='lat' dir='ltr'>id</span> <span class='ocrx_word' id='word_1_177' title='bbox 603 2061 681 2135; x_wconf 89' lang='lat' dir='ltr'>quod</span> <span class='ocrx_word' id='word_1_178' title='bbox 703 2074 745 2118; x_wconf 88' lang='lat' dir='ltr'>est</span> 
     </span>
     <span class='ocr_line' id='line_1_23' title="bbox 50 2145 745 2223; baseline -0.003 -19"><span class='ocrx_word' id='word_1_179' title='bbox 50 2149 76 2205; x_wconf 87' lang='lat' dir='ltr'>ad</span> <span class='ocrx_word' id='word_1_180' title='bbox 89 2149 200 2205; x_wconf 79' lang='lat' dir='ltr'>nihilum</span> <span class='ocrx_word' id='word_1_181' title='bbox 216 2147 313 2220; x_wconf 79' lang='lat' dir='ltr'>redigi</span> <span class='ocrx_word' id='word_1_182' title='bbox 323 2159 429 2223; x_wconf 85' lang='lat' dir='ltr'>posset.</span> <span class='ocrx_word' id='word_1_183' title='bbox 441 2145 474 2203; x_wconf 86' lang='lat' dir='ltr'>in</span> <span class='ocrx_word' id='word_1_184' title='bbox 487 2145 673 2222; x_wconf 73' lang='lat' dir='ltr'>sequentibus</span> <span class='ocrx_word' id='word_1_185' title='bbox 687 2145 745 2203; x_wconf 81' lang='grc' dir='ltr'>οὔτε</span> 
     </span>
     <span class='ocr_line' id='line_1_24' title="bbox 50 2232 744 2311; baseline -0.003 -19"><span class='ocrx_word' id='word_1_186' title='bbox 50 2234 192 2311; x_wconf 81' lang='grc' dir='ltr'>τδμέγιστον</span> <span class='ocrx_word' id='word_1_187' title='bbox 210 2233 392 2291; x_wconf 81' lang='lat' dir='ltr'>desideratur</span> <span class='ocrx_word' id='word_1_188' title='bbox 409 2233 459 2292; x_wconf 85' lang='lat' dir='ltr'>sol.</span> <span class='ocrx_word' id='word_1_189' title='bbox 473 2232 509 2288; x_wconf 89' lang='grc'>35</span> <span class='ocrx_word' id='word_1_190' title='bbox 524 2251 556 2304; x_wconf 89' lang='lat' dir='ltr'>a,</span> <span class='ocrx_word' id='word_1_191' title='bbox 571 2233 675 2308; x_wconf 85' lang='lat' dir='ltr'>legitur</span> <span class='ocrx_word' id='word_1_192' title='bbox 695 2251 744 2290; x_wconf 89' lang='lat' dir='ltr'>au·</span> 
     </span>
     <span class='ocr_line' id='line_1_25' title="bbox 50 2318 745 2397; baseline -0.004 -19"><span class='ocrx_word' id='word_1_193' title='bbox 50 2335 93 2378; x_wconf 83' lang='lat' dir='ltr'>teta</span> <span class='ocrx_word' id='word_1_194' title='bbox 107 2323 151 2380; x_wconf 84' lang='lat' dir='ltr'>iol.</span> <span class='ocrx_word' id='word_1_195' title='bbox 164 2322 200 2378; x_wconf 79' lang='lat'>35</span> <span class='ocrx_word' id='word_1_196' title='bbox 222 2320 253 2380; x_wconf 89' lang='lat' dir='ltr'>b.</span> <span class='ocrx_word' id='word_1_197' title='bbox 269 2321 354 2379; x_wconf 83' lang='lat' dir='ltr'>Coni.</span> <span class='ocrx_word' id='word_1_198' title='bbox 371 2320 474 2397; x_wconf 84' lang='lat' dir='ltr'>Sinapi.</span> <span class='ocrx_word' id='word_1_199' title='bbox 492 2319 527 2375; x_wconf 83' lang='lat'>35</span> <span class='ocrx_word' id='word_1_200' title='bbox 544 2339 560 2376; x_wconf 93' lang='lat' dir='ltr'>a</span> <span class='ocrx_word' id='word_1_201' title='bbox 574 2340 581 2376; x_wconf 75' lang='grc' dir='ltr'>ο</span> <span class='ocrx_word' id='word_1_202' title='bbox 597 2321 619 2376; x_wconf 92' lang='grc' dir='ltr'>εί</span> <span class='ocrx_word' id='word_1_203' title='bbox 631 2318 681 2395; x_wconf 83' lang='grc' dir='ltr'>γὰρ</span> <span class='ocrx_word' id='word_1_204' title='bbox 692 2327 745 2377; x_wconf 80' lang='grc' dir='ltr'>πάν</span> 
     </span>
     <span class='ocr_line' id='line_1_26' title="bbox 50 2406 746 2488; baseline -0.001 -21"><span class='ocrx_word' id='word_1_205' title='bbox 50 2409 161 2481; x_wconf 81' lang='grc' dir='ltr'>ίνταντί,</span> <span class='ocrx_word' id='word_1_206' title='bbox 175 2407 219 2467; x_wconf 83' lang='grc' dir='ltr'>κοιλ</span> <span class='ocrx_word' id='word_1_207' title='bbox 237 2419 293 2466; x_wconf 75' lang='grc' dir='ltr'>πᾶν</span> <span class='ocrx_word' id='word_1_208' title='bbox 307 2411 336 2466; x_wconf 76' lang='grc' dir='ltr'>ἐκ</span> <span class='ocrx_word' id='word_1_209' title='bbox 349 2408 442 2474; x_wconf 79' lang='grc' dir='ltr'>παντὸς</span> <span class='ocrx_word' id='word_1_210' title='bbox 458 2407 617 2488; x_wconf 79' lang='grc' dir='ltr'>ἐκκρίνεται,</span> <span class='ocrx_word' id='word_1_211' title='bbox 633 2406 679 2464; x_wconf 82' lang='grc' dir='ltr'>κοιλ</span> <span class='ocrx_word' id='word_1_212' title='bbox 694 2408 746 2466; x_wconf 79' lang='grc' dir='ltr'>άπὸ</span> 
     </span>
     <span class='ocr_line' id='line_1_27' title="bbox 49 2493 744 2574; baseline -0.006 -20"><span class='ocrx_word' id='word_1_213' title='bbox 49 2501 85 2554; x_wconf 86' lang='grc' dir='ltr'>τοῦ</span> <span class='ocrx_word' id='word_1_214' title='bbox 102 2497 230 2574; x_wconf 78' lang='grc' dir='ltr'>ἐλαχίστου</span> <span class='ocrx_word' id='word_1_215' title='bbox 245 2499 379 2562; x_wconf 76' lang='grc' dir='ltr'>δοκοῦντος</span> <span class='ocrx_word' id='word_1_216' title='bbox 400 2493 579 2574; x_wconf 68' lang='grc' dir='ltr'>ἐκκριθήσεται(</span> <span class='ocrx_word' id='word_1_217' title='bbox 592 2518 618 2552; x_wconf 90' lang='grc' dir='ltr'>τι</span> <span class='ocrx_word' id='word_1_218' title='bbox 639 2495 744 2552; x_wconf 79' lang='grc' dir='ltr'>ἔλαττον</span> 
     </span>
    </p>
   </div>
   <div class='ocr_carea' id='block_1_10' title="bbox 850 769 1624 1196">
    <p class='ocr_par' dir='ltr' id='par_1_12' title="bbox 850 769 1567 1112">
     <span class='ocr_line' id='line_1_28' title="bbox 851 769 1567 850; baseline 0.001 -20"><span class='ocrx_word' id='word_1_219' title='bbox 851 777 977 850; x_wconf 78' lang='grc' dir='ltr'>σμικροῦ,</span> <span class='ocrx_word' id='word_1_220' title='bbox 996 771 1093 841; x_wconf 79' lang='grc' dir='ltr'>πλῆθος</span> <span class='ocrx_word' id='word_1_221' title='bbox 1112 770 1157 827; x_wconf 88' lang='grc' dir='ltr'>καλ</span> <span class='ocrx_word' id='word_1_222' title='bbox 1174 770 1255 836; x_wconf 81' lang='grc' dir='ltr'>οὕτως</span> <span class='ocrx_word' id='word_1_223' title='bbox 1278 769 1309 829; x_wconf 82' lang='grc' dir='ltr'>θν</span> <span class='ocrx_word' id='word_1_224' title='bbox 1323 770 1379 844; x_wconf 87' lang='grc' dir='ltr'>είη,</span> <span class='ocrx_word' id='word_1_225' title='bbox 1390 773 1434 830; x_wconf 84' lang='grc' dir='ltr'>κοιλ</span> <span class='ocrx_word' id='word_1_226' title='bbox 1448 775 1474 831; x_wconf 80' lang='lat' dir='ltr'>lv</span> <span class='ocrx_word' id='word_1_227' title='bbox 1487 773 1567 832; x_wconf 84' lang='grc' dir='ltr'>παντὶ</span> 
     </span>
     <span class='ocr_line' id='line_1_29' title="bbox 850 849 1567 937; baseline 0 -19"><span class='ocrx_word' id='word_1_228' title='bbox 850 857 955 918; x_wconf 85' lang='grc' dir='ltr'>πάντα·</span> <span class='ocrx_word' id='word_1_229' title='bbox 972 857 1029 916; x_wconf 77' lang='grc' dir='ltr'>οὐδὲ</span> <span class='ocrx_word' id='word_1_230' title='bbox 1042 855 1122 935; x_wconf 90' lang='grc' dir='ltr'>χωρίς</span> <span class='ocrx_word' id='word_1_231' title='bbox 1133 858 1188 915; x_wconf 71' lang='grc' dir='ltr'>ἔστι</span> <span class='ocrx_word' id='word_1_232' title='bbox 1202 849 1284 929; x_wconf 81' lang='grc' dir='ltr'>εἶναι,</span> <span class='ocrx_word' id='word_1_233' title='bbox 1297 856 1364 915; x_wconf 69' lang='grc' dir='ltr'>ἀλλὰ</span> <span class='ocrx_word' id='word_1_234' title='bbox 1377 858 1463 918; x_wconf 88' lang='grc' dir='ltr'>πάντα</span> <span class='ocrx_word' id='word_1_235' title='bbox 1472 860 1567 937; x_wconf 74' lang='grc' dir='ltr'>ττσντδς</span> 
     </span>
     <span class='ocr_line' id='line_1_30' title="bbox 853 937 1566 1023; baseline 0 -19"><span class='ocrx_word' id='word_1_236' title='bbox 853 953 946 1023; x_wconf 87' lang='grc' dir='ltr'>μοῖραν</span> <span class='ocrx_word' id='word_1_237' title='bbox 957 943 1069 1023; x_wconf 77' lang='grc' dir='ltr'>μετέχοι.</span> <span class='ocrx_word' id='word_1_238' title='bbox 1080 939 1148 1002; x_wconf 87' lang='grc' dir='ltr'>Ὅτε</span> <span class='ocrx_word' id='word_1_239' title='bbox 1160 942 1187 1001; x_wconf 76' lang='grc' dir='ltr'>δὲ</span> <span class='ocrx_word' id='word_1_240' title='bbox 1198 943 1366 1022; x_wconf 80' lang='grc' dir='ltr'>τούλάχιστον</span> <span class='ocrx_word' id='word_1_241' title='bbox 1376 945 1414 1020; x_wconf 84' lang='grc' dir='ltr'>μή</span> <span class='ocrx_word' id='word_1_242' title='bbox 1427 937 1566 1023; x_wconf 63' lang='lat' dir='ltr'>inradiat,</span> 
     </span>
     <span class='ocr_line' id='line_1_31' title="bbox 851 1029 1566 1112; baseline 0 -22"><span class='ocrx_word' id='word_1_243' title='bbox 851 1034 898 1090; x_wconf 80' lang='grc' dir='ltr'>οὐκ</span> <span class='ocrx_word' id='word_1_244' title='bbox 913 1029 944 1089; x_wconf 81' lang='grc' dir='ltr'>άν</span> <span class='ocrx_word' id='word_1_245' title='bbox 958 1031 1061 1088; x_wconf 87' lang='grc' dir='ltr'>δύναιτο</span> <span class='ocrx_word' id='word_1_246' title='bbox 1073 1033 1233 1109; x_wconf 78' lang='grc' dir='ltr'>χωρισθῆναι</span> <span class='ocrx_word' id='word_1_247' title='bbox 1241 1031 1293 1088; x_wconf 80' lang='grc' dir='ltr'>οὐδ’</span> <span class='ocrx_word' id='word_1_248' title='bbox 1305 1030 1337 1089; x_wconf 82' lang='grc' dir='ltr'>δν</span> <span class='ocrx_word' id='word_1_249' title='bbox 1346 1030 1404 1104; x_wconf 87' lang='grc' dir='ltr'>λίην</span> <span class='ocrx_word' id='word_1_250' title='bbox 1416 1033 1458 1112; x_wconf 74' lang='grc' dir='ltr'>ἄρ’</span> <span class='ocrx_word' id='word_1_251' title='bbox 1470 1035 1566 1092; x_wconf 74' lang='grc' dir='ltr'>ἑωυτοῦ</span> 
     </span>
    </p>

    <p class='ocr_par' dir='ltr' id='par_1_13' title="bbox 851 1110 1624 1196">
     <span class='ocr_line' id='line_1_32' title="bbox 851 1110 1624 1196; baseline -0.001 -19"><span class='ocrx_word' id='word_1_252' title='bbox 851 1119 984 1195; x_wconf 80' lang='grc' dir='ltr'>γενέσθαι,</span> <span class='ocrx_word' id='word_1_253' title='bbox 999 1117 1058 1176; x_wconf 76' lang='grc' dir='ltr'>ἀλλ’</span> <span class='ocrx_word' id='word_1_254' title='bbox 1072 1117 1137 1182; x_wconf 79' lang='grc' dir='ltr'>ὅκως</span> <span class='ocrx_word' id='word_1_255' title='bbox 1148 1117 1206 1194; x_wconf 82' lang='grc' dir='ltr'>περὶ</span> <span class='ocrx_word' id='word_1_256' title='bbox 1219 1116 1303 1196; x_wconf 81' lang='grc' dir='ltr'>ἀρχὴν</span> <span class='ocrx_word' id='word_1_257' title='bbox 1315 1110 1356 1190; x_wconf 70' lang='grc' dir='ltr'>ἦν,</span> <span class='ocrx_word' id='word_1_258' title='bbox 1368 1118 1413 1177; x_wconf 82' lang='grc' dir='ltr'>καί</span> <span class='ocrx_word' id='word_1_259' title='bbox 1426 1124 1469 1177; x_wconf 89' lang='grc' dir='ltr'>νῦν</span> <span class='ocrx_word' id='word_1_260' title='bbox 1480 1120 1566 1178; x_wconf 84' lang='grc' dir='ltr'>πάντα</span> <span class='ocrx_word' id='word_1_261' title='bbox 1622 1111 1624 1116; x_wconf 48' lang='grc'><strong>’</strong></span> 
     </span>
    </p>
   </div>
   <div class='ocr_carea' id='block_1_11' title="bbox 816 1201 1566 1281">
    <p class='ocr_par' dir='ltr' id='par_1_14' title="bbox 816 1201 1566 1281">
     <span class='ocr_line' id='line_1_33' title="bbox 816 1201 1566 1281; baseline 0.001 -18"><span class='ocrx_word' id='word_1_262' title='bbox 816 1243 819 1250; x_wconf 90' lang='grc'>-</span> <span class='ocrx_word' id='word_1_263' title='bbox 850 1209 927 1280; x_wconf 79' lang='grc' dir='ltr'>ὁμοῦ.</span> <span class='ocrx_word' id='word_1_264' title='bbox 943 1203 991 1263; x_wconf 86' lang='grc' dir='ltr'>Ἐν</span> <span class='ocrx_word' id='word_1_265' title='bbox 1010 1212 1075 1260; x_wconf 76' lang='grc' dir='ltr'>πᾶσι</span> <span class='ocrx_word' id='word_1_266' title='bbox 1094 1201 1120 1260; x_wconf 86' lang='grc' dir='ltr'>δί</span> <span class='ocrx_word' id='word_1_267' title='bbox 1141 1202 1226 1262; x_wconf 76' lang='grc' dir='ltr'>πολλὰ</span> <span class='ocrx_word' id='word_1_268' title='bbox 1240 1202 1323 1261; x_wconf 80' lang='grc' dir='ltr'>ἔνεστι</span> <span class='ocrx_word' id='word_1_269' title='bbox 1336 1203 1381 1262; x_wconf 87' lang='grc' dir='ltr'>καί</span> <span class='ocrx_word' id='word_1_270' title='bbox 1393 1209 1443 1265; x_wconf 84' lang='grc' dir='ltr'>τῶν</span> <span class='ocrx_word' id='word_1_271' title='bbox 1458 1205 1566 1281; x_wconf 70' lang='lat' dir='ltr'>irrorar-</span> 
     </span>
    </p>
   </div>
   <div class='ocr_carea' id='block_1_12' title="bbox 849 1288 1593 1881">
    <p class='ocr_par' dir='ltr' id='par_1_15' title="bbox 849 1288 1563 1368">
     <span class='ocr_line' id='line_1_34' title="bbox 849 1288 1563 1368; baseline -0.006 -18"><span class='ocrx_word' id='word_1_272' title='bbox 849 1290 964 1368; x_wconf 73' lang='grc' dir='ltr'>νομένων</span> <span class='ocrx_word' id='word_1_273' title='bbox 972 1289 1017 1346; x_wconf 79' lang='grc' dir='ltr'>ἴσα</span> <span class='ocrx_word' id='word_1_274' title='bbox 1030 1291 1126 1360; x_wconf 79' lang='grc' dir='ltr'>πλῆθος</span> <span class='ocrx_word' id='word_1_275' title='bbox 1133 1291 1158 1347; x_wconf 74' lang='grc' dir='ltr'>ἓν</span> <span class='ocrx_word' id='word_1_276' title='bbox 1170 1292 1236 1347; x_wconf 86' lang='grc' dir='ltr'>τοῖσι</span> <span class='ocrx_word' id='word_1_277' title='bbox 1245 1288 1369 1365; x_wconf 80' lang='grc' dir='ltr'>μίζοσίτι</span> <span class='ocrx_word' id='word_1_278' title='bbox 1379 1290 1424 1349; x_wconf 82' lang='grc' dir='ltr'>καί</span> <span class='ocrx_word' id='word_1_279' title='bbox 1432 1291 1563 1349; x_wconf 79' lang='grc' dir='ltr'>ἐλάσσοσι.</span> 
     </span>
    </p>

    <p class='ocr_par' dir='ltr' id='par_1_16' title="bbox 849 1376 1593 1881">
     <span class='ocr_line' id='line_1_35' title="bbox 892 1376 1563 1452; baseline 0.003 -18"><span class='ocrx_word' id='word_1_280' title='bbox 892 1376 1067 1452; x_wconf 85' lang='lat' dir='ltr'>(Simplicius</span> <span class='ocrx_word' id='word_1_281' title='bbox 1084 1377 1244 1438; x_wconf 79' lang='lat' dir='ltr'>Commeat.</span> <span class='ocrx_word' id='word_1_282' title='bbox 1259 1377 1290 1434; x_wconf 92' lang='lat' dir='ltr'>in</span> <span class='ocrx_word' id='word_1_283' title='bbox 1303 1377 1392 1436; x_wconf 76' lang='lat' dir='ltr'>Arist.</span> <span class='ocrx_word' id='word_1_284' title='bbox 1407 1377 1495 1452; x_wconf 78' lang='lat' dir='ltr'>Phys.</span> <span class='ocrx_word' id='word_1_285' title='bbox 1513 1378 1563 1436; x_wconf 80' lang='lat' dir='ltr'>iot.</span> 
     </span>
     <span class='ocr_line' id='line_1_36' title="bbox 852 1460 1568 1540; baseline 0 -22"><span class='ocrx_word' id='word_1_286' title='bbox 852 1461 888 1517; x_wconf 81' lang='lat'>35</span> <span class='ocrx_word' id='word_1_287' title='bbox 911 1481 937 1521; x_wconf 92' lang='lat' dir='ltr'>a.</span> <span class='ocrx_word' id='word_1_288' title='bbox 962 1460 996 1518; x_wconf 94' lang='lat' dir='ltr'>ln</span> <span class='ocrx_word' id='word_1_289' title='bbox 1019 1462 1152 1539; x_wconf 88' lang='lat' dir='ltr'>exemplo</span> <span class='ocrx_word' id='word_1_290' title='bbox 1174 1461 1280 1519; x_wconf 81' lang='lat' dir='ltr'>Aldina</span> <span class='ocrx_word' id='word_1_291' title='bbox 1310 1463 1414 1536; x_wconf 84' lang='lat' dir='ltr'>legitur</span> <span class='ocrx_word' id='word_1_292' title='bbox 1437 1461 1494 1519; x_wconf 81' lang='grc' dir='ltr'>ἀλλ’</span> <span class='ocrx_word' id='word_1_293' title='bbox 1505 1460 1568 1540; x_wconf 82' lang='grc' dir='ltr'>ὅπερ</span> 
     </span>
     <span class='ocr_line' id='line_1_37' title="bbox 849 1537 1593 1625; baseline 0.007 -23"><span class='ocrx_word' id='word_1_294' title='bbox 849 1545 909 1624; x_wconf 84' lang='grc' dir='ltr'>περί</span> <span class='ocrx_word' id='word_1_295' title='bbox 930 1545 1014 1625; x_wconf 75' lang='grc' dir='ltr'>ἀρχὴν</span> <span class='ocrx_word' id='word_1_296' title='bbox 1029 1537 1112 1617; x_wconf 72' lang='grc' dir='ltr'>εἶναι,</span> <span class='ocrx_word' id='word_1_297' title='bbox 1131 1546 1175 1604; x_wconf 88' lang='grc' dir='ltr'>κοιλ</span> <span class='ocrx_word' id='word_1_298' title='bbox 1196 1551 1239 1604; x_wconf 85' lang='grc' dir='ltr'>νῦν</span> <span class='ocrx_word' id='word_1_299' title='bbox 1255 1546 1341 1605; x_wconf 88' lang='grc' dir='ltr'>πάντα</span> <span class='ocrx_word' id='word_1_300' title='bbox 1358 1551 1437 1623; x_wconf 84' lang='grc' dir='ltr'>ὁμοῦ,</span> <span class='ocrx_word' id='word_1_301' title='bbox 1453 1549 1483 1606; x_wconf 89' lang='lat' dir='ltr'>in</span> <span class='ocrx_word' id='word_1_302' title='bbox 1501 1548 1566 1606; x_wconf 88' lang='lat' dir='ltr'>cod.</span> <span class='ocrx_word' id='word_1_303' title='bbox 1590 1611 1593 1618; x_wconf 67' lang='grc'>,</span> 
     </span>
     <span class='ocr_line' id='line_1_38' title="bbox 850 1623 1567 1713; baseline 0.003 -22"><span class='ocrx_word' id='word_1_304' title='bbox 850 1630 961 1698; x_wconf 68' lang='lat' dir='ltr'>Diana</span> <span class='ocrx_word' id='word_1_305' title='bbox 974 1655 1024 1713; x_wconf 85' lang='grc' dir='ltr'>περ</span> <span class='ocrx_word' id='word_1_306' title='bbox 1043 1633 1128 1711; x_wconf 74' lang='grc' dir='ltr'>ἀρχὴν</span> <span class='ocrx_word' id='word_1_307' title='bbox 1152 1623 1232 1705; x_wconf 78' lang='grc' dir='ltr'>εἶναι,</span> <span class='ocrx_word' id='word_1_308' title='bbox 1255 1635 1302 1692; x_wconf 83' lang='lat' dir='ltr'>sed</span> <span class='ocrx_word' id='word_1_309' title='bbox 1320 1634 1378 1692; x_wconf 91' lang='lat' dir='ltr'>loci</span> <span class='ocrx_word' id='word_1_310' title='bbox 1401 1653 1501 1692; x_wconf 76' lang='lat' dir='ltr'>sensus</span> <span class='ocrx_word' id='word_1_311' title='bbox 1522 1655 1567 1693; x_wconf 85' lang='lat' dir='ltr'>re-</span> 
     </span>
     <span class='ocr_line' id='line_1_39' title="bbox 850 1716 1567 1799; baseline 0.004 -24"><span class='ocrx_word' id='word_1_312' title='bbox 850 1719 943 1794; x_wconf 80' lang='lat' dir='ltr'>quirit</span> <span class='ocrx_word' id='word_1_313' title='bbox 959 1719 1017 1776; x_wconf 79' lang='grc' dir='ltr'>οίλλ’</span> <span class='ocrx_word' id='word_1_314' title='bbox 1031 1718 1099 1784; x_wconf 81' lang='grc' dir='ltr'>ὅκως</span> <span class='ocrx_word' id='word_1_315' title='bbox 1108 1716 1168 1798; x_wconf 85' lang='grc' dir='ltr'>τιερί</span> <span class='ocrx_word' id='word_1_316' title='bbox 1189 1716 1272 1799; x_wconf 72' lang='grc' dir='ltr'>ἀρχὴν</span> <span class='ocrx_word' id='word_1_317' title='bbox 1285 1720 1330 1776; x_wconf 80' lang='grc' dir='ltr'>κοί</span> <span class='ocrx_word' id='word_1_318' title='bbox 1342 1723 1401 1798; x_wconf 84' lang='grc' dir='ltr'>περί</span> <span class='ocrx_word' id='word_1_319' title='bbox 1414 1719 1461 1790; x_wconf 83' lang='grc' dir='ltr'>τὴν</span> <span class='ocrx_word' id='word_1_320' title='bbox 1483 1719 1567 1798; x_wconf 71' lang='grc' dir='ltr'>ἀρχὴν</span> 
     </span>
     <span class='ocr_line' id='line_1_40' title="bbox 850 1797 1138 1881; baseline 0 -19"><span class='ocrx_word' id='word_1_321' title='bbox 850 1797 894 1880; x_wconf 68' lang='grc' dir='ltr'>ἦν,</span> <span class='ocrx_word' id='word_1_322' title='bbox 909 1805 986 1881; x_wconf 94' lang='lat' dir='ltr'>quod</span> <span class='ocrx_word' id='word_1_323' title='bbox 998 1805 1138 1880; x_wconf 82' lang='lat' dir='ltr'>vulgavi.)</span> 
     </span>
    </p>
   </div>
   <div class='ocr_carea' id='block_1_13' title="bbox 793 1889 1568 1969">
    <p class='ocr_par' dir='ltr' id='par_1_17' title="bbox 793 1889 1568 1969">
     <span class='ocr_line' id='line_1_41' title="bbox 793 1889 1568 1969; baseline -0.008 -15"><span class='ocrx_word' id='word_1_324' title='bbox 793 1915 827 1956; x_wconf 80' lang='grc' dir='ltr'>ιι.</span> <span class='ocrx_word' id='word_1_325' title='bbox 844 1896 869 1953; x_wconf 86' lang='grc' dir='ltr'>Τ</span> <span class='ocrx_word' id='word_1_326' title='bbox 870 1891 883 1950; x_wconf 84' lang='grc' dir='ltr'>θ</span> <span class='ocrx_word' id='word_1_327' title='bbox 895 1889 921 1948; x_wconf 76' lang='grc' dir='ltr'>δὲ</span> <span class='ocrx_word' id='word_1_328' title='bbox 933 1891 1048 1968; x_wconf 85' lang='grc' dir='ltr'>γίνεσθαι</span> <span class='ocrx_word' id='word_1_329' title='bbox 1059 1891 1104 1949; x_wconf 87' lang='grc' dir='ltr'>καί</span> <span class='ocrx_word' id='word_1_330' title='bbox 1117 1891 1278 1951; x_wconf 83' lang='grc' dir='ltr'>άτιολλυσθαι</span> <span class='ocrx_word' id='word_1_331' title='bbox 1287 1891 1334 1949; x_wconf 89' lang='grc' dir='ltr'>οὗκ</span> <span class='ocrx_word' id='word_1_332' title='bbox 1345 1893 1425 1969; x_wconf 84' lang='grc' dir='ltr'>ὀρθῶς</span> <span class='ocrx_word' id='word_1_333' title='bbox 1437 1891 1568 1968; x_wconf 79' lang='grc' dir='ltr'>νομίζουσι</span> 
     </span>
    </p>
   </div>
   <div class='ocr_carea' id='block_1_14' title="bbox 850 1971 1569 2488">
    <p class='ocr_par' dir='ltr' id='par_1_18' title="bbox 850 1971 1569 2406">
     <span class='ocr_line' id='line_1_42' title="bbox 850 1971 1568 2056; baseline -0.001 -20"><span class='ocrx_word' id='word_1_334' title='bbox 850 1981 874 2036; x_wconf 80' lang='grc' dir='ltr'>οἱ</span> <span class='ocrx_word' id='word_1_335' title='bbox 886 1973 1033 2046; x_wconf 77' lang='grc' dir='ltr'>Ἕλληνες·</span> <span class='ocrx_word' id='word_1_336' title='bbox 1050 1976 1122 2034; x_wconf 80' lang='grc' dir='ltr'>οὐδὲν</span> <span class='ocrx_word' id='word_1_337' title='bbox 1134 1971 1184 2055; x_wconf 88' lang='grc' dir='ltr'>γδιρ</span> <span class='ocrx_word' id='word_1_338' title='bbox 1205 1981 1297 2056; x_wconf 84' lang='grc' dir='ltr'>χρῆμα</span> <span class='ocrx_word' id='word_1_339' title='bbox 1318 1977 1376 2035; x_wconf 77' lang='grc' dir='ltr'>οῦδὲ</span> <span class='ocrx_word' id='word_1_340' title='bbox 1399 1976 1496 2054; x_wconf 88' lang='grc' dir='ltr'>γίνεται</span> <span class='ocrx_word' id='word_1_341' title='bbox 1510 1976 1568 2035; x_wconf 73' lang='lat' dir='ltr'>otii</span> 
     </span>
     <span class='ocr_line' id='line_1_43' title="bbox 851 2062 1569 2142; baseline 0 -21"><span class='ocrx_word' id='word_1_342' title='bbox 851 2063 1002 2134; x_wconf 85' lang='grc' dir='ltr'>άτιάλλυται,</span> <span class='ocrx_word' id='word_1_343' title='bbox 1014 2063 1072 2120; x_wconf 79' lang='grc' dir='ltr'>ἀλλ’</span> <span class='ocrx_word' id='word_1_344' title='bbox 1081 2062 1233 2122; x_wconf 79' lang='grc' dir='ltr'>άτιδέόντων</span> <span class='ocrx_word' id='word_1_345' title='bbox 1240 2062 1381 2142; x_wconf 85' lang='grc' dir='ltr'>χρημάτων</span> <span class='ocrx_word' id='word_1_346' title='bbox 1392 2062 1569 2138; x_wconf 83' lang='grc' dir='ltr'>συμμίσγεταί</span> 
     </span>
     <span class='ocr_line' id='line_1_44' title="bbox 850 2148 1568 2230; baseline -0.001 -23"><span class='ocrx_word' id='word_1_347' title='bbox 850 2174 878 2208; x_wconf 90' lang='grc' dir='ltr'>τε</span> <span class='ocrx_word' id='word_1_348' title='bbox 890 2150 933 2207; x_wconf 84' lang='grc' dir='ltr'>καὶ</span> <span class='ocrx_word' id='word_1_349' title='bbox 945 2148 1113 2230; x_wconf 72' lang='grc' dir='ltr'>διακρίνεται.</span> <span class='ocrx_word' id='word_1_350' title='bbox 1126 2150 1180 2209; x_wconf 81' lang='grc' dir='ltr'>Καὶ</span> <span class='ocrx_word' id='word_1_351' title='bbox 1191 2148 1271 2215; x_wconf 81' lang='grc' dir='ltr'>οὕτως</span> <span class='ocrx_word' id='word_1_352' title='bbox 1284 2149 1314 2207; x_wconf 87' lang='grc' dir='ltr'>διν</span> <span class='ocrx_word' id='word_1_353' title='bbox 1328 2151 1408 2229; x_wconf 84' lang='grc' dir='ltr'>ὀρθῶς</span> <span class='ocrx_word' id='word_1_354' title='bbox 1418 2150 1520 2208; x_wconf 85' lang='grc' dir='ltr'>καλοῖεν</span> <span class='ocrx_word' id='word_1_355' title='bbox 1538 2149 1568 2207; x_wconf 85' lang='grc' dir='ltr'>τό</span> 
     </span>
     <span class='ocr_line' id='line_1_45' title="bbox 850 2234 1568 2314; baseline -0.001 -18"><span class='ocrx_word' id='word_1_356' title='bbox 850 2262 879 2296; x_wconf 87' lang='grc' dir='ltr'>τε</span> <span class='ocrx_word' id='word_1_357' title='bbox 890 2235 1009 2312; x_wconf 86' lang='grc' dir='ltr'>γίνεσθοιιΙ</span> <span class='ocrx_word' id='word_1_358' title='bbox 1020 2235 1212 2314; x_wconf 78' lang='grc' dir='ltr'>συμμίσγεσθαι</span> <span class='ocrx_word' id='word_1_359' title='bbox 1231 2235 1276 2294; x_wconf 91' lang='grc' dir='ltr'>κοιλ</span> <span class='ocrx_word' id='word_1_360' title='bbox 1292 2234 1321 2294; x_wconf 82' lang='lat' dir='ltr'>ri</span> <span class='ocrx_word' id='word_1_361' title='bbox 1335 2237 1495 2294; x_wconf 77' lang='grc' dir='ltr'>ἀπόλλυσθαι</span> <span class='ocrx_word' id='word_1_362' title='bbox 1508 2237 1568 2295; x_wconf 89' lang='grc' dir='ltr'>δια·</span> 
     </span>
     <span class='ocr_line' id='line_1_46' title="bbox 850 2315 992 2406; baseline -0.007 -24"><span class='ocrx_word' id='word_1_363' title='bbox 850 2315 992 2406; x_wconf 75' lang='grc' dir='ltr'>κρίνεσθαί.</span> 
     </span>
    </p>

    <p class='ocr_par' dir='ltr' id='par_1_19' title="bbox 892 2407 1565 2488">
     <span class='ocr_line' id='line_1_47' title="bbox 892 2407 1565 2488; baseline 0.003 -22"><span class='ocrx_word' id='word_1_364' title='bbox 892 2409 1069 2488; x_wconf 87' lang='lat' dir='ltr'>(Simplicius</span> <span class='ocrx_word' id='word_1_365' title='bbox 1082 2410 1241 2470; x_wconf 81' lang='lat' dir='ltr'>Commeat.</span> <span class='ocrx_word' id='word_1_366' title='bbox 1256 2409 1288 2467; x_wconf 91' lang='lat' dir='ltr'>in</span> <span class='ocrx_word' id='word_1_367' title='bbox 1301 2407 1391 2467; x_wconf 80' lang='lat' dir='ltr'>Arist.</span> <span class='ocrx_word' id='word_1_368' title='bbox 1406 2407 1493 2484; x_wconf 84' lang='lat' dir='ltr'><strong>Phys.</strong></span> <span class='ocrx_word' id='word_1_369' title='bbox 1515 2409 1565 2469; x_wconf 86' lang='lat' dir='ltr'>soi.</span> 
     </span>
    </p>
   </div>
   <div class='ocr_carea' id='block_1_15' title="bbox 9 2653 1604 2897">
    <p class='ocr_par' dir='ltr' id='par_1_20' title="bbox 9 2653 1604 2897">
     <span class='ocr_line' id='line_1_48' title="bbox 32 2653 1568 2724; baseline -0.005 -15"><span class='ocrx_word' id='word_1_370' title='bbox 32 2666 58 2709; x_wconf 78' lang='lat' dir='ltr'>ii.</span> <span class='ocrx_word' id='word_1_371' title='bbox 70 2663 270 2724; x_wconf 75' lang='lat' dir='ltr'>aequepnvoesr</span> <span class='ocrx_word' id='word_1_372' title='bbox 280 2660 415 2718; x_wconf 86' lang='lat' dir='ltr'>minimum,</span> <span class='ocrx_word' id='word_1_373' title='bbox 425 2659 466 2707; x_wconf 80' lang='lat' dir='ltr'>aed</span> <span class='ocrx_word' id='word_1_374' title='bbox 477 2671 570 2720; x_wconf 80' lang='lat' dir='ltr'>semper</span> <span class='ocrx_word' id='word_1_375' title='bbox 579 2653 745 2719; x_wconf 74' lang='lat' dir='ltr'>minns=qn0a</span> <span class='ocrx_word' id='word_1_376' title='bbox 791 2657 844 2718; x_wconf 82' lang='lat' dir='ltr'>ipro</span> <span class='ocrx_word' id='word_1_377' title='bbox 860 2657 927 2719; x_wconf 87' lang='lat' dir='ltr'>qnasi</span> <span class='ocrx_word' id='word_1_378' title='bbox 952 2657 1045 2719; x_wconf 86' lang='lat' dir='ltr'>penitus</span> <span class='ocrx_word' id='word_1_379' title='bbox 1062 2657 1145 2716; x_wconf 78' lang='lat' dir='ltr'>aretii,</span> <span class='ocrx_word' id='word_1_380' title='bbox 1165 2656 1207 2705; x_wconf 83' lang='lat' dir='ltr'>sed</span> <span class='ocrx_word' id='word_1_381' title='bbox 1229 2655 1430 2718; x_wconf 86' lang='lat' dir='ltr'>quemadmodum</span> <span class='ocrx_word' id='word_1_382' title='bbox 1453 2653 1568 2715; x_wconf 81' lang='lat' dir='ltr'>principio</span> 
     </span>
     <span class='ocr_line' id='line_1_49' title="bbox 9 2741 1567 2809; baseline -0.004 -15"><span class='ocrx_word' id='word_1_383' title='bbox 9 2747 53 2795; x_wconf 84' lang='grc' dir='ltr'>ιοῑιο</span> <span class='ocrx_word' id='word_1_384' title='bbox 65 2751 105 2808; x_wconf 82' lang='grc' dir='ltr'>σοι,</span> <span class='ocrx_word' id='word_1_385' title='bbox 119 2761 161 2797; x_wconf 88' lang='lat' dir='ltr'>non</span> <span class='ocrx_word' id='word_1_386' title='bbox 176 2753 211 2797; x_wconf 85' lang='lat' dir='ltr'>est</span> <span class='ocrx_word' id='word_1_387' title='bbox 224 2749 276 2809; x_wconf 83' lang='lat' dir='ltr'>iia,</span> <span class='ocrx_word' id='word_1_388' title='bbox 287 2749 313 2796; x_wconf 89' lang='lat' dir='ltr'>ut</span> <span class='ocrx_word' id='word_1_389' title='bbox 325 2759 372 2795; x_wconf 91' lang='lat' dir='ltr'>non</span> <span class='ocrx_word' id='word_1_390' title='bbox 384 2746 415 2794; x_wconf 84' lang='lat' dir='ltr'>sit</span> <span class='ocrx_word' id='word_1_391' title='bbox 432 2764 438 2793; x_wconf 89' lang='lat'>:</span> <span class='ocrx_word' id='word_1_392' title='bbox 457 2757 533 2806; x_wconf 77' lang='lat' dir='ltr'>nequa</span> <span class='ocrx_word' id='word_1_393' title='bbox 550 2743 680 2792; x_wconf 81' lang='lat' dir='ltr'>maximum</span> <span class='ocrx_word' id='word_1_394' title='bbox 697 2745 747 2803; x_wconf 76' lang='lat' dir='ltr'>sai,</span> <span class='ocrx_word' id='word_1_395' title='bbox 793 2757 873 2792; x_wconf 80' lang='lat' dir='ltr'>reruni</span> <span class='ocrx_word' id='word_1_396' title='bbox 894 2744 952 2792; x_wconf 87' lang='lat' dir='ltr'>nihii</span> <span class='ocrx_word' id='word_1_397' title='bbox 968 2757 1016 2792; x_wconf 89' lang='lat' dir='ltr'>nou</span> <span class='ocrx_word' id='word_1_398' title='bbox 1037 2742 1172 2805; x_wconf 71' lang='lat' dir='ltr'>colligatum</span> <span class='ocrx_word' id='word_1_399' title='bbox 1187 2745 1249 2804; x_wconf 86' lang='lat' dir='ltr'>erat,</span> <span class='ocrx_word' id='word_1_400' title='bbox 1268 2742 1302 2791; x_wconf 83' lang='lat' dir='ltr'>sio</span> <span class='ocrx_word' id='word_1_401' title='bbox 1322 2742 1393 2790; x_wconf 80' lang='lat' dir='ltr'>etiarn</span> <span class='ocrx_word' id='word_1_402' title='bbox 1412 2754 1475 2789; x_wconf 87' lang='lat' dir='ltr'>nuno</span> <span class='ocrx_word' id='word_1_403' title='bbox 1487 2741 1567 2789; x_wconf 84' lang='lat' dir='ltr'>omnia</span> 
     </span>
     <span class='ocr_line' id='line_1_50' title="bbox 10 2829 1604 2897; baseline -0.004 -15"><span class='ocrx_word' id='word_1_404' title='bbox 10 2835 246 2897; x_wconf 72' lang='lat' dir='ltr'>adetnagnotemper</span> <span class='ocrx_word' id='word_1_405' title='bbox 262 2839 300 2884; x_wconf 81' lang='lat' dir='ltr'>est</span> <span class='ocrx_word' id='word_1_406' title='bbox 315 2833 391 2894; x_wconf 75' lang='lat' dir='ltr'>mains</span> <span class='ocrx_word' id='word_1_407' title='bbox 406 2852 413 2882; x_wconf 74' lang='grc' dir='ltr'><strong>ε</strong></span> <span class='ocrx_word' id='word_1_408' title='bbox 431 2833 455 2881; x_wconf 86' lang='lat' dir='ltr'>at</span> <span class='ocrx_word' id='word_1_409' title='bbox 471 2844 583 2892; x_wconf 80' lang='lat' dir='ltr'>magnum</span> <span class='ocrx_word' id='word_1_410' title='bbox 604 2843 679 2892; x_wconf 80' lang='lat' dir='ltr'>parvo</span> <span class='ocrx_word' id='word_1_411' title='bbox 695 2843 746 2879; x_wconf 85' lang='lat' dir='ltr'>ma·</span> <span class='ocrx_word' id='word_1_412' title='bbox 794 2831 922 2880; x_wconf 77' lang='lat' dir='ltr'>oohaerent.</span> <span class='ocrx_word' id='word_1_413' title='bbox 938 2832 966 2879; x_wconf 89' lang='lat' dir='ltr'>in</span> <span class='ocrx_word' id='word_1_414' title='bbox 982 2831 1094 2879; x_wconf 84' lang='lat' dir='ltr'>omuibus</span> <span class='ocrx_word' id='word_1_415' title='bbox 1111 2833 1192 2878; x_wconf 82' lang='lat' dir='ltr'>autem</span> <span class='ocrx_word' id='word_1_416' title='bbox 1207 2829 1284 2878; x_wconf 89' lang='lat' dir='ltr'>muita</span> <span class='ocrx_word' id='word_1_417' title='bbox 1299 2830 1395 2889; x_wconf 78' lang='lat' dir='ltr'>insunt,</span> <span class='ocrx_word' id='word_1_418' title='bbox 1412 2839 1567 2890; x_wconf 78' lang='lat' dir='ltr'>rerumquae</span> <span class='ocrx_word' id='word_1_419' title='bbox 1601 2833 1604 2840; x_wconf 59' lang='lat'><strong>⁴</strong></span> 
     </span>
    </p>
   </div>
   <div class='ocr_carea' id='block_1_16' title="bbox 10 2915 1567 2984">
    <p class='ocr_par' dir='ltr' id='par_1_21' title="bbox 10 2915 1567 2984">
     <span class='ocr_line' id='line_1_51' title="bbox 10 2915 1567 2984; baseline -0.003 -17"><span class='ocrx_word' id='word_1_420' title='bbox 10 2921 101 2980; x_wconf 68' lang='lat' dir='ltr'>grintina</span> <span class='ocrx_word' id='word_1_421' title='bbox 113 2935 151 2982; x_wconf 83' lang='grc' dir='ltr'>ρει</span> <span class='ocrx_word' id='word_1_422' title='bbox 163 2924 211 2984; x_wconf 82' lang='grc' dir='ltr'>σοι,</span> <span class='ocrx_word' id='word_1_423' title='bbox 227 2934 273 2982; x_wconf 80' lang='grc' dir='ltr'>ρει</span> <span class='ocrx_word' id='word_1_424' title='bbox 285 2933 311 2970; x_wconf 82' lang='lat' dir='ltr'>aa</span> <span class='ocrx_word' id='word_1_425' title='bbox 323 2933 380 2969; x_wconf 83' lang='lat' dir='ltr'>roro</span> <span class='ocrx_word' id='word_1_426' title='bbox 394 2918 577 2980; x_wconf 84' lang='lat' dir='ltr'>unumquidque</span> <span class='ocrx_word' id='word_1_427' title='bbox 590 2919 615 2966; x_wconf 85' lang='lat' dir='ltr'>et</span> <span class='ocrx_word' id='word_1_428' title='bbox 634 2929 747 2978; x_wconf 74' lang='lat' dir='ltr'>magnum</span> <span class='ocrx_word' id='word_1_429' title='bbox 794 2917 894 2965; x_wconf 85' lang='lat' dir='ltr'>materia</span> <span class='ocrx_word' id='word_1_430' title='bbox 912 2919 1059 2965; x_wconf 63' lang='lat' dir='ltr'>secretarum</span> <span class='ocrx_word' id='word_1_431' title='bbox 1079 2917 1114 2964; x_wconf 84' lang='lat' dir='ltr'>iot</span> <span class='ocrx_word' id='word_1_432' title='bbox 1135 2916 1258 2978; x_wconf 79' lang='lat' dir='ltr'>particulae</span> <span class='ocrx_word' id='word_1_433' title='bbox 1274 2916 1299 2965; x_wconf 90' lang='lat' dir='ltr'>iu</span> <span class='ocrx_word' id='word_1_434' title='bbox 1318 2915 1449 2976; x_wconf 72' lang='lat' dir='ltr'>maioribus</span> <span class='ocrx_word' id='word_1_435' title='bbox 1468 2915 1567 2977; x_wconf 87' lang='lat' dir='ltr'>quatio</span> 
     </span>
    </p>
   </div>
   <div class='ocr_carea' id='block_1_17' title="bbox 10 3011 163 3068">
    <p class='ocr_par' dir='ltr' id='par_1_22' title="bbox 10 3011 163 3068">
     <span class='ocr_line' id='line_1_52' title="bbox 10 3011 163 3068; baseline 0.013 -13"><span class='ocrx_word' id='word_1_436' title='bbox 10 3011 34 3055; x_wconf 80' lang='lat' dir='ltr'>ai</span> <span class='ocrx_word' id='word_1_437' title='bbox 42 3011 60 3056; x_wconf 86' lang='grc' dir='ltr'>ιί</span> <span class='ocrx_word' id='word_1_438' title='bbox 69 3022 163 3068; x_wconf 83' lang='grc' dir='ltr'>ριινυιο.</span> 
     </span>
    </p>
   </div>
   <div class='ocr_carea' id='block_1_18' title="bbox 792 3002 1099 3051">
    <p class='ocr_par' dir='ltr' id='par_1_23' title="bbox 792 3002 1099 3051">
     <span class='ocr_line' id='line_1_53' title="bbox 792 3002 1099 3051; baseline 0.003 -1"><span class='ocrx_word' id='word_1_439' title='bbox 792 3002 924 3051; x_wconf 86' lang='lat' dir='ltr'>minoribus</span> <span class='ocrx_word' id='word_1_440' title='bbox 939 3003 1099 3051; x_wconf 85' lang='lat' dir='ltr'>inveniuntur.</span> 
     </span>
    </p>
   </div>
   <div class='ocr_carea' id='block_1_19' title="bbox 11 3082 1569 3501">
    <p class='ocr_par' dir='ltr' id='par_1_24' title="bbox 11 3082 1569 3501">
     <span class='ocr_line' id='line_1_54' title="bbox 33 3082 1569 3156; baseline -0.007 -15"><span class='ocrx_word' id='word_1_441' title='bbox 33 3100 58 3141; x_wconf 82' lang='lat' dir='ltr'>tt.</span> <span class='ocrx_word' id='word_1_442' title='bbox 74 3097 97 3142; x_wconf 82' lang='lat' dir='ltr'>tt</span> <span class='ocrx_word' id='word_1_443' title='bbox 108 3095 214 3156; x_wconf 87' lang='lat' dir='ltr'>quoniam</span> <span class='ocrx_word' id='word_1_444' title='bbox 228 3093 336 3156; x_wconf 74' lang='lat' dir='ltr'>equatur</span> <span class='ocrx_word' id='word_1_445' title='bbox 348 3093 426 3153; x_wconf 71' lang='lat' dir='ltr'>magni</span> <span class='ocrx_word' id='word_1_446' title='bbox 437 3090 533 3154; x_wconf 82' lang='lat' dir='ltr'>etparri</span> <span class='ocrx_word' id='word_1_447' title='bbox 546 3092 668 3152; x_wconf 75' lang='lat' dir='ltr'>particulae</span> <span class='ocrx_word' id='word_1_448' title='bbox 681 3093 747 3149; x_wconf 85' lang='grc' dir='ltr'>ευιιι,</span> <span class='ocrx_word' id='word_1_449' title='bbox 826 3091 861 3136; x_wconf 82' lang='lat'>¹7.</span> <span class='ocrx_word' id='word_1_450' title='bbox 881 3090 911 3136; x_wconf 83' lang='grc' dir='ltr'>Αι</span> <span class='ocrx_word' id='word_1_451' title='bbox 925 3100 982 3136; x_wconf 82' lang='lat' dir='ltr'>voro</span> <span class='ocrx_word' id='word_1_452' title='bbox 996 3087 1107 3137; x_wconf 69' lang='lat' dir='ltr'>nouandi</span> <span class='ocrx_word' id='word_1_453' title='bbox 1122 3089 1146 3136; x_wconf 86' lang='lat' dir='ltr'>et</span> <span class='ocrx_word' id='word_1_454' title='bbox 1161 3083 1276 3135; x_wconf 85' lang='lat' dir='ltr'>moriendi</span> <span class='ocrx_word' id='word_1_455' title='bbox 1292 3083 1418 3133; x_wconf 76' lang='lat' dir='ltr'>vocabulis</span> <span class='ocrx_word' id='word_1_456' title='bbox 1434 3082 1510 3133; x_wconf 75' lang='lat' dir='ltr'>Granni</span> <span class='ocrx_word' id='word_1_457' title='bbox 1522 3095 1569 3131; x_wconf 90' lang='lat' dir='ltr'>non</span> 
     </span>
     <span class='ocr_line' id='line_1_55' title="bbox 11 3169 1569 3240; baseline -0.004 -16"><span class='ocrx_word' id='word_1_458' title='bbox 11 3178 114 3239; x_wconf 77' lang='lat' dir='ltr'>magnitudo</span> <span class='ocrx_word' id='word_1_459' title='bbox 125 3181 193 3229; x_wconf 83' lang='lat' dir='ltr'>eiiam</span> <span class='ocrx_word' id='word_1_460' title='bbox 208 3180 354 3240; x_wconf 78' lang='lat' dir='ltr'>inutraque</span> <span class='ocrx_word' id='word_1_461' title='bbox 374 3179 498 3239; x_wconf 82' lang='lat' dir='ltr'>reperitur,</span> <span class='ocrx_word' id='word_1_462' title='bbox 510 3179 584 3239; x_wconf 84' lang='lat' dir='ltr'>atque</span> <span class='ocrx_word' id='word_1_463' title='bbox 599 3177 622 3224; x_wconf 90' lang='lat' dir='ltr'>in</span> <span class='ocrx_word' id='word_1_464' title='bbox 637 3176 748 3224; x_wconf 80' lang='lat' dir='ltr'>omnibus</span> <span class='ocrx_word' id='word_1_465' title='bbox 794 3177 857 3224; x_wconf 84' lang='lat' dir='ltr'>recia</span> <span class='ocrx_word' id='word_1_466' title='bbox 870 3177 982 3223; x_wconf 82' lang='lat' dir='ltr'>utuntur.</span> <span class='ocrx_word' id='word_1_467' title='bbox 997 3175 1067 3223; x_wconf 81' lang='lat' dir='ltr'>Nulla</span> <span class='ocrx_word' id='word_1_468' title='bbox 1084 3174 1147 3223; x_wconf 85' lang='lat' dir='ltr'>enim</span> <span class='ocrx_word' id='word_1_469' title='bbox 1158 3187 1195 3222; x_wconf 82' lang='lat' dir='ltr'>res</span> <span class='ocrx_word' id='word_1_470' title='bbox 1204 3185 1283 3233; x_wconf 83' lang='lat' dir='ltr'>neque</span> <span class='ocrx_word' id='word_1_471' title='bbox 1296 3172 1323 3220; x_wconf 83' lang='lat' dir='ltr'>ut</span> <span class='ocrx_word' id='word_1_472' title='bbox 1336 3183 1413 3232; x_wconf 85' lang='lat' dir='ltr'>neque</span> <span class='ocrx_word' id='word_1_473' title='bbox 1428 3170 1515 3230; x_wconf 86' lang='lat' dir='ltr'>inierit,</span> <span class='ocrx_word' id='word_1_474' title='bbox 1527 3169 1569 3218; x_wconf 83' lang='grc' dir='ltr'>ιοιί</span> 
     </span>
     <span class='ocr_line' id='line_1_56' title="bbox 11 3257 1569 3328; baseline -0.004 -18"><span class='ocrx_word' id='word_1_475' title='bbox 11 3265 67 3312; x_wconf 81' lang='lat' dir='ltr'>rnna</span> <span class='ocrx_word' id='word_1_476' title='bbox 81 3266 166 3326; x_wconf 77' lang='lat' dir='ltr'>iniant,</span> <span class='ocrx_word' id='word_1_477' title='bbox 181 3279 263 3328; x_wconf 79' lang='lat' dir='ltr'>neque</span> <span class='ocrx_word' id='word_1_478' title='bbox 286 3265 331 3312; x_wconf 84' lang='lat' dir='ltr'>aiia</span> <span class='ocrx_word' id='word_1_479' title='bbox 346 3264 376 3312; x_wconf 83' lang='lat' dir='ltr'>ab</span> <span class='ocrx_word' id='word_1_480' title='bbox 392 3264 444 3312; x_wconf 79' lang='lat' dir='ltr'>aliis</span> <span class='ocrx_word' id='word_1_481' title='bbox 458 3265 562 3324; x_wconf 78' lang='lat' dir='ltr'>separari</span> <span class='ocrx_word' id='word_1_482' title='bbox 580 3264 692 3324; x_wconf 81' lang='grc' dir='ltr'>ροοουοι,</span> <span class='ocrx_word' id='word_1_483' title='bbox 708 3261 747 3308; x_wconf 84' lang='lat' dir='ltr'>sod</span> <span class='ocrx_word' id='word_1_484' title='bbox 792 3274 823 3309; x_wconf 85' lang='lat' dir='ltr'>ex</span> <span class='ocrx_word' id='word_1_485' title='bbox 840 3261 868 3309; x_wconf 87' lang='lat' dir='ltr'>iis</span> <span class='ocrx_word' id='word_1_486' title='bbox 884 3262 1005 3322; x_wconf 68' lang='lat' dir='ltr'>quaesunt</span> <span class='ocrx_word' id='word_1_487' title='bbox 1021 3260 1091 3309; x_wconf 84' lang='lat' dir='ltr'>rebus</span> <span class='ocrx_word' id='word_1_488' title='bbox 1105 3260 1216 3309; x_wconf 82' lang='lat' dir='ltr'>miscetur</span> <span class='ocrx_word' id='word_1_489' title='bbox 1228 3258 1259 3307; x_wconf 87' lang='lat' dir='ltr'>ab</span> <span class='ocrx_word' id='word_1_490' title='bbox 1276 3257 1351 3320; x_wconf 84' lang='lat' dir='ltr'>iisque</span> <span class='ocrx_word' id='word_1_491' title='bbox 1367 3258 1515 3306; x_wconf 82' lang='lat' dir='ltr'>discernitur.</span> <span class='ocrx_word' id='word_1_492' title='bbox 1533 3259 1569 3305; x_wconf 88' lang='lat' dir='ltr'>ita</span> 
     </span>
     <span class='ocr_line' id='line_1_57' title="bbox 12 3343 1568 3412; baseline -0.003 -19"><span class='ocrx_word' id='word_1_493' title='bbox 12 3353 72 3398; x_wconf 83' lang='lat' dir='ltr'>traria</span> <span class='ocrx_word' id='word_1_494' title='bbox 83 3353 150 3400; x_wconf 85' lang='lat' dir='ltr'>omnis</span> <span class='ocrx_word' id='word_1_495' title='bbox 165 3352 273 3400; x_wconf 73' lang='lat' dir='ltr'>mutarim</span> <span class='ocrx_word' id='word_1_496' title='bbox 290 3353 381 3412; x_wconf 81' lang='lat' dir='ltr'>partem</span> <span class='ocrx_word' id='word_1_497' title='bbox 399 3351 528 3399; x_wconf 84' lang='lat' dir='ltr'>continent.</span> <span class='ocrx_word' id='word_1_498' title='bbox 542 3352 621 3407; x_wconf 86' lang='lat' dir='ltr'>Quum</span> <span class='ocrx_word' id='word_1_499' title='bbox 637 3360 693 3396; x_wconf 86' lang='lat' dir='ltr'>vero</span> <span class='ocrx_word' id='word_1_500' title='bbox 703 3347 748 3396; x_wconf 86' lang='lat' dir='ltr'>mt-</span> <span class='ocrx_word' id='word_1_501' title='bbox 793 3347 882 3397; x_wconf 84' lang='lat' dir='ltr'>rectiua</span> <span class='ocrx_word' id='word_1_502' title='bbox 898 3361 941 3410; x_wconf 83' lang='lat' dir='ltr'>pro</span> <span class='ocrx_word' id='word_1_503' title='bbox 956 3347 1007 3396; x_wconf 86' lang='lat' dir='ltr'>fieri</span> <span class='ocrx_word' id='word_1_504' title='bbox 1023 3347 1126 3396; x_wconf 80' lang='lat' dir='ltr'>dixerint</span> <span class='ocrx_word' id='word_1_505' title='bbox 1143 3346 1250 3407; x_wconf 70' lang='lat' dir='ltr'>misceri,</span> <span class='ocrx_word' id='word_1_506' title='bbox 1261 3359 1304 3408; x_wconf 78' lang='lat' dir='ltr'>nro</span> <span class='ocrx_word' id='word_1_507' title='bbox 1318 3345 1414 3394; x_wconf 81' lang='lat' dir='ltr'>interire</span> <span class='ocrx_word' id='word_1_508' title='bbox 1426 3349 1505 3392; x_wconf 83' lang='lat' dir='ltr'>autern</span> <span class='ocrx_word' id='word_1_509' title='bbox 1521 3343 1568 3390; x_wconf 84' lang='lat' dir='ltr'>dia-</span> 
     </span>
     <span class='ocr_line' id='line_1_58' title="bbox 12 3435 868 3501; baseline 0.005 -21"><span class='ocrx_word' id='word_1_510' title='bbox 12 3435 76 3485; x_wconf 90' lang='lat' dir='ltr'>ninun</span> <span class='ocrx_word' id='word_1_511' title='bbox 88 3451 133 3488; x_wconf 78' lang='lat' dir='ltr'>earo</span> <span class='ocrx_word' id='word_1_512' title='bbox 147 3446 247 3501; x_wconf 85' lang='lat' dir='ltr'>nequeat</span> <span class='ocrx_word' id='word_1_513' title='bbox 258 3474 267 3497; x_wconf 85' lang='lat'>‚</span> <span class='ocrx_word' id='word_1_514' title='bbox 278 3451 324 3486; x_wconf 84' lang='lat' dir='ltr'>uon</span> <span class='ocrx_word' id='word_1_515' title='bbox 337 3439 416 3498; x_wconf 82' lang='lat' dir='ltr'>polest</span> <span class='ocrx_word' id='word_1_516' title='bbox 431 3435 546 3497; x_wconf 73' lang='lat' dir='ltr'>segregari</span> <span class='ocrx_word' id='word_1_517' title='bbox 560 3447 661 3497; x_wconf 80' lang='lat' dir='ltr'>nequae</span> <span class='ocrx_word' id='word_1_518' title='bbox 673 3438 750 3484; x_wconf 77' lang='lat' dir='ltr'>semet</span> <span class='ocrx_word' id='word_1_519' title='bbox 793 3435 868 3484; x_wconf 86' lang='lat' dir='ltr'>cerni.</span> 
     </span>
    </p>
   </div>
   <div class='ocr_carea' id='block_1_20' title="bbox 0 0 1853 5924">
    <p class='ocr_par' dir='ltr' id='par_1_25' title="bbox 0 0 1853 5924">
     <span class='ocr_line' id='line_1_59' title="bbox 0 0 1853 5924; baseline 0 0"><span class='ocrx_word' id='word_1_520' title='bbox 0 0 1853 5924; x_wconf 95' lang='lat' dir='ltr'> </span> 
     </span>
    </p>
   </div>
  </div>
 </body>
</html>
