<?xml version="1.0" encoding="UTF-8"?>
<!DOCTYPE html PUBLIC "-//W3C//DTD XHTML 1.0 Transitional//EN"
    "http://www.w3.org/TR/xhtml1/DTD/xhtml1-transitional.dtd">
<html xmlns="http://www.w3.org/1999/xhtml" xml:lang="en" lang="en">
 <head>
  <title>
</title>
<meta http-equiv="Content-Type" content="text/html;charset=utf-8" />
  <meta name='ocr-system' content='tesseract 3.04.00' />
  <meta name='ocr-capabilities' content='ocr_page ocr_carea ocr_par ocr_line ocrx_word'/>
</head>
<body>
  <div class='ocr_page' id='page_1' title='image "./fragmentaphilos03mullgoog/fragmentaphilos03mullgoog_0448.png"; bbox 0 0 3740 5908; ppageno 0'>
   <div class='ocr_carea' id='block_1_1' title="bbox 214 545 1187 798">
    <p class='ocr_par' dir='ltr' id='par_1_1' title="bbox 214 545 1187 798">
     <span class='ocr_line' id='line_1_1' title="bbox 214 545 1187 798; baseline -0.004 -72"><span class='ocrx_word' id='word_1_1' title='bbox 214 551 218 560; x_wconf 71' lang='grc'>’</span> <span class='ocrx_word' id='word_1_2' title='bbox 295 545 296 550; x_wconf 6' lang='grc' dir='ltr'><em>Ὗ</em></span> <span class='ocrx_word' id='word_1_3' title='bbox 402 615 493 726; x_wconf 82' lang='lat' dir='ltr'><strong>uu</strong></span> <span class='ocrx_word' id='word_1_4' title='bbox 539 609 1187 798; x_wconf 73' lang='lat' dir='ltr'><strong>occutucuuluu.</strong></span> 
     </span>
    </p>
   </div>
   <div class='ocr_carea' id='block_1_2' title="bbox 648 858 929 894">
    <p class='ocr_par' dir='ltr' id='par_1_2' title="bbox 648 858 929 894">
     <span class='ocr_line' id='line_1_2' title="bbox 648 858 929 894; baseline 0.007 -14"><span class='ocrx_word' id='word_1_5' title='bbox 648 858 929 894; x_wconf 55' lang='lat'><strong>4—</strong></span> 
     </span>
    </p>
   </div>
   <div class='ocr_carea' id='block_1_3' title="bbox 19 1019 1600 4638">
    <p class='ocr_par' dir='ltr' id='par_1_3' title="bbox 19 1019 1600 4638">
     <span class='ocr_line' id='line_1_3' title="bbox 51 1019 1585 1106; baseline -0.005 -19"><span class='ocrx_word' id='word_1_6' title='bbox 51 1033 156 1088; x_wconf 79' lang='lat' dir='ltr'><strong>eonem</strong></span> <span class='ocrx_word' id='word_1_7' title='bbox 169 1041 264 1087; x_wconf 87' lang='lat' dir='ltr'><strong>nostra</strong></span> <span class='ocrx_word' id='word_1_8' title='bbox 274 1027 415 1086; x_wconf 88' lang='lat' dir='ltr'><strong>memoria</strong></span> <span class='ocrx_word' id='word_1_9' title='bbox 427 1025 764 1106; x_wconf 89' lang='lat' dir='ltr'><strong>plerosqueeruditorum</strong></span> <span class='ocrx_word' id='word_1_10' title='bbox 813 1035 877 1082; x_wconf 87' lang='lat' dir='ltr'><strong>ante</strong></span> <span class='ocrx_word' id='word_1_11' title='bbox 897 1021 966 1080; x_wconf 87' lang='lat' dir='ltr'><strong>Chr.</strong></span> <span class='ocrx_word' id='word_1_12' title='bbox 990 1042 1017 1080; x_wconf 92' lang='lat' dir='ltr'><strong>n.</strong></span> <span class='ocrx_word' id='word_1_13' title='bbox 1040 1021 1144 1080; x_wconf 76' lang='lat' dir='ltr'><strong>saeculo</strong></span> <span class='ocrx_word' id='word_1_14' title='bbox 1159 1019 1194 1078; x_wconf 84' lang='lat' dir='ltr'><strong>ad</strong></span> <span class='ocrx_word' id='word_1_15' title='bbox 1209 1019 1297 1096; x_wconf 89' lang='lat' dir='ltr'><strong>hujus</strong></span> <span class='ocrx_word' id='word_1_16' title='bbox 1311 1019 1505 1099; x_wconf 81' lang='lat' dir='ltr'><strong>philosophia</strong></span> <span class='ocrx_word' id='word_1_17' title='bbox 1525 1035 1585 1080; x_wconf 90' lang='lat' dir='ltr'><strong>stu·</strong></span> 
     </span>
     <span class='ocr_line' id='line_1_4' title="bbox 19 1107 1585 1192; baseline -0.003 -18"><span class='ocrx_word' id='word_1_18' title='bbox 19 1119 52 1174; x_wconf 89' lang='lat' dir='ltr'><strong>sic</strong></span> <span class='ocrx_word' id='word_1_19' title='bbox 61 1117 212 1192; x_wconf 85' lang='lat' dir='ltr'><strong>judicasse,</strong></span> <span class='ocrx_word' id='word_1_20' title='bbox 233 1114 479 1192; x_wconf 77' lang='lat' dir='ltr'><strong>Pythagoreorum</strong></span> <span class='ocrx_word' id='word_1_21' title='bbox 496 1114 652 1188; x_wconf 86' lang='lat' dir='ltr'><strong>fragmenta</strong></span> <span class='ocrx_word' id='word_1_22' title='bbox 671 1111 765 1169; x_wconf 89' lang='lat' dir='ltr'><strong>aSto-</strong></span> <span class='ocrx_word' id='word_1_23' title='bbox 814 1108 893 1166; x_wconf 91' lang='lat' dir='ltr'><strong>dium</strong></span> <span class='ocrx_word' id='word_1_24' title='bbox 910 1122 1119 1167; x_wconf 90' lang='lat' dir='ltr'><strong>reverterentur</strong></span> <span class='ocrx_word' id='word_1_25' title='bbox 1131 1121 1216 1184; x_wconf 90' lang='lat' dir='ltr'><strong>atque</strong></span> <span class='ocrx_word' id='word_1_26' title='bbox 1230 1107 1301 1166; x_wconf 89' lang='lat' dir='ltr'><strong>adeo</strong></span> <span class='ocrx_word' id='word_1_27' title='bbox 1315 1108 1463 1168; x_wconf 87' lang='lat' dir='ltr'><strong>veteribus</strong></span> <span class='ocrx_word' id='word_1_28' title='bbox 1475 1109 1585 1187; x_wconf 86' lang='lat' dir='ltr'><strong>Pytha·</strong></span> 
     </span>
     <span class='ocr_line' id='line_1_5' title="bbox 19 1194 1585 1278; baseline -0.003 -20"><span class='ocrx_word' id='word_1_29' title='bbox 19 1203 87 1272; x_wconf 82' lang='lat' dir='ltr'><strong>hao,</strong></span> <span class='ocrx_word' id='word_1_30' title='bbox 102 1198 767 1278; x_wconf 82' lang='lat' dir='ltr'><strong>larnhficho‚Porphyrio‚Simplicioaliisque</strong></span> <span class='ocrx_word' id='word_1_31' title='bbox 815 1196 911 1269; x_wconf 87' lang='lat' dir='ltr'><strong>goreis</strong></span> <span class='ocrx_word' id='word_1_32' title='bbox 947 1194 1039 1252; x_wconf 90' lang='lat' dir='ltr'><strong>libros</strong></span> <span class='ocrx_word' id='word_1_33' title='bbox 1069 1207 1280 1272; x_wconf 71' lang='lat' dir='ltr'>supponerent,</span> <span class='ocrx_word' id='word_1_34' title='bbox 1305 1197 1462 1271; x_wconf 87' lang='lat' dir='ltr'><strong>praesertim</strong></span> <span class='ocrx_word' id='word_1_35' title='bbox 1495 1217 1585 1274; x_wconf 89' lang='lat' dir='ltr'><strong>quum</strong></span> 
     </span>
     <span class='ocr_line' id='line_1_6' title="bbox 19 1281 1587 1366; baseline -0.004 -20"><span class='ocrx_word' id='word_1_36' title='bbox 19 1303 113 1346; x_wconf 85' lang='lat' dir='ltr'><strong>servata</strong></span> <span class='ocrx_word' id='word_1_37' title='bbox 128 1307 204 1366; x_wconf 81' lang='lat' dir='ltr'><strong>aque</strong></span> <span class='ocrx_word' id='word_1_38' title='bbox 217 1308 250 1345; x_wconf 87' lang='lat' dir='ltr'><strong>ac</strong></span> <span class='ocrx_word' id='word_1_39' title='bbox 262 1287 287 1344; x_wconf 86' lang='lat' dir='ltr'>T</span> <span class='ocrx_word' id='word_1_40' title='bbox 289 1288 364 1346; x_wconf 85' lang='lat' dir='ltr'><strong>imaei</strong></span> <span class='ocrx_word' id='word_1_41' title='bbox 376 1287 411 1344; x_wconf 92' lang='lat' dir='ltr'><strong>de</strong></span> <span class='ocrx_word' id='word_1_42' title='bbox 425 1288 520 1345; x_wconf 81' lang='lat' dir='ltr'><strong>anima</strong></span> <span class='ocrx_word' id='word_1_43' title='bbox 529 1286 629 1344; x_wconf 92' lang='lat' dir='ltr'><strong>mundi</strong></span> <span class='ocrx_word' id='word_1_44' title='bbox 639 1298 667 1342; x_wconf 91' lang='lat' dir='ltr'><strong>et</strong></span> <span class='ocrx_word' id='word_1_45' title='bbox 676 1285 766 1342; x_wconf 89' lang='lat' dir='ltr'><strong>Ocelli</strong></span> <span class='ocrx_word' id='word_1_46' title='bbox 813 1281 905 1352; x_wconf 82' lang='lat' dir='ltr'><strong>iuba,</strong></span> <span class='ocrx_word' id='word_1_47' title='bbox 921 1282 1103 1340; x_wconf 88' lang='lat' dir='ltr'><strong>doctissimus</strong></span> <span class='ocrx_word' id='word_1_48' title='bbox 1117 1281 1301 1339; x_wconf 73' lang='lat' dir='ltr'>Mauretaniae</span> <span class='ocrx_word' id='word_1_49' title='bbox 1321 1301 1387 1353; x_wconf 83' lang='lat' dir='ltr'><strong>rex,</strong></span> <span class='ocrx_word' id='word_1_50' title='bbox 1408 1300 1587 1359; x_wconf 78' lang='lat' dir='ltr'><strong>quaecunque</strong></span> 
     </span>
     <span class='ocr_line' id='line_1_7' title="bbox 19 1367 1586 1451; baseline -0.004 -18"><span class='ocrx_word' id='word_1_51' title='bbox 19 1377 108 1433; x_wconf 84' lang='lat' dir='ltr'><strong>lucani</strong></span> <span class='ocrx_word' id='word_1_52' title='bbox 121 1375 155 1432; x_wconf 94' lang='lat' dir='ltr'><strong>de</strong></span> <span class='ocrx_word' id='word_1_53' title='bbox 168 1375 297 1432; x_wconf 88' lang='lat' dir='ltr'><strong>universi</strong></span> <span class='ocrx_word' id='word_1_54' title='bbox 312 1387 413 1432; x_wconf 87' lang='lat' dir='ltr'><strong>natura</strong></span> <span class='ocrx_word' id='word_1_55' title='bbox 433 1373 543 1448; x_wconf 75' lang='lat' dir='ltr'><strong>libros,</strong></span> <span class='ocrx_word' id='word_1_56' title='bbox 559 1374 629 1432; x_wconf 91' lang='lat' dir='ltr'><strong>solis</strong></span> <span class='ocrx_word' id='word_1_57' title='bbox 643 1373 767 1432; x_wconf 85' lang='lat' dir='ltr'><strong>Philolai</strong></span> <span class='ocrx_word' id='word_1_58' title='bbox 814 1369 937 1446; x_wconf 85' lang='lat' dir='ltr'><strong>reperiri</strong></span> <span class='ocrx_word' id='word_1_59' title='bbox 951 1380 1108 1451; x_wconf 82' lang='lat' dir='ltr'><strong>potuerunt</strong></span> <span class='ocrx_word' id='word_1_60' title='bbox 1123 1367 1368 1444; x_wconf 78' lang='lat' dir='ltr'><strong>Pythagoreorum</strong></span> <span class='ocrx_word' id='word_1_61' title='bbox 1388 1370 1493 1446; x_wconf 83' lang='lat' dir='ltr'><strong>scripta</strong></span> <span class='ocrx_word' id='word_1_62' title='bbox 1505 1369 1586 1427; x_wconf 91' lang='lat' dir='ltr'><strong>colli·</strong></span> 
     </span>
     <span class='ocr_line' id='line_1_8' title="bbox 20 1453 1587 1538; baseline -0.006 -20"><span class='ocrx_word' id='word_1_63' title='bbox 20 1460 283 1538; x_wconf 77' lang='lat' dir='ltr'><strong>reliquiiseuceptis,</strong></span> <span class='ocrx_word' id='word_1_64' title='bbox 301 1473 493 1534; x_wconf 84' lang='lat' dir='ltr'><strong>autmagnam</strong></span> <span class='ocrx_word' id='word_1_65' title='bbox 507 1472 617 1534; x_wconf 88' lang='lat' dir='ltr'><strong>partem</strong></span> <span class='ocrx_word' id='word_1_66' title='bbox 633 1458 767 1535; x_wconf 87' lang='lat' dir='ltr'><strong>supposi·</strong></span> <span class='ocrx_word' id='word_1_67' title='bbox 815 1467 903 1528; x_wconf 90' lang='lat' dir='ltr'><strong>geret.</strong></span> <span class='ocrx_word' id='word_1_68' title='bbox 945 1454 1009 1522; x_wconf 85' lang='lat' dir='ltr'><strong>Qua</strong></span> <span class='ocrx_word' id='word_1_69' title='bbox 1032 1453 1068 1511; x_wconf 92' lang='lat' dir='ltr'><strong>de</strong></span> <span class='ocrx_word' id='word_1_70' title='bbox 1086 1472 1119 1512; x_wconf 91' lang='lat' dir='ltr'><strong>re</strong></span> <span class='ocrx_word' id='word_1_71' title='bbox 1147 1454 1268 1529; x_wconf 87' lang='lat' dir='ltr'><strong>insignis</strong></span> <span class='ocrx_word' id='word_1_72' title='bbox 1292 1467 1335 1512; x_wconf 88' lang='lat' dir='ltr'><strong>est</strong></span> <span class='ocrx_word' id='word_1_73' title='bbox 1359 1455 1480 1515; x_wconf 82' lang='lat' dir='ltr'><strong>Davidis</strong></span> <span class='ocrx_word' id='word_1_74' title='bbox 1506 1456 1587 1516; x_wconf 72' lang='lat' dir='ltr'><strong>iocus</strong></span> 
     </span>
     <span class='ocr_line' id='line_1_9' title="bbox 21 1541 1584 1622; baseline -0.001 -21"><span class='ocrx_word' id='word_1_75' title='bbox 21 1547 134 1604; x_wconf 88' lang='lat' dir='ltr'><strong>titiaesse</strong></span> <span class='ocrx_word' id='word_1_76' title='bbox 144 1559 192 1604; x_wconf 88' lang='lat' dir='ltr'><strong>aut</strong></span> <span class='ocrx_word' id='word_1_77' title='bbox 200 1547 319 1603; x_wconf 89' lang='lat' dir='ltr'><strong>omniuo</strong></span> <span class='ocrx_word' id='word_1_78' title='bbox 328 1545 402 1603; x_wconf 92' lang='lat' dir='ltr'><strong>nihil</strong></span> <span class='ocrx_word' id='word_1_79' title='bbox 412 1547 568 1614; x_wconf 89' lang='lat' dir='ltr'><strong>continere,</strong></span> <span class='ocrx_word' id='word_1_80' title='bbox 578 1544 654 1622; x_wconf 92' lang='lat' dir='ltr'><strong>quod</strong></span> <span class='ocrx_word' id='word_1_81' title='bbox 666 1564 682 1602; x_wconf 91' lang='lat' dir='ltr'><strong>a</strong></span> <span class='ocrx_word' id='word_1_82' title='bbox 692 1556 768 1602; x_wconf 82' lang='lat' dir='ltr'><strong>vete·</strong></span> <span class='ocrx_word' id='word_1_83' title='bbox 815 1543 974 1601; x_wconf 86' lang='lat' dir='ltr'><strong>Comment.</strong></span> <span class='ocrx_word' id='word_1_84' title='bbox 986 1542 1018 1598; x_wconf 92' lang='lat' dir='ltr'><strong>in</strong></span> <span class='ocrx_word' id='word_1_85' title='bbox 1030 1541 1119 1600; x_wconf 73' lang='lat' dir='ltr'><strong>Arist.</strong></span> <span class='ocrx_word' id='word_1_86' title='bbox 1134 1541 1230 1616; x_wconf 86' lang='lat' dir='ltr'><strong>Categ.</strong></span> <span class='ocrx_word' id='word_1_87' title='bbox 1238 1562 1269 1619; x_wconf 87' lang='lat' dir='ltr'><strong>p.</strong></span> <span class='ocrx_word' id='word_1_88' title='bbox 1284 1543 1322 1600; x_wconf 79' lang='lat' dir='ltr'><strong>uli</strong></span> <span class='ocrx_word' id='word_1_89' title='bbox 1333 1561 1359 1598; x_wconf 86' lang='lat' dir='ltr'><strong>a.</strong></span> <span class='ocrx_word' id='word_1_90' title='bbox 1371 1543 1471 1600; x_wconf 85' lang='lat' dir='ltr'><strong>scholi.</strong></span> <span class='ocrx_word' id='word_1_91' title='bbox 1483 1544 1584 1603; x_wconf 70' lang='lat' dir='ltr'><strong>Arist:</strong></span> 
     </span>
     <span class='ocr_line' id='line_1_10' title="bbox 21 1620 1586 1710; baseline 0 -23"><span class='ocrx_word' id='word_1_92' title='bbox 21 1631 88 1689; x_wconf 91' lang='lat' dir='ltr'><strong>ribus</strong></span> <span class='ocrx_word' id='word_1_93' title='bbox 98 1633 164 1704; x_wconf 89' lang='lat' dir='ltr'><strong>illis,</strong></span> <span class='ocrx_word' id='word_1_94' title='bbox 174 1631 281 1708; x_wconf 90' lang='lat' dir='ltr'><strong>quibus</strong></span> <span class='ocrx_word' id='word_1_95' title='bbox 295 1631 472 1704; x_wconf 89' lang='lat' dir='ltr'><strong>tribuuntur,</strong></span> <span class='ocrx_word' id='word_1_96' title='bbox 485 1633 645 1709; x_wconf 90' lang='lat' dir='ltr'><strong>profectum</strong></span> <span class='ocrx_word' id='word_1_97' title='bbox 662 1631 700 1688; x_wconf 93' lang='lat' dir='ltr'><strong>sit</strong></span> <span class='ocrx_word' id='word_1_98' title='bbox 716 1629 766 1710; x_wconf 85' lang='lat' dir='ltr'><strong>(r).</strong></span> <span class='ocrx_word' id='word_1_99' title='bbox 816 1630 841 1686; x_wconf 82' lang='grc' dir='ltr'><strong>ίν</strong></span> <span class='ocrx_word' id='word_1_100' title='bbox 856 1620 893 1695; x_wconf 78' lang='grc' dir='ltr'><strong>οἷς</strong></span> <span class='ocrx_word' id='word_1_101' title='bbox 907 1627 1030 1700; x_wconf 80' lang='grc' dir='ltr'><strong>ζητητέον</strong></span> <span class='ocrx_word' id='word_1_102' title='bbox 1043 1628 1088 1686; x_wconf 84' lang='grc' dir='ltr'><strong>καί</strong></span> <span class='ocrx_word' id='word_1_103' title='bbox 1101 1627 1131 1686; x_wconf 86' lang='grc' dir='ltr'>τὸ</span> <span class='ocrx_word' id='word_1_104' title='bbox 1144 1626 1249 1705; x_wconf 78' lang='grc' dir='ltr'>γνήσιον</span> <span class='ocrx_word' id='word_1_105' title='bbox 1272 1627 1314 1686; x_wconf 85' lang='grc' dir='ltr'>διίι</span> <span class='ocrx_word' id='word_1_106' title='bbox 1327 1627 1375 1698; x_wconf 72' lang='grc' dir='ltr'>τὴν</span> <span class='ocrx_word' id='word_1_107' title='bbox 1391 1627 1528 1704; x_wconf 80' lang='grc' dir='ltr'>γινομίνην</span> <span class='ocrx_word' id='word_1_108' title='bbox 1542 1625 1586 1687; x_wconf 86' lang='grc' dir='ltr'><strong>νο·</strong></span> 
     </span>
     <span class='ocr_line' id='line_1_11' title="bbox 20 1711 1587 1794; baseline -0.001 -20"><span class='ocrx_word' id='word_1_109' title='bbox 20 1717 100 1794; x_wconf 84' lang='lat' dir='ltr'>Neque</span> <span class='ocrx_word' id='word_1_110' title='bbox 112 1738 162 1793; x_wconf 89' lang='lat' dir='ltr'><strong>ego</strong></span> <span class='ocrx_word' id='word_1_111' title='bbox 175 1718 210 1775; x_wconf 89' lang='lat' dir='ltr'><strong>de</strong></span> <span class='ocrx_word' id='word_1_112' title='bbox 226 1719 272 1776; x_wconf 92' lang='lat' dir='ltr'><strong>his</strong></span> <span class='ocrx_word' id='word_1_113' title='bbox 288 1717 376 1776; x_wconf 90' lang='lat' dir='ltr'><strong>rebus</strong></span> <span class='ocrx_word' id='word_1_114' title='bbox 390 1717 473 1777; x_wconf 88' lang='lat' dir='ltr'><strong>aliter</strong></span> <span class='ocrx_word' id='word_1_115' title='bbox 485 1720 594 1794; x_wconf 90' lang='lat' dir='ltr'><strong>sentio,</strong></span> <span class='ocrx_word' id='word_1_116' title='bbox 608 1719 657 1776; x_wconf 92' lang='lat' dir='ltr'><strong>sed</strong></span> <span class='ocrx_word' id='word_1_117' title='bbox 675 1731 768 1775; x_wconf 89' lang='lat' dir='ltr'><strong>tamen</strong></span> <span class='ocrx_word' id='word_1_118' title='bbox 815 1713 900 1771; x_wconf 90' lang='grc' dir='ltr'>θείαν·</span> <span class='ocrx_word' id='word_1_119' title='bbox 917 1714 1064 1772; x_wconf 81' lang='grc' dir='ltr'>νοθεύονται</span> <span class='ocrx_word' id='word_1_120' title='bbox 1079 1711 1129 1790; x_wconf 82' lang='grc' dir='ltr'>γάρ</span> <span class='ocrx_word' id='word_1_121' title='bbox 1141 1713 1174 1768; x_wconf 88' lang='grc' dir='ltr'>τίι</span> <span class='ocrx_word' id='word_1_122' title='bbox 1190 1711 1278 1790; x_wconf 81' lang='grc' dir='ltr'>βιάλία</span> <span class='ocrx_word' id='word_1_123' title='bbox 1292 1716 1443 1792; x_wconf 78' lang='grc' dir='ltr'>πανταχῶς·</span> <span class='ocrx_word' id='word_1_124' title='bbox 1458 1713 1476 1784; x_wconf 81' lang='grc' dir='ltr'>ἣ</span> <span class='ocrx_word' id='word_1_125' title='bbox 1489 1713 1540 1793; x_wconf 80' lang='grc' dir='ltr'>γάρ</span> <span class='ocrx_word' id='word_1_126' title='bbox 1553 1715 1587 1772; x_wconf 92' lang='grc' dir='ltr'><strong>δι’</strong></span> 
     </span>
     <span class='ocr_line' id='line_1_12' title="bbox 20 1799 1588 1881; baseline -0.001 -21"><span class='ocrx_word' id='word_1_127' title='bbox 20 1804 109 1862; x_wconf 88' lang='lat' dir='ltr'><strong>librum</strong></span> <span class='ocrx_word' id='word_1_128' title='bbox 122 1807 170 1881; x_wconf 92' lang='lat' dir='ltr'><strong>qui</strong></span> <span class='ocrx_word' id='word_1_129' title='bbox 184 1805 276 1863; x_wconf 88' lang='lat' dir='ltr'><strong>Ocelli</strong></span> <span class='ocrx_word' id='word_1_130' title='bbox 290 1804 398 1862; x_wconf 85' lang='lat' dir='ltr'><strong>Lucani</strong></span> <span class='ocrx_word' id='word_1_131' title='bbox 413 1823 517 1863; x_wconf 89' lang='lat' dir='ltr'><strong>nomeu</strong></span> <span class='ocrx_word' id='word_1_132' title='bbox 538 1805 569 1862; x_wconf 92' lang='lat' dir='ltr'><strong>in</strong></span> <span class='ocrx_word' id='word_1_133' title='bbox 591 1805 683 1865; x_wconf 80' lang='lat' dir='ltr'><strong>fronte</strong></span> <span class='ocrx_word' id='word_1_134' title='bbox 697 1805 770 1880; x_wconf 91' lang='lat' dir='ltr'><strong>gerit</strong></span> <span class='ocrx_word' id='word_1_135' title='bbox 816 1799 1013 1876; x_wconf 82' lang='grc' dir='ltr'>εὐγνωμοσύνην</span> <span class='ocrx_word' id='word_1_136' title='bbox 1033 1802 1155 1874; x_wconf 82' lang='grc' dir='ltr'>μαθητῶν</span> <span class='ocrx_word' id='word_1_137' title='bbox 1170 1799 1204 1857; x_wconf 75' lang='grc' dir='ltr'><strong>τά</strong></span> <span class='ocrx_word' id='word_1_138' title='bbox 1225 1803 1308 1858; x_wconf 81' lang='grc' dir='ltr'>οἰκεῖα</span> <span class='ocrx_word' id='word_1_139' title='bbox 1324 1799 1517 1878; x_wconf 79' lang='grc' dir='ltr'>συγγράμματα</span> <span class='ocrx_word' id='word_1_140' title='bbox 1534 1807 1588 1866; x_wconf 87' lang='grc' dir='ltr'>τοῖς</span> 
     </span>
     <span class='ocr_line' id='line_1_13' title="bbox 21 1883 1600 1968; baseline 0.001 -25"><span class='ocrx_word' id='word_1_141' title='bbox 21 1909 67 1946; x_wconf 88' lang='lat' dir='ltr'><strong>non</strong></span> <span class='ocrx_word' id='word_1_142' title='bbox 80 1911 134 1949; x_wconf 89' lang='lat' dir='ltr'><strong>esse</strong></span> <span class='ocrx_word' id='word_1_143' title='bbox 149 1911 266 1968; x_wconf 87' lang='lat' dir='ltr'><strong>prorsus</strong></span> <span class='ocrx_word' id='word_1_144' title='bbox 280 1891 517 1949; x_wconf 90' lang='lat' dir='ltr'><strong>contemnendum</strong></span> <span class='ocrx_word' id='word_1_145' title='bbox 532 1911 565 1949; x_wconf 88' lang='lat' dir='ltr'><strong>ac</strong></span> <span class='ocrx_word' id='word_1_146' title='bbox 579 1891 645 1968; x_wconf 90' lang='lat' dir='ltr'><strong>plus</strong></span> <span class='ocrx_word' id='word_1_147' title='bbox 665 1893 696 1949; x_wconf 92' lang='lat' dir='ltr'><strong>in</strong></span> <span class='ocrx_word' id='word_1_148' title='bbox 718 1911 768 1962; x_wconf 87' lang='lat' dir='ltr'><strong>eo,</strong></span> <span class='ocrx_word' id='word_1_149' title='bbox 815 1888 917 1952; x_wconf 75' lang='grc' dir='ltr'>οἰκείοις</span> <span class='ocrx_word' id='word_1_150' title='bbox 936 1887 1099 1952; x_wconf 76' lang='grc' dir='ltr'>διδασκάλοις</span> <span class='ocrx_word' id='word_1_151' title='bbox 1114 1883 1303 1956; x_wconf 73' lang='grc' dir='ltr'>ἀνατιθέντων,</span> <span class='ocrx_word' id='word_1_152' title='bbox 1325 1889 1361 1953; x_wconf 79' lang='grc' dir='ltr'><strong>ὡς</strong></span> <span class='ocrx_word' id='word_1_153' title='bbox 1375 1885 1409 1944; x_wconf 78' lang='grc' dir='ltr'><strong>τά</strong></span> <span class='ocrx_word' id='word_1_154' title='bbox 1431 1885 1600 1966; x_wconf 86' lang='grc' dir='ltr'>Πυθαγόρου.</span> 
     </span>
     <span class='ocr_line' id='line_1_14' title="bbox 20 1970 1586 2054; baseline 0.001 -23"><span class='ocrx_word' id='word_1_155' title='bbox 20 1995 89 2048; x_wconf 85' lang='lat' dir='ltr'><strong>quarn</strong></span> <span class='ocrx_word' id='word_1_156' title='bbox 101 1978 182 2051; x_wconf 78' lang='lat' dir='ltr'><strong>vulgo</strong></span> <span class='ocrx_word' id='word_1_157' title='bbox 197 1991 324 2054; x_wconf 82' lang='lat' dir='ltr'><strong>putatur,</strong></span> <span class='ocrx_word' id='word_1_158' title='bbox 340 1979 478 2034; x_wconf 82' lang='lat' dir='ltr'><strong>momenti</strong></span> <span class='ocrx_word' id='word_1_159' title='bbox 491 1977 526 2034; x_wconf 86' lang='lat' dir='ltr'><strong>ad</strong></span> <span class='ocrx_word' id='word_1_160' title='bbox 542 1979 768 2052; x_wconf 86' lang='lat' dir='ltr'><strong>cognoscendum</strong></span> <span class='ocrx_word' id='word_1_161' title='bbox 816 1972 861 2030; x_wconf 81' lang='grc' dir='ltr'><strong>καὶ</strong></span> <span class='ocrx_word' id='word_1_162' title='bbox 885 1971 1040 2050; x_wconf 78' lang='grc' dir='ltr'>Σωκράτους</span> <span class='ocrx_word' id='word_1_163' title='bbox 1056 1970 1251 2050; x_wconf 75' lang='grc' dir='ltr'>ἐπιγραφόμενα</span> <span class='ocrx_word' id='word_1_164' title='bbox 1265 1971 1372 2052; x_wconf 76' lang='grc' dir='ltr'>βιὸλία,</span> <span class='ocrx_word' id='word_1_165' title='bbox 1388 1972 1425 2048; x_wconf 77' lang='grc' dir='ltr'><strong>μὴ</strong></span> <span class='ocrx_word' id='word_1_166' title='bbox 1444 1972 1506 2030; x_wconf 84' lang='grc' dir='ltr'>ὄντα</span> <span class='ocrx_word' id='word_1_167' title='bbox 1523 1975 1586 2032; x_wconf 86' lang='grc' dir='ltr'>Σιο-</span> 
     </span>
     <span class='ocr_line' id='line_1_15' title="bbox 21 2057 1588 2141; baseline 0.001 -23"><span class='ocrx_word' id='word_1_168' title='bbox 21 2065 186 2136; x_wconf 86' lang='lat' dir='ltr'><strong>posteriorem</strong></span> <span class='ocrx_word' id='word_1_169' title='bbox 208 2063 454 2140; x_wconf 81' lang='lat' dir='ltr'><strong>Pythagoreorum</strong></span> <span class='ocrx_word' id='word_1_170' title='bbox 482 2065 621 2121; x_wconf 89' lang='lat' dir='ltr'><strong>rationem</strong></span> <span class='ocrx_word' id='word_1_171' title='bbox 644 2065 769 2141; x_wconf 89' lang='lat' dir='ltr'><strong>positum</strong></span> <span class='ocrx_word' id='word_1_172' title='bbox 816 2059 923 2137; x_wconf 76' lang='grc' dir='ltr'>κράτους</span> <span class='ocrx_word' id='word_1_173' title='bbox 937 2057 954 2130; x_wconf 75' lang='grc' dir='ltr'>ἢ</span> <span class='ocrx_word' id='word_1_174' title='bbox 968 2058 1121 2136; x_wconf 87' lang='grc' dir='ltr'>Πυθαγόρου</span> <span class='ocrx_word' id='word_1_175' title='bbox 1137 2057 1205 2118; x_wconf 76' lang='lat' dir='ltr'><strong>titi</strong></span> <span class='ocrx_word' id='word_1_176' title='bbox 1219 2061 1395 2136; x_wconf 83' lang='grc' dir='ltr'>Σωκρατικῶν</span> <span class='ocrx_word' id='word_1_177' title='bbox 1411 2059 1456 2116; x_wconf 84' lang='grc' dir='ltr'><strong>καὶ</strong></span> <span class='ocrx_word' id='word_1_178' title='bbox 1469 2061 1588 2137; x_wconf 86' lang='grc' dir='ltr'>Πυθαγο·</span> 
     </span>
     <span class='ocr_line' id='line_1_16' title="bbox 21 2145 1586 2226; baseline 0.003 -25"><span class='ocrx_word' id='word_1_179' title='bbox 21 2151 132 2219; x_wconf 87' lang='lat' dir='ltr'><strong>arbitror,</strong></span> <span class='ocrx_word' id='word_1_180' title='bbox 151 2162 179 2207; x_wconf 90' lang='lat' dir='ltr'><strong>et</strong></span> <span class='ocrx_word' id='word_1_181' title='bbox 211 2169 327 2208; x_wconf 86' lang='lat' dir='ltr'><strong>causam</strong></span> <span class='ocrx_word' id='word_1_182' title='bbox 353 2162 497 2208; x_wconf 79' lang='lat' dir='ltr'><strong>renovata</strong></span> <span class='ocrx_word' id='word_1_183' title='bbox 522 2149 768 2226; x_wconf 78' lang='lat' dir='ltr'><strong>Pythagoreorum</strong></span> <span class='ocrx_word' id='word_1_184' title='bbox 818 2146 939 2225; x_wconf 76' lang='grc' dir='ltr'>ρικῶν·ἥ</span> <span class='ocrx_word' id='word_1_185' title='bbox 957 2145 999 2205; x_wconf 81' lang='grc' dir='ltr'><strong>διὰ</strong></span> <span class='ocrx_word' id='word_1_186' title='bbox 1015 2145 1165 2224; x_wconf 75' lang='grc' dir='ltr'>φιλοτιμίαν</span> <span class='ocrx_word' id='word_1_187' title='bbox 1180 2145 1586 2226; x_wconf 78' lang='grc' dir='ltr'>βασιλικήν·’ίοάάτουςγίιρτα’3</span> 
     </span>
     <span class='ocr_line' id='line_1_17' title="bbox 21 2231 1587 2313; baseline 0.004 -25"><span class='ocrx_word' id='word_1_188' title='bbox 21 2233 160 2312; x_wconf 73' lang='lat' dir='ltr'><strong>disciplina</strong></span> <span class='ocrx_word' id='word_1_189' title='bbox 182 2235 267 2294; x_wconf 88' lang='lat' dir='ltr'><strong>aliam</strong></span> <span class='ocrx_word' id='word_1_190' title='bbox 288 2256 372 2310; x_wconf 85' lang='lat' dir='ltr'><strong>quarn</strong></span> <span class='ocrx_word' id='word_1_191' title='bbox 392 2255 456 2312; x_wconf 83' lang='lat' dir='ltr'><strong>quae</strong></span> <span class='ocrx_word' id='word_1_192' title='bbox 469 2255 486 2294; x_wconf 84' lang='grc' dir='ltr'><strong>α</strong></span> <span class='ocrx_word' id='word_1_193' title='bbox 499 2235 635 2313; x_wconf 81' lang='lat' dir='ltr'><strong>piurimis</strong></span> <span class='ocrx_word' id='word_1_194' title='bbox 649 2235 769 2294; x_wconf 90' lang='lat' dir='ltr'><strong>affertur</strong></span> <span class='ocrx_word' id='word_1_195' title='bbox 817 2233 920 2294; x_wconf 79' lang='grc' dir='ltr'>Λιάθων</span> <span class='ocrx_word' id='word_1_196' title='bbox 936 2233 1064 2312; x_wconf 81' lang='grc' dir='ltr'>βασιλέως</span> <span class='ocrx_word' id='word_1_197' title='bbox 1075 2232 1227 2310; x_wconf 77' lang='grc' dir='ltr'>συνάγοντος</span> <span class='ocrx_word' id='word_1_198' title='bbox 1237 2231 1271 2290; x_wconf 81' lang='grc' dir='ltr'><strong>τά</strong></span> <span class='ocrx_word' id='word_1_199' title='bbox 1284 2235 1437 2312; x_wconf 86' lang='grc' dir='ltr'>Πυθαγόρου</span> <span class='ocrx_word' id='word_1_200' title='bbox 1453 2235 1498 2292; x_wconf 85' lang='grc' dir='ltr'><strong>καί</strong></span> <span class='ocrx_word' id='word_1_201' title='bbox 1513 2237 1587 2295; x_wconf 87' lang='grc' dir='ltr'>Πτο-</span> 
     </span>
     <span class='ocr_line' id='line_1_18' title="bbox 22 2317 1588 2398; baseline 0.003 -25"><span class='ocrx_word' id='word_1_202' title='bbox 22 2319 93 2376; x_wconf 86' lang='lat' dir='ltr'><strong>fuisse</strong></span> <span class='ocrx_word' id='word_1_203' title='bbox 111 2322 260 2382; x_wconf 89' lang='lat' dir='ltr'><strong>contendo.</strong></span> <span class='ocrx_word' id='word_1_204' title='bbox 303 2321 442 2390; x_wconf 88' lang='lat' dir='ltr'><strong>Quamvis</strong></span> <span class='ocrx_word' id='word_1_205' title='bbox 462 2321 539 2378; x_wconf 90' lang='lat' dir='ltr'><strong>enim</strong></span> <span class='ocrx_word' id='word_1_206' title='bbox 554 2339 588 2378; x_wconf 89' lang='lat' dir='ltr'><strong>ea</strong></span> <span class='ocrx_word' id='word_1_207' title='bbox 605 2321 643 2377; x_wconf 89' lang='lat' dir='ltr'><strong>sit</strong></span> <span class='ocrx_word' id='word_1_208' title='bbox 657 2321 771 2377; x_wconf 82' lang='lat' dir='ltr'><strong>litters·</strong></span> <span class='ocrx_word' id='word_1_209' title='bbox 816 2319 925 2396; x_wconf 86' lang='grc' dir='ltr'>λεμαίου</span> <span class='ocrx_word' id='word_1_210' title='bbox 944 2317 977 2376; x_wconf 81' lang='grc' dir='ltr'><strong>τά</strong></span> <span class='ocrx_word' id='word_1_211' title='bbox 992 2317 1194 2396; x_wconf 72' lang='grc' dir='ltr'>Ἀριστοτέλους,</span> <span class='ocrx_word' id='word_1_212' title='bbox 1216 2319 1283 2386; x_wconf 80' lang='grc' dir='ltr'>τινίς</span> <span class='ocrx_word' id='word_1_213' title='bbox 1302 2319 1447 2388; x_wconf 67' lang='grc' dir='ltr'>καπηλείας</span> <span class='ocrx_word' id='word_1_214' title='bbox 1463 2319 1541 2398; x_wconf 76' lang='grc' dir='ltr'>χάριν</span> <span class='ocrx_word' id='word_1_215' title='bbox 1553 2319 1588 2378; x_wconf 80' lang='grc' dir='ltr'><strong>τά</strong></span> 
     </span>
     <span class='ocr_line' id='line_1_19' title="bbox 21 2399 1589 2488; baseline 0.001 -28"><span class='ocrx_word' id='word_1_216' title='bbox 21 2424 72 2461; x_wconf 88' lang='lat' dir='ltr'><strong>rum</strong></span> <span class='ocrx_word' id='word_1_217' title='bbox 91 2410 244 2484; x_wconf 89' lang='lat' dir='ltr'><strong>artiumque</strong></span> <span class='ocrx_word' id='word_1_218' title='bbox 273 2427 336 2466; x_wconf 88' lang='lat' dir='ltr'><strong>sors</strong></span> <span class='ocrx_word' id='word_1_219' title='bbox 359 2419 388 2464; x_wconf 90' lang='lat' dir='ltr'><strong>et</strong></span> <span class='ocrx_word' id='word_1_220' title='bbox 412 2407 553 2478; x_wconf 86' lang='lat' dir='ltr'><strong>conditio,</strong></span> <span class='ocrx_word' id='word_1_221' title='bbox 566 2419 599 2464; x_wconf 90' lang='lat' dir='ltr'><strong>ut</strong></span> <span class='ocrx_word' id='word_1_222' title='bbox 619 2419 781 2488; x_wconf 50' lang='lat' dir='ltr'><strong>postquam·</strong></span> <span class='ocrx_word' id='word_1_223' title='bbox 816 2406 928 2485; x_wconf 82' lang='grc' dir='ltr'>τυχόντα</span> <span class='ocrx_word' id='word_1_224' title='bbox 939 2405 1131 2484; x_wconf 88' lang='grc' dir='ltr'>συγγράμματα</span> <span class='ocrx_word' id='word_1_225' title='bbox 1148 2399 1324 2482; x_wconf 79' lang='grc' dir='ltr'>λαμάάνοντες</span> <span class='ocrx_word' id='word_1_226' title='bbox 1339 2404 1457 2484; x_wconf 84' lang='grc' dir='ltr'>ίκίδρουν</span> <span class='ocrx_word' id='word_1_227' title='bbox 1467 2405 1512 2464; x_wconf 82' lang='grc' dir='ltr'><strong>καί</strong></span> <span class='ocrx_word' id='word_1_228' title='bbox 1525 2403 1589 2480; x_wconf 74' lang='lat' dir='ltr'><strong>fsq-</strong></span> 
     </span>
     <span class='ocr_line' id='line_1_20' title="bbox 22 2491 1588 2576; baseline 0.005 -32"><span class='ocrx_word' id='word_1_229' title='bbox 22 2503 79 2546; x_wconf 84' lang='lat' dir='ltr'><strong>orta</strong></span> <span class='ocrx_word' id='word_1_230' title='bbox 97 2506 173 2565; x_wconf 89' lang='lat' dir='ltr'><strong>sunt,</strong></span> <span class='ocrx_word' id='word_1_231' title='bbox 193 2513 230 2552; x_wconf 85' lang='lat' dir='ltr'><strong>ex</strong></span> <span class='ocrx_word' id='word_1_232' title='bbox 243 2495 346 2572; x_wconf 88' lang='lat' dir='ltr'><strong>primae</strong></span> <span class='ocrx_word' id='word_1_233' title='bbox 360 2497 445 2570; x_wconf 82' lang='lat' dir='ltr'><strong>quasi</strong></span> <span class='ocrx_word' id='word_1_234' title='bbox 460 2492 580 2551; x_wconf 80' lang='lat' dir='ltr'><strong>aetatulae</strong></span> <span class='ocrx_word' id='word_1_235' title='bbox 595 2491 721 2550; x_wconf 89' lang='lat' dir='ltr'><strong>tenebris</strong></span> <span class='ocrx_word' id='word_1_236' title='bbox 735 2493 770 2550; x_wconf 90' lang='lat' dir='ltr'><strong>ad</strong></span> <span class='ocrx_word' id='word_1_237' title='bbox 818 2518 867 2553; x_wconf 84' lang='grc' dir='ltr'><strong>πον</strong></span> <span class='ocrx_word' id='word_1_238' title='bbox 882 2492 1099 2571; x_wconf 81' lang='grc' dir='ltr'>διδτιαραθίσεως</span> <span class='ocrx_word' id='word_1_239' title='bbox 1109 2491 1172 2550; x_wconf 84' lang='grc' dir='ltr'>νίων</span> <span class='ocrx_word' id='word_1_240' title='bbox 1184 2495 1287 2576; x_wconf 70' lang='lat' dir='ltr'><strong>puppim</strong></span> <span class='ocrx_word' id='word_1_241' title='bbox 1302 2495 1349 2570; x_wconf 80' lang='lat' dir='ltr'><strong>(a),</strong></span> <span class='ocrx_word' id='word_1_242' title='bbox 1359 2491 1401 2551; x_wconf 82' lang='grc' dir='ltr'><strong>ίνα</strong></span> <span class='ocrx_word' id='word_1_243' title='bbox 1412 2495 1498 2570; x_wconf 54' lang='grc' dir='ltr'>σχοῖεν</span> <span class='ocrx_word' id='word_1_244' title='bbox 1513 2496 1588 2566; x_wconf 82' lang='grc' dir='ltr'>δῆθεν</span> 
     </span>
     <span class='ocr_line' id='line_1_21' title="bbox 22 2577 1590 2658; baseline 0.005 -28"><span class='ocrx_word' id='word_1_245' title='bbox 22 2577 138 2652; x_wconf 76' lang='lat' dir='ltr'><strong>carajorem</strong></span> <span class='ocrx_word' id='word_1_246' title='bbox 159 2598 272 2658; x_wconf 90' lang='lat' dir='ltr'><strong>semper</strong></span> <span class='ocrx_word' id='word_1_247' title='bbox 295 2581 388 2638; x_wconf 87' lang='lat' dir='ltr'><strong>lueetn</strong></span> <span class='ocrx_word' id='word_1_248' title='bbox 407 2593 553 2654; x_wconf 83' lang='lat' dir='ltr'><strong>emergant</strong></span> <span class='ocrx_word' id='word_1_249' title='bbox 574 2599 607 2636; x_wconf 89' lang='lat' dir='ltr'><strong>ac</strong></span> <span class='ocrx_word' id='word_1_250' title='bbox 632 2593 771 2656; x_wconf 88' lang='lat' dir='ltr'><strong>perpetuo</strong></span> <span class='ocrx_word' id='word_1_251' title='bbox 817 2581 864 2650; x_wconf 74' lang='grc' dir='ltr'>τὴν</span> <span class='ocrx_word' id='word_1_252' title='bbox 881 2579 1076 2657; x_wconf 78' lang='grc' dir='ltr'>ίκτοῦχρόνου</span> <span class='ocrx_word' id='word_1_253' title='bbox 1092 2577 1299 2648; x_wconf 59' lang='lat' dir='ltr'><strong>disputationi</strong></span> <span class='ocrx_word' id='word_1_254' title='bbox 1316 2580 1348 2636; x_wconf 87' lang='grc' dir='ltr'><strong>δι’</strong></span> <span class='ocrx_word' id='word_1_255' title='bbox 1364 2578 1513 2655; x_wconf 79' lang='grc' dir='ltr'>ὁμωνυμίας</span> <span class='ocrx_word' id='word_1_256' title='bbox 1527 2603 1590 2656; x_wconf 86' lang='grc' dir='ltr'>συγ·</span> 
     </span>
     <span class='ocr_line' id='line_1_22' title="bbox 23 2662 1591 2746; baseline 0.006 -30"><span class='ocrx_word' id='word_1_257' title='bbox 23 2676 91 2719; x_wconf 89' lang='lat' dir='ltr'><strong>auctu</strong></span> <span class='ocrx_word' id='word_1_258' title='bbox 104 2679 225 2723; x_wconf 87' lang='lat' dir='ltr'><strong>crescant</strong></span> <span class='ocrx_word' id='word_1_259' title='bbox 238 2679 268 2724; x_wconf 86' lang='lat' dir='ltr'><strong>et</strong></span> <span class='ocrx_word' id='word_1_260' title='bbox 283 2667 451 2724; x_wconf 83' lang='lat' dir='ltr'><strong>excolantur</strong></span> <span class='ocrx_word' id='word_1_261' title='bbox 465 2686 471 2722; x_wconf 83' lang='lat' dir='ltr'><strong>t</strong></span> <span class='ocrx_word' id='word_1_262' title='bbox 486 2678 594 2736; x_wconf 82' lang='lat' dir='ltr'><strong>tamen,</strong></span> <span class='ocrx_word' id='word_1_263' title='bbox 605 2665 657 2722; x_wconf 92' lang='lat' dir='ltr'><strong>uhi</strong></span> <span class='ocrx_word' id='word_1_264' title='bbox 671 2664 707 2722; x_wconf 90' lang='lat' dir='ltr'><strong>ad</strong></span> <span class='ocrx_word' id='word_1_265' title='bbox 717 2666 772 2724; x_wconf 92' lang='lat' dir='ltr'><strong>tale</strong></span> <span class='ocrx_word' id='word_1_266' title='bbox 817 2665 936 2746; x_wconf 75' lang='grc' dir='ltr'>γραφέων</span> <span class='ocrx_word' id='word_1_267' title='bbox 947 2665 965 2737; x_wconf 76' lang='grc' dir='ltr'><strong>ί,</strong></span> <span class='ocrx_word' id='word_1_268' title='bbox 978 2664 1189 2744; x_wconf 85' lang='grc' dir='ltr'>συγγραμμάτων</span> <span class='ocrx_word' id='word_1_269' title='bbox 1206 2662 1441 2742; x_wconf 73' lang='grc' dir='ltr'>ἢθπομνημάτων.</span> <span class='ocrx_word' id='word_1_270' title='bbox 1484 2665 1525 2724; x_wconf 71' lang='lat' dir='ltr'><strong>rc</strong></span> <span class='ocrx_word' id='word_1_271' title='bbox 1539 2667 1591 2742; x_wconf 89' lang='lat' dir='ltr'><strong>igi·</strong></span> 
     </span>
     <span class='ocr_line' id='line_1_23' title="bbox 24 2747 1591 2831; baseline 0.006 -29"><span class='ocrx_word' id='word_1_272' title='bbox 24 2747 145 2822; x_wconf 81' lang='lat' dir='ltr'><strong>fastigium</strong></span> <span class='ocrx_word' id='word_1_273' title='bbox 160 2765 225 2809; x_wconf 91' lang='lat' dir='ltr'><strong>sunt</strong></span> <span class='ocrx_word' id='word_1_274' title='bbox 239 2765 364 2827; x_wconf 71' lang='lat' dir='ltr'><strong>evecta,</strong></span> <span class='ocrx_word' id='word_1_275' title='bbox 383 2765 415 2810; x_wconf 90' lang='lat' dir='ltr'><strong>ut</strong></span> <span class='ocrx_word' id='word_1_276' title='bbox 428 2752 463 2810; x_wconf 85' lang='lat' dir='ltr'><strong>ad</strong></span> <span class='ocrx_word' id='word_1_277' title='bbox 476 2752 506 2810; x_wconf 91' lang='lat' dir='ltr'><strong>id</strong></span> <span class='ocrx_word' id='word_1_278' title='bbox 528 2752 605 2829; x_wconf 90' lang='lat' dir='ltr'><strong>quod</strong></span> <span class='ocrx_word' id='word_1_279' title='bbox 628 2770 770 2810; x_wconf 90' lang='lat' dir='ltr'><strong>summum</strong></span> <span class='ocrx_word' id='word_1_280' title='bbox 818 2768 864 2811; x_wconf 93' lang='lat' dir='ltr'><strong>tur</strong></span> <span class='ocrx_word' id='word_1_281' title='bbox 878 2756 1006 2831; x_wconf 84' lang='lat' dir='ltr'><strong>tempore</strong></span> <span class='ocrx_word' id='word_1_282' title='bbox 1021 2771 1085 2810; x_wconf 82' lang='lat' dir='ltr'><strong>curn</strong></span> <span class='ocrx_word' id='word_1_283' title='bbox 1105 2751 1161 2809; x_wconf 88' lang='lat' dir='ltr'><strong>alia</strong></span> <span class='ocrx_word' id='word_1_284' title='bbox 1179 2751 1268 2810; x_wconf 90' lang='lat' dir='ltr'><strong>muita</strong></span> <span class='ocrx_word' id='word_1_285' title='bbox 1281 2752 1407 2827; x_wconf 86' lang='lat' dir='ltr'><strong>antiquis</strong></span> <span class='ocrx_word' id='word_1_286' title='bbox 1421 2749 1591 2828; x_wconf 82' lang='lat' dir='ltr'><strong>Pythagorae</strong></span> 
     </span>
     <span class='ocr_line' id='line_1_24' title="bbox 21 2835 1591 2916; baseline 0.004 -24"><span class='ocrx_word' id='word_1_287' title='bbox 21 2835 114 2910; x_wconf 85' lang='lat' dir='ltr'><strong>estjam</strong></span> <span class='ocrx_word' id='word_1_288' title='bbox 125 2839 293 2912; x_wconf 86' lang='lat' dir='ltr'><strong>pervenisse</strong></span> <span class='ocrx_word' id='word_1_289' title='bbox 306 2839 353 2896; x_wconf 87' lang='lat' dir='ltr'><strong>vei</strong></span> <span class='ocrx_word' id='word_1_290' title='bbox 372 2838 454 2897; x_wconf 89' lang='lat' dir='ltr'><strong>brevi</strong></span> <span class='ocrx_word' id='word_1_291' title='bbox 468 2849 648 2916; x_wconf 84' lang='lat' dir='ltr'><strong>perventurae</strong></span> <span class='ocrx_word' id='word_1_292' title='bbox 658 2837 772 2894; x_wconf 84' lang='lat' dir='ltr'><strong>videau-</strong></span> <span class='ocrx_word' id='word_1_293' title='bbox 819 2840 906 2898; x_wconf 87' lang='lat' dir='ltr'><strong>sociis</strong></span> <span class='ocrx_word' id='word_1_294' title='bbox 918 2839 1032 2898; x_wconf 90' lang='lat' dir='ltr'><strong>subdita</strong></span> <span class='ocrx_word' id='word_1_295' title='bbox 1043 2851 1127 2908; x_wconf 90' lang='lat' dir='ltr'><strong>sunt,</strong></span> <span class='ocrx_word' id='word_1_296' title='bbox 1140 2851 1200 2896; x_wconf 88' lang='lat' dir='ltr'><strong>tum</strong></span> <span class='ocrx_word' id='word_1_297' title='bbox 1214 2838 1264 2897; x_wconf 91' lang='lat' dir='ltr'><strong>iile</strong></span> <span class='ocrx_word' id='word_1_298' title='bbox 1274 2838 1451 2916; x_wconf 90' lang='lat' dir='ltr'><strong>compositus</strong></span> <span class='ocrx_word' id='word_1_299' title='bbox 1460 2853 1503 2898; x_wconf 88' lang='lat' dir='ltr'><strong>est</strong></span> <span class='ocrx_word' id='word_1_300' title='bbox 1515 2839 1591 2899; x_wconf 90' lang='lat' dir='ltr'><strong>liber</strong></span> 
     </span>
     <span class='ocr_line' id='line_1_25' title="bbox 23 2923 1591 3002; baseline 0.008 -29"><span class='ocrx_word' id='word_1_301' title='bbox 23 2931 68 2989; x_wconf 89' lang='lat' dir='ltr'><strong>tur,</strong></span> <span class='ocrx_word' id='word_1_302' title='bbox 87 2923 209 2983; x_wconf 89' lang='lat' dir='ltr'><strong>homiues</strong></span> <span class='ocrx_word' id='word_1_303' title='bbox 232 2925 379 2983; x_wconf 92' lang='lat' dir='ltr'><strong>interdum</strong></span> <span class='ocrx_word' id='word_1_304' title='bbox 405 2939 537 3000; x_wconf 87' lang='lat' dir='ltr'><strong>tanquam</strong></span> <span class='ocrx_word' id='word_1_305' title='bbox 558 2923 645 2998; x_wconf 90' lang='lat' dir='ltr'><strong>longo</strong></span> <span class='ocrx_word' id='word_1_306' title='bbox 667 2924 770 2982; x_wconf 88' lang='lat' dir='ltr'><strong>itinere</strong></span> <span class='ocrx_word' id='word_1_307' title='bbox 818 2928 869 3002; x_wconf 88' lang='lat' dir='ltr'><strong>qui</strong></span> <span class='ocrx_word' id='word_1_308' title='bbox 886 2928 921 2985; x_wconf 89' lang='lat' dir='ltr'><strong>ad</strong></span> <span class='ocrx_word' id='word_1_309' title='bbox 935 2927 1063 2984; x_wconf 87' lang='lat' dir='ltr'><strong>Ocellum</strong></span> <span class='ocrx_word' id='word_1_310' title='bbox 1078 2924 1222 2982; x_wconf 87' lang='lat' dir='ltr'><strong>Lucanum</strong></span> <span class='ocrx_word' id='word_1_311' title='bbox 1234 2925 1323 3000; x_wconf 87' lang='lat' dir='ltr'><strong>vulgo</strong></span> <span class='ocrx_word' id='word_1_312' title='bbox 1338 2924 1471 2983; x_wconf 89' lang='lat' dir='ltr'><strong>refertur.</strong></span> <span class='ocrx_word' id='word_1_313' title='bbox 1513 2925 1591 2998; x_wconf 90' lang='lat' dir='ltr'><strong>Quo·</strong></span> 
     </span>
     <span class='ocr_line' id='line_1_26' title="bbox 24 3006 1591 3090; baseline 0.006 -27"><span class='ocrx_word' id='word_1_314' title='bbox 24 3006 76 3064; x_wconf 85' lang='lat' dir='ltr'><strong>fessi</strong></span> <span class='ocrx_word' id='word_1_315' title='bbox 91 3009 239 3069; x_wconf 79' lang='lat' dir='ltr'><strong>subsistere</strong></span> <span class='ocrx_word' id='word_1_316' title='bbox 253 3031 408 3090; x_wconf 87' lang='lat' dir='ltr'><strong>parumper</strong></span> <span class='ocrx_word' id='word_1_317' title='bbox 424 3023 605 3069; x_wconf 87' lang='lat' dir='ltr'><strong>etanteacta</strong></span> <span class='ocrx_word' id='word_1_318' title='bbox 619 3029 770 3068; x_wconf 83' lang='lat' dir='ltr'><strong>securare·</strong></span> <span class='ocrx_word' id='word_1_319' title='bbox 819 3033 884 3070; x_wconf 90' lang='lat' dir='ltr'><strong>cum</strong></span> <span class='ocrx_word' id='word_1_320' title='bbox 911 3013 1045 3071; x_wconf 87' lang='lat' dir='ltr'><strong>convenit</strong></span> <span class='ocrx_word' id='word_1_321' title='bbox 1068 3010 1213 3068; x_wconf 90' lang='lat' dir='ltr'><strong>scribendi</strong></span> <span class='ocrx_word' id='word_1_322' title='bbox 1245 3024 1274 3068; x_wconf 92' lang='lat' dir='ltr'><strong>et</strong></span> <span class='ocrx_word' id='word_1_323' title='bbox 1299 3011 1459 3070; x_wconf 89' lang='lat' dir='ltr'><strong>disserendi</strong></span> <span class='ocrx_word' id='word_1_324' title='bbox 1487 3031 1591 3087; x_wconf 86' lang='lat' dir='ltr'><strong>genere</strong></span> 
     </span>
     <span class='ocr_line' id='line_1_27' title="bbox 23 3093 1590 3174; baseline 0.006 -29"><span class='ocrx_word' id='word_1_325' title='bbox 23 3093 231 3174; x_wconf 86' lang='lat' dir='ltr'><strong>colerecupiunt.</strong></span> <span class='ocrx_word' id='word_1_326' title='bbox 275 3098 468 3167; x_wconf 84' lang='lat' dir='ltr'><strong>Quamobrem</strong></span> <span class='ocrx_word' id='word_1_327' title='bbox 480 3098 576 3174; x_wconf 89' lang='lat' dir='ltr'><strong>primo</strong></span> <span class='ocrx_word' id='word_1_328' title='bbox 586 3109 649 3154; x_wconf 89' lang='lat' dir='ltr'><strong>ante</strong></span> <span class='ocrx_word' id='word_1_329' title='bbox 659 3097 768 3156; x_wconf 64' lang='lat' dir='ltr'><strong>Chen.</strong></span> <span class='ocrx_word' id='word_1_330' title='bbox 820 3100 1008 3174; x_wconf 82' lang='lat' dir='ltr'><strong>fragmentum</strong></span> <span class='ocrx_word' id='word_1_331' title='bbox 1028 3117 1044 3154; x_wconf 93' lang='lat' dir='ltr'><strong>e</strong></span> <span class='ocrx_word' id='word_1_332' title='bbox 1066 3097 1143 3154; x_wconf 90' lang='lat' dir='ltr'><strong>libro</strong></span> <span class='ocrx_word' id='word_1_333' title='bbox 1164 3096 1199 3154; x_wconf 91' lang='lat' dir='ltr'><strong>de</strong></span> <span class='ocrx_word' id='word_1_334' title='bbox 1221 3097 1334 3172; x_wconf 85' lang='lat' dir='ltr'><strong>iegibus</strong></span> <span class='ocrx_word' id='word_1_335' title='bbox 1356 3097 1494 3174; x_wconf 85' lang='lat' dir='ltr'><strong>petitum,</strong></span> <span class='ocrx_word' id='word_1_336' title='bbox 1511 3097 1590 3173; x_wconf 92' lang='lat' dir='ltr'><strong>quod</strong></span> 
     </span>
     <span class='ocr_line' id='line_1_28' title="bbox 23 3181 1590 3264; baseline 0.005 -32"><span class='ocrx_word' id='word_1_337' title='bbox 23 3182 109 3239; x_wconf 80' lang='lat' dir='ltr'><strong>seculo</strong></span> <span class='ocrx_word' id='word_1_338' title='bbox 129 3183 297 3242; x_wconf 85' lang='lat' dir='ltr'><strong>florentibus</strong></span> <span class='ocrx_word' id='word_1_339' title='bbox 320 3185 572 3254; x_wconf 79' lang='lat' dir='ltr'><strong>Academicorum,</strong></span> <span class='ocrx_word' id='word_1_340' title='bbox 592 3182 769 3254; x_wconf 89' lang='lat' dir='ltr'><strong>Stoicorum,</strong></span> <span class='ocrx_word' id='word_1_341' title='bbox 820 3187 896 3264; x_wconf 88' lang='lat' dir='ltr'><strong>apud</strong></span> <span class='ocrx_word' id='word_1_342' title='bbox 920 3185 1061 3242; x_wconf 81' lang='lat' dir='ltr'><strong>ioannem</strong></span> <span class='ocrx_word' id='word_1_343' title='bbox 1089 3181 1233 3239; x_wconf 84' lang='lat' dir='ltr'><strong>Stobaeum</strong></span> <span class='ocrx_word' id='word_1_344' title='bbox 1256 3195 1356 3240; x_wconf 86' lang='lat' dir='ltr'><strong>exstat.</strong></span> <span class='ocrx_word' id='word_1_345' title='bbox 1399 3183 1590 3260; x_wconf 77' lang='lat' dir='ltr'><strong>deprimunt</strong></span> 
     </span>
     <span class='ocr_line' id='line_1_29' title="bbox 24 3261 1589 3348; baseline 0.006 -30"><span class='ocrx_word' id='word_1_346' title='bbox 24 3261 203 3340; x_wconf 78' lang='lat' dir='ltr'><strong>Epicureorum</strong></span> <span class='ocrx_word' id='word_1_347' title='bbox 218 3272 402 3348; x_wconf 86' lang='lat' dir='ltr'><strong>aliorumque</strong></span> <span class='ocrx_word' id='word_1_348' title='bbox 417 3271 520 3328; x_wconf 91' lang='lat' dir='ltr'><strong>studiis</strong></span> <span class='ocrx_word' id='word_1_349' title='bbox 536 3270 649 3327; x_wconf 89' lang='lat' dir='ltr'><strong>fuerunt</strong></span> <span class='ocrx_word' id='word_1_350' title='bbox 662 3270 712 3345; x_wconf 94' lang='lat' dir='ltr'><strong>qui</strong></span> <span class='ocrx_word' id='word_1_351' title='bbox 724 3270 769 3327; x_wconf 87' lang='lat' dir='ltr'><strong>vel</strong></span> <span class='ocrx_word' id='word_1_352' title='bbox 820 3270 935 3347; x_wconf 92' lang='lat' dir='ltr'><strong>quidem</strong></span> <span class='ocrx_word' id='word_1_353' title='bbox 950 3271 1005 3328; x_wconf 86' lang='lat' dir='ltr'><strong>lroc</strong></span> <span class='ocrx_word' id='word_1_354' title='bbox 1019 3271 1154 3327; x_wconf 85' lang='lat' dir='ltr'><strong>volumen</strong></span> <span class='ocrx_word' id='word_1_355' title='bbox 1167 3289 1231 3326; x_wconf 89' lang='lat' dir='ltr'><strong>cum</strong></span> <span class='ocrx_word' id='word_1_356' title='bbox 1246 3269 1311 3328; x_wconf 90' lang='lat' dir='ltr'><strong>aliis</strong></span> <span class='ocrx_word' id='word_1_357' title='bbox 1328 3269 1498 3346; x_wconf 90' lang='lat' dir='ltr'><strong>hujusmodi</strong></span> <span class='ocrx_word' id='word_1_358' title='bbox 1510 3271 1589 3328; x_wconf 90' lang='lat' dir='ltr'><strong>scri-</strong></span> 
     </span>
     <span class='ocr_line' id='line_1_30' title="bbox 24 3353 1590 3435; baseline 0.003 -27"><span class='ocrx_word' id='word_1_359' title='bbox 24 3353 51 3407; x_wconf 85' lang='lat' dir='ltr'><strong>ad</strong></span> <span class='ocrx_word' id='word_1_360' title='bbox 71 3353 259 3431; x_wconf 77' lang='lat' dir='ltr'><strong>Pythagoricae</strong></span> <span class='ocrx_word' id='word_1_361' title='bbox 278 3357 418 3415; x_wconf 80' lang='lat' dir='ltr'><strong>doctrinae</strong></span> <span class='ocrx_word' id='word_1_362' title='bbox 437 3356 648 3432; x_wconf 88' lang='lat' dir='ltr'><strong>simplicitatem</strong></span> <span class='ocrx_word' id='word_1_363' title='bbox 669 3357 714 3412; x_wconf 82' lang='lat' dir='ltr'><strong>rei</strong></span> <span class='ocrx_word' id='word_1_364' title='bbox 736 3356 771 3413; x_wconf 91' lang='lat' dir='ltr'><strong>ad</strong></span> <span class='ocrx_word' id='word_1_365' title='bbox 820 3357 969 3435; x_wconf 91' lang='lat' dir='ltr'><strong>ptionibus</strong></span> <span class='ocrx_word' id='word_1_366' title='bbox 985 3355 1142 3413; x_wconf 89' lang='lat' dir='ltr'><strong>conferenti</strong></span> <span class='ocrx_word' id='word_1_367' title='bbox 1159 3367 1234 3430; x_wconf 86' lang='lat' dir='ltr'><strong>patet</strong></span> <span class='ocrx_word' id='word_1_368' title='bbox 1255 3367 1401 3413; x_wconf 90' lang='lat' dir='ltr'><strong>auctorem</strong></span> <span class='ocrx_word' id='word_1_369' title='bbox 1419 3354 1480 3431; x_wconf 88' lang='lat' dir='ltr'><strong>ejus</strong></span> <span class='ocrx_word' id='word_1_370' title='bbox 1499 3356 1590 3413; x_wconf 92' lang='lat' dir='ltr'><strong>multo</strong></span> 
     </span>
     <span class='ocr_line' id='line_1_31' title="bbox 26 3435 1589 3520; baseline 0.006 -32"><span class='ocrx_word' id='word_1_371' title='bbox 26 3435 187 3500; x_wconf 85' lang='lat' dir='ltr'><strong>lleracliteam</strong></span> <span class='ocrx_word' id='word_1_372' title='bbox 212 3445 261 3502; x_wconf 90' lang='lat' dir='ltr'><strong>vel</strong></span> <span class='ocrx_word' id='word_1_373' title='bbox 280 3443 315 3502; x_wconf 93' lang='lat' dir='ltr'><strong>ad</strong></span> <span class='ocrx_word' id='word_1_374' title='bbox 334 3445 471 3520; x_wconf 87' lang='lat' dir='ltr'><strong>Cynicam</strong></span> <span class='ocrx_word' id='word_1_375' title='bbox 486 3441 696 3519; x_wconf 82' lang='lat' dir='ltr'><strong>philosophiam</strong></span> <span class='ocrx_word' id='word_1_376' title='bbox 725 3463 771 3500; x_wconf 92' lang='lat' dir='ltr'><strong>re·</strong></span> <span class='ocrx_word' id='word_1_377' title='bbox 820 3443 967 3500; x_wconf 90' lang='lat' dir='ltr'><strong>meliorem</strong></span> <span class='ocrx_word' id='word_1_378' title='bbox 984 3441 1071 3498; x_wconf 91' lang='lat' dir='ltr'><strong>fuisse</strong></span> <span class='ocrx_word' id='word_1_379' title='bbox 1082 3453 1110 3496; x_wconf 91' lang='lat' dir='ltr'><strong>et</strong></span> <span class='ocrx_word' id='word_1_380' title='bbox 1124 3458 1219 3496; x_wconf 89' lang='lat' dir='ltr'><strong>rerum</strong></span> <span class='ocrx_word' id='word_1_381' title='bbox 1233 3439 1441 3498; x_wconf 87' lang='lat' dir='ltr'><strong>tractandarum</strong></span> <span class='ocrx_word' id='word_1_382' title='bbox 1452 3441 1589 3498; x_wconf 88' lang='lat' dir='ltr'><strong>artificem</strong></span> 
     </span>
     <span class='ocr_line' id='line_1_32' title="bbox 26 3519 1591 3602; baseline 0.005 -27"><span class='ocrx_word' id='word_1_383' title='bbox 26 3519 90 3594; x_wconf 84' lang='lat' dir='ltr'><strong>dire,</strong></span> <span class='ocrx_word' id='word_1_384' title='bbox 110 3546 189 3602; x_wconf 91' lang='lat' dir='ltr'><strong>quam</strong></span> <span class='ocrx_word' id='word_1_385' title='bbox 219 3530 296 3587; x_wconf 90' lang='lat' dir='ltr'><strong>inter</strong></span> <span class='ocrx_word' id='word_1_386' title='bbox 316 3531 395 3588; x_wconf 89' lang='lat' dir='ltr'><strong>iilius</strong></span> <span class='ocrx_word' id='word_1_387' title='bbox 422 3530 512 3586; x_wconf 81' lang='lat' dir='ltr'><strong>atatis</strong></span> <span class='ocrx_word' id='word_1_388' title='bbox 538 3541 629 3586; x_wconf 86' lang='lat' dir='ltr'><strong>sectas</strong></span> <span class='ocrx_word' id='word_1_389' title='bbox 655 3530 772 3587; x_wconf 91' lang='lat' dir='ltr'><strong>nomina</strong></span> <span class='ocrx_word' id='word_1_390' title='bbox 820 3541 848 3586; x_wconf 90' lang='lat' dir='ltr'><strong>et</strong></span> <span class='ocrx_word' id='word_1_391' title='bbox 867 3525 1027 3585; x_wconf 88' lang='lat' dir='ltr'><strong>verborum</strong></span> <span class='ocrx_word' id='word_1_392' title='bbox 1051 3524 1255 3598; x_wconf 75' lang='lat' dir='ltr'><strong>architectum,</strong></span> <span class='ocrx_word' id='word_1_393' title='bbox 1279 3525 1459 3601; x_wconf 91' lang='lat' dir='ltr'><strong>eundemque</strong></span> <span class='ocrx_word' id='word_1_394' title='bbox 1477 3525 1591 3600; x_wconf 81' lang='lat' dir='ltr'><strong>elegan-</strong></span> 
     </span>
     <span class='ocr_line' id='line_1_33' title="bbox 25 3611 1591 3690; baseline 0.003 -26"><span class='ocrx_word' id='word_1_395' title='bbox 25 3624 66 3664; x_wconf 71' lang='grc' dir='ltr'><strong>αυτ</strong></span> <span class='ocrx_word' id='word_1_396' title='bbox 94 3615 215 3686; x_wconf 88' lang='lat' dir='ltr'><strong>proiiteri</strong></span> <span class='ocrx_word' id='word_1_397' title='bbox 248 3614 377 3674; x_wconf 84' lang='lat' dir='ltr'><strong>mallent.</strong></span> <span class='ocrx_word' id='word_1_398' title='bbox 420 3615 464 3670; x_wconf 81' lang='lat' dir='ltr'><strong>hd</strong></span> <span class='ocrx_word' id='word_1_399' title='bbox 490 3613 568 3690; x_wconf 93' lang='lat' dir='ltr'><strong>quod</strong></span> <span class='ocrx_word' id='word_1_400' title='bbox 590 3613 770 3672; x_wconf 83' lang='lat' dir='ltr'><strong>efficiendum</strong></span> <span class='ocrx_word' id='word_1_401' title='bbox 820 3615 921 3672; x_wconf 90' lang='lat' dir='ltr'><strong>tiorem</strong></span> <span class='ocrx_word' id='word_1_402' title='bbox 935 3614 1104 3689; x_wconf 83' lang='lat' dir='ltr'><strong>scriptorem</strong></span> <span class='ocrx_word' id='word_1_403' title='bbox 1119 3623 1147 3668; x_wconf 87' lang='lat' dir='ltr'><strong>et</strong></span> <span class='ocrx_word' id='word_1_404' title='bbox 1159 3611 1335 3668; x_wconf 88' lang='lat' dir='ltr'><strong>callidiorem</strong></span> <span class='ocrx_word' id='word_1_405' title='bbox 1352 3611 1530 3687; x_wconf 83' lang='lat' dir='ltr'><strong>antiquitatis</strong></span> <span class='ocrx_word' id='word_1_406' title='bbox 1548 3613 1591 3670; x_wconf 90' lang='lat' dir='ltr'><strong>si-</strong></span> 
     </span>
     <span class='ocr_line' id='line_1_34' title="bbox 25 3691 1592 3778; baseline 0.006 -26"><span class='ocrx_word' id='word_1_407' title='bbox 25 3691 145 3770; x_wconf 80' lang='lat' dir='ltr'><strong>inprinis</strong></span> <span class='ocrx_word' id='word_1_408' title='bbox 163 3701 276 3760; x_wconf 77' lang='lat' dir='ltr'><strong>sublata</strong></span> <span class='ocrx_word' id='word_1_409' title='bbox 291 3701 409 3778; x_wconf 80' lang='lat' dir='ltr'><strong>Epicuri</strong></span> <span class='ocrx_word' id='word_1_410' title='bbox 429 3702 610 3778; x_wconf 83' lang='lat' dir='ltr'><strong>aliorumque</strong></span> <span class='ocrx_word' id='word_1_411' title='bbox 624 3703 772 3762; x_wconf 82' lang='lat' dir='ltr'><strong>sententiis</strong></span> <span class='ocrx_word' id='word_1_412' title='bbox 821 3699 1009 3762; x_wconf 72' lang='lat' dir='ltr'><strong>motatorem,</strong></span> <span class='ocrx_word' id='word_1_413' title='bbox 1027 3716 1112 3772; x_wconf 85' lang='lat' dir='ltr'><strong>quam</strong></span> <span class='ocrx_word' id='word_1_414' title='bbox 1133 3715 1231 3754; x_wconf 83' lang='lat' dir='ltr'><strong>eorum</strong></span> <span class='ocrx_word' id='word_1_415' title='bbox 1249 3696 1405 3774; x_wconf 84' lang='lat' dir='ltr'><strong>pterosque</strong></span> <span class='ocrx_word' id='word_1_416' title='bbox 1419 3695 1470 3772; x_wconf 85' lang='lat' dir='ltr'><strong>qni</strong></span> <span class='ocrx_word' id='word_1_417' title='bbox 1491 3696 1592 3772; x_wconf 77' lang='lat' dir='ltr'><strong>longas</strong></span> 
     </span>
     <span class='ocr_line' id='line_1_35' title="bbox 25 3781 1591 3860; baseline 0.005 -27"><span class='ocrx_word' id='word_1_418' title='bbox 25 3781 165 3842; x_wconf 84' lang='lat' dir='ltr'><strong>anirnorum</strong></span> <span class='ocrx_word' id='word_1_419' title='bbox 195 3787 398 3845; x_wconf 82' lang='lat' dir='ltr'><strong>immortalitas</strong></span> <span class='ocrx_word' id='word_1_420' title='bbox 427 3801 456 3845; x_wconf 88' lang='lat' dir='ltr'><strong>et</strong></span> <span class='ocrx_word' id='word_1_421' title='bbox 485 3787 578 3846; x_wconf 82' lang='lat' dir='ltr'><strong>offusa</strong></span> <span class='ocrx_word' id='word_1_422' title='bbox 609 3788 772 3845; x_wconf 87' lang='lat' dir='ltr'><strong>dialectieo·</strong></span> <span class='ocrx_word' id='word_1_423' title='bbox 821 3783 856 3841; x_wconf 91' lang='lat' dir='ltr'><strong>de</strong></span> <span class='ocrx_word' id='word_1_424' title='bbox 869 3785 975 3841; x_wconf 80' lang='lat' dir='ltr'><strong>virtute</strong></span> <span class='ocrx_word' id='word_1_425' title='bbox 988 3783 1033 3839; x_wconf 84' lang='lat' dir='ltr'><strong>rel</strong></span> <span class='ocrx_word' id='word_1_426' title='bbox 1051 3781 1087 3839; x_wconf 88' lang='lat' dir='ltr'><strong>de</strong></span> <span class='ocrx_word' id='word_1_427' title='bbox 1104 3782 1257 3856; x_wconf 86' lang='lat' dir='ltr'><strong>categoriis</strong></span> <span class='ocrx_word' id='word_1_428' title='bbox 1273 3782 1481 3860; x_wconf 86' lang='lat' dir='ltr'><strong>disputationes</strong></span> <span class='ocrx_word' id='word_1_429' title='bbox 1494 3785 1591 3841; x_wconf 87' lang='lat' dir='ltr'><strong>coufe-</strong></span> 
     </span>
     <span class='ocr_line' id='line_1_36' title="bbox 24 3867 1594 3949; baseline 0.007 -32"><span class='ocrx_word' id='word_1_430' title='bbox 24 3881 76 3921; x_wconf 89' lang='lat' dir='ltr'><strong>rum</strong></span> <span class='ocrx_word' id='word_1_431' title='bbox 108 3873 234 3932; x_wconf 90' lang='lat' dir='ltr'><strong>acumine</strong></span> <span class='ocrx_word' id='word_1_432' title='bbox 269 3871 355 3931; x_wconf 88' lang='lat' dir='ltr'><strong>rebus</strong></span> <span class='ocrx_word' id='word_1_433' title='bbox 377 3873 486 3932; x_wconf 86' lang='lat' dir='ltr'><strong>divinis</strong></span> <span class='ocrx_word' id='word_1_434' title='bbox 520 3886 604 3949; x_wconf 88' lang='lat' dir='ltr'><strong>atque</strong></span> <span class='ocrx_word' id='word_1_435' title='bbox 638 3872 772 3931; x_wconf 82' lang='lat' dir='ltr'><strong>humanis</strong></span> <span class='ocrx_word' id='word_1_436' title='bbox 821 3882 922 3927; x_wconf 88' lang='lat' dir='ltr'><strong>cerunt</strong></span> <span class='ocrx_word' id='word_1_437' title='bbox 937 3867 976 3948; x_wconf 79' lang='grc' dir='ltr'><strong>(θ)</strong></span> <span class='ocrx_word' id='word_1_438' title='bbox 987 3868 1033 3926; x_wconf 83' lang='lat' dir='ltr'><strong>vei</strong></span> <span class='ocrx_word' id='word_1_439' title='bbox 1047 3868 1121 3926; x_wconf 89' lang='lat' dir='ltr'><strong>fictis</strong></span> <span class='ocrx_word' id='word_1_440' title='bbox 1135 3869 1264 3945; x_wconf 88' lang='lat' dir='ltr'><strong>epistolis</strong></span> <span class='ocrx_word' id='word_1_441' title='bbox 1274 3869 1434 3946; x_wconf 87' lang='lat' dir='ltr'><strong>posteritati</strong></span> <span class='ocrx_word' id='word_1_442' title='bbox 1443 3869 1594 3946; x_wconf 86' lang='lat' dir='ltr'><strong>imponere</strong></span> 
     </span>
     <span class='ocr_line' id='line_1_37' title="bbox 25 3949 1595 4034; baseline 0.005 -27"><span class='ocrx_word' id='word_1_443' title='bbox 25 3949 101 4024; x_wconf 81' lang='lat' dir='ltr'><strong>caiigo</strong></span> <span class='ocrx_word' id='word_1_444' title='bbox 126 3956 246 4015; x_wconf 79' lang='lat' dir='ltr'><strong>saluisse</strong></span> <span class='ocrx_word' id='word_1_445' title='bbox 273 3957 418 4016; x_wconf 89' lang='lat' dir='ltr'><strong>videntur.</strong></span> <span class='ocrx_word' id='word_1_446' title='bbox 458 3959 528 4016; x_wconf 85' lang='lat' dir='ltr'><strong>Nam</strong></span> <span class='ocrx_word' id='word_1_447' title='bbox 553 3959 776 4018; x_wconf 88' lang='lat' dir='ltr'><strong>immortalitatis</strong></span> <span class='ocrx_word' id='word_1_448' title='bbox 821 3953 1023 4034; x_wconf 75' lang='lat' dir='ltr'><strong>tentaruntii).</strong></span> <span class='ocrx_word' id='word_1_449' title='bbox 1066 3955 1119 4012; x_wconf 89' lang='lat' dir='ltr'><strong>liic</strong></span> <span class='ocrx_word' id='word_1_450' title='bbox 1130 3958 1204 4013; x_wconf 90' lang='lat' dir='ltr'><strong>enim</strong></span> <span class='ocrx_word' id='word_1_451' title='bbox 1216 3957 1339 4033; x_wconf 88' lang='lat' dir='ltr'><strong>scriptor</strong></span> <span class='ocrx_word' id='word_1_452' title='bbox 1350 3957 1403 4014; x_wconf 90' lang='lat' dir='ltr'><strong>etsi</strong></span> <span class='ocrx_word' id='word_1_453' title='bbox 1414 3957 1503 4014; x_wconf 85' lang='lat' dir='ltr'><strong>multa</strong></span> <span class='ocrx_word' id='word_1_454' title='bbox 1513 3975 1595 4015; x_wconf 85' lang='lat' dir='ltr'><strong>usur·</strong></span> 
     </span>
     <span class='ocr_line' id='line_1_38' title="bbox 25 4030 1593 4122; baseline 0.007 -31"><span class='ocrx_word' id='word_1_455' title='bbox 25 4030 146 4097; x_wconf 86' lang='lat' dir='ltr'><strong>desiderio</strong></span> <span class='ocrx_word' id='word_1_456' title='bbox 156 4043 286 4119; x_wconf 89' lang='lat' dir='ltr'><strong>plerique</strong></span> <span class='ocrx_word' id='word_1_457' title='bbox 300 4056 433 4101; x_wconf 90' lang='lat' dir='ltr'><strong>tenentur</strong></span> <span class='ocrx_word' id='word_1_458' title='bbox 446 4043 577 4102; x_wconf 88' lang='lat' dir='ltr'><strong>homines</strong></span> <span class='ocrx_word' id='word_1_459' title='bbox 588 4057 617 4103; x_wconf 90' lang='lat' dir='ltr'><strong>et</strong></span> <span class='ocrx_word' id='word_1_460' title='bbox 627 4043 773 4122; x_wconf 87' lang='lat' dir='ltr'><strong>posthabi·</strong></span> <span class='ocrx_word' id='word_1_461' title='bbox 821 4044 903 4120; x_wconf 90' lang='lat' dir='ltr'><strong>pavit</strong></span> <span class='ocrx_word' id='word_1_462' title='bbox 914 4041 1075 4117; x_wconf 81' lang='lat' dir='ltr'><strong>vocabula,</strong></span> <span class='ocrx_word' id='word_1_463' title='bbox 1089 4062 1154 4118; x_wconf 78' lang='lat' dir='ltr'><strong>quae</strong></span> <span class='ocrx_word' id='word_1_464' title='bbox 1167 4043 1204 4100; x_wconf 91' lang='lat' dir='ltr'><strong>ah</strong></span> <span class='ocrx_word' id='word_1_465' title='bbox 1216 4043 1334 4120; x_wconf 82' lang='lat' dir='ltr'><strong>antiqua</strong></span> <span class='ocrx_word' id='word_1_466' title='bbox 1347 4042 1593 4120; x_wconf 84' lang='lat' dir='ltr'><strong>Pythagoreorum</strong></span> 
     </span>
     <span class='ocr_line' id='line_1_39' title="bbox 28 4117 1595 4206; baseline 0.011 -34"><span class='ocrx_word' id='word_1_467' title='bbox 28 4117 175 4184; x_wconf 85' lang='lat' dir='ltr'><strong>tisincertis</strong></span> <span class='ocrx_word' id='word_1_468' title='bbox 188 4141 267 4186; x_wconf 88' lang='lat' dir='ltr'><strong>oerta</strong></span> <span class='ocrx_word' id='word_1_469' title='bbox 281 4142 416 4206; x_wconf 87' lang='lat' dir='ltr'><strong>expetere</strong></span> <span class='ocrx_word' id='word_1_470' title='bbox 429 4131 531 4190; x_wconf 89' lang='lat' dir='ltr'><strong>solent.</strong></span> <span class='ocrx_word' id='word_1_471' title='bbox 572 4130 611 4189; x_wconf 89' lang='lat' dir='ltr'><strong>Ut</strong></span> <span class='ocrx_word' id='word_1_472' title='bbox 632 4144 726 4189; x_wconf 74' lang='lat' dir='ltr'><strong>atatem</strong></span> <span class='ocrx_word' id='word_1_473' title='bbox 741 4129 777 4188; x_wconf 92' lang='lat' dir='ltr'><strong>de</strong></span> <span class='ocrx_word' id='word_1_474' title='bbox 822 4129 951 4187; x_wconf 86' lang='lat' dir='ltr'><strong>dictione</strong></span> <span class='ocrx_word' id='word_1_475' title='bbox 976 4127 1132 4186; x_wconf 87' lang='lat' dir='ltr'><strong>abhorrere</strong></span> <span class='ocrx_word' id='word_1_476' title='bbox 1158 4128 1305 4202; x_wconf 85' lang='lat' dir='ltr'><strong>videntur,</strong></span> <span class='ocrx_word' id='word_1_477' title='bbox 1332 4129 1476 4187; x_wconf 87' lang='lat' dir='ltr'><strong>technicas</strong></span> <span class='ocrx_word' id='word_1_478' title='bbox 1499 4143 1595 4189; x_wconf 86' lang='lat' dir='ltr'><strong>tamen</strong></span> 
     </span>
     <span class='ocr_line' id='line_1_40' title="bbox 26 4204 1594 4294; baseline 0.01 -36"><span class='ocrx_word' id='word_1_479' title='bbox 26 4204 83 4263; x_wconf 87' lang='lat' dir='ltr'><strong>solis</strong></span> <span class='ocrx_word' id='word_1_480' title='bbox 98 4209 194 4287; x_wconf 89' lang='lat' dir='ltr'><strong>loquar</strong></span> <span class='ocrx_word' id='word_1_481' title='bbox 209 4215 412 4292; x_wconf 84' lang='lat' dir='ltr'><strong>Pythagoreis,</strong></span> <span class='ocrx_word' id='word_1_482' title='bbox 428 4216 507 4274; x_wconf 89' lang='lat' dir='ltr'><strong>nulla</strong></span> <span class='ocrx_word' id='word_1_483' title='bbox 522 4217 575 4273; x_wconf 90' lang='lat' dir='ltr'><strong>fuit</strong></span> <span class='ocrx_word' id='word_1_484' title='bbox 589 4215 776 4294; x_wconf 90' lang='lat' dir='ltr'><strong>philosopho·</strong></span> <span class='ocrx_word' id='word_1_485' title='bbox 822 4215 993 4294; x_wconf 90' lang='lat' dir='ltr'><strong>posterioris</strong></span> <span class='ocrx_word' id='word_1_486' title='bbox 1012 4217 1102 4272; x_wconf 79' lang='lat' dir='ltr'><strong>erasis</strong></span> <span class='ocrx_word' id='word_1_487' title='bbox 1122 4234 1225 4284; x_wconf 86' lang='lat' dir='ltr'><strong>voces,</strong></span> <span class='ocrx_word' id='word_1_488' title='bbox 1242 4228 1274 4274; x_wconf 90' lang='lat' dir='ltr'><strong>ut</strong></span> <span class='ocrx_word' id='word_1_489' title='bbox 1287 4216 1417 4293; x_wconf 72' lang='grc' dir='ltr'>στοιχεῖα,</span> <span class='ocrx_word' id='word_1_490' title='bbox 1433 4215 1516 4291; x_wconf 86' lang='lat' dir='ltr'><strong>cujus</strong></span> <span class='ocrx_word' id='word_1_491' title='bbox 1529 4216 1594 4274; x_wconf 88' lang='lat' dir='ltr'><strong>loco</strong></span> 
     </span>
     <span class='ocr_line' id='line_1_41' title="bbox 25 4294 1595 4380; baseline 0.011 -36"><span class='ocrx_word' id='word_1_492' title='bbox 25 4305 77 4346; x_wconf 88' lang='lat' dir='ltr'><strong>rum</strong></span> <span class='ocrx_word' id='word_1_493' title='bbox 98 4294 248 4376; x_wconf 88' lang='lat' dir='ltr'><strong>disciplina</strong></span> <span class='ocrx_word' id='word_1_494' title='bbox 270 4314 417 4377; x_wconf 89' lang='lat' dir='ltr'><strong>poetarum</strong></span> <span class='ocrx_word' id='word_1_495' title='bbox 446 4303 614 4360; x_wconf 88' lang='lat' dir='ltr'><strong>commentis</strong></span> <span class='ocrx_word' id='word_1_496' title='bbox 640 4301 775 4380; x_wconf 84' lang='lat' dir='ltr'><strong>propior,</strong></span> <span class='ocrx_word' id='word_1_497' title='bbox 822 4300 910 4366; x_wconf 77' lang='grc' dir='ltr'>οὐσίας</span> <span class='ocrx_word' id='word_1_498' title='bbox 925 4300 1013 4372; x_wconf 90' lang='lat' dir='ltr'><strong>dicit,</strong></span> <span class='ocrx_word' id='word_1_499' title='bbox 1028 4302 1148 4372; x_wconf 82' lang='lat' dir='ltr'><strong>vitavit,</strong></span> <span class='ocrx_word' id='word_1_500' title='bbox 1170 4313 1203 4358; x_wconf 92' lang='lat' dir='ltr'><strong>ut</strong></span> <span class='ocrx_word' id='word_1_501' title='bbox 1222 4303 1372 4360; x_wconf 78' lang='lat' dir='ltr'><strong>vetustatis</strong></span> <span class='ocrx_word' id='word_1_502' title='bbox 1390 4303 1513 4380; x_wconf 88' lang='lat' dir='ltr'><strong>speciem</strong></span> <span class='ocrx_word' id='word_1_503' title='bbox 1534 4323 1595 4380; x_wconf 75' lang='lat' dir='ltr'><strong>pra</strong></span> 
     </span>
     <span class='ocr_line' id='line_1_42' title="bbox 25 4377 1594 4465; baseline 0.01 -35"><span class='ocrx_word' id='word_1_504' title='bbox 25 4377 278 4451; x_wconf 81' lang='lat' dir='ltr'><strong>rulgarihominum</strong></span> <span class='ocrx_word' id='word_1_505' title='bbox 300 4389 395 4465; x_wconf 90' lang='lat' dir='ltr'><strong>captui</strong></span> <span class='ocrx_word' id='word_1_506' title='bbox 417 4387 657 4447; x_wconf 86' lang='lat' dir='ltr'><strong>accommodatior</strong></span> <span class='ocrx_word' id='word_1_507' title='bbox 673 4403 701 4447; x_wconf 91' lang='lat' dir='ltr'><strong>et</strong></span> <span class='ocrx_word' id='word_1_508' title='bbox 719 4390 776 4448; x_wconf 89' lang='lat' dir='ltr'><strong>sia</strong></span> <span class='ocrx_word' id='word_1_509' title='bbox 823 4405 854 4444; x_wconf 84' lang='lat' dir='ltr'><strong>se</strong></span> <span class='ocrx_word' id='word_1_510' title='bbox 869 4387 963 4445; x_wconf 88' lang='lat' dir='ltr'><strong>ferret.</strong></span> <span class='ocrx_word' id='word_1_511' title='bbox 1004 4386 1115 4445; x_wconf 89' lang='lat' dir='ltr'><strong>Deinde</strong></span> <span class='ocrx_word' id='word_1_512' title='bbox 1128 4387 1196 4444; x_wconf 91' lang='lat' dir='ltr'><strong>licet</strong></span> <span class='ocrx_word' id='word_1_513' title='bbox 1211 4386 1287 4444; x_wconf 86' lang='lat' dir='ltr'><strong>haud</strong></span> <span class='ocrx_word' id='word_1_514' title='bbox 1300 4407 1439 4465; x_wconf 87' lang='lat' dir='ltr'><strong>paucaex</strong></span> <span class='ocrx_word' id='word_1_515' title='bbox 1453 4387 1594 4446; x_wconf 88' lang='lat' dir='ltr'><strong>Eleatioo·</strong></span> 
     </span>
     <span class='ocr_line' id='line_1_43' title="bbox 27 4461 1596 4554; baseline 0.006 -32"><span class='ocrx_word' id='word_1_516' title='bbox 27 4461 164 4526; x_wconf 82' lang='lat' dir='ltr'><strong>Stoicomm</strong></span> <span class='ocrx_word' id='word_1_517' title='bbox 186 4475 295 4532; x_wconf 86' lang='lat' dir='ltr'><strong>familis</strong></span> <span class='ocrx_word' id='word_1_518' title='bbox 316 4475 479 4534; x_wconf 88' lang='lat' dir='ltr'><strong>discesseris</strong></span> <span class='ocrx_word' id='word_1_519' title='bbox 504 4476 540 4533; x_wconf 88' lang='lat' dir='ltr'><strong>ad</strong></span> <span class='ocrx_word' id='word_1_520' title='bbox 571 4476 775 4534; x_wconf 87' lang='lat' dir='ltr'><strong>consolandum</strong></span> <span class='ocrx_word' id='word_1_521' title='bbox 824 4493 887 4533; x_wconf 91' lang='lat' dir='ltr'><strong>rum</strong></span> <span class='ocrx_word' id='word_1_522' title='bbox 901 4473 1066 4548; x_wconf 76' lang='lat' dir='ltr'><strong>fragmentis</strong></span> <span class='ocrx_word' id='word_1_523' title='bbox 1079 4485 1108 4530; x_wconf 87' lang='lat' dir='ltr'><strong>et</strong></span> <span class='ocrx_word' id='word_1_524' title='bbox 1120 4473 1284 4532; x_wconf 76' lang='lat' dir='ltr'><strong>Aristotelis</strong></span> <span class='ocrx_word' id='word_1_525' title='bbox 1298 4493 1401 4554; x_wconf 86' lang='lat' dir='ltr'><strong>opere,</strong></span> <span class='ocrx_word' id='word_1_526' title='bbox 1413 4475 1492 4552; x_wconf 93' lang='lat' dir='ltr'><strong>quod</strong></span> <span class='ocrx_word' id='word_1_527' title='bbox 1506 4486 1549 4532; x_wconf 91' lang='lat' dir='ltr'><strong>est</strong></span> <span class='ocrx_word' id='word_1_528' title='bbox 1559 4473 1596 4531; x_wconf 93' lang='lat' dir='ltr'><strong>de</strong></span> 
     </span>
     <span class='ocr_line' id='line_1_44' title="bbox 27 4554 1596 4638; baseline 0.003 -30"><span class='ocrx_word' id='word_1_529' title='bbox 27 4565 100 4618; x_wconf 71' lang='lat' dir='ltr'><strong>genos</strong></span> <span class='ocrx_word' id='word_1_530' title='bbox 111 4554 262 4618; x_wconf 86' lang='lat' dir='ltr'><strong>humanum</strong></span> <span class='ocrx_word' id='word_1_531' title='bbox 276 4561 431 4631; x_wconf 86' lang='lat' dir='ltr'><strong>efficacior,</strong></span> <span class='ocrx_word' id='word_1_532' title='bbox 445 4581 530 4636; x_wconf 87' lang='lat' dir='ltr'><strong>quarn</strong></span> <span class='ocrx_word' id='word_1_533' title='bbox 555 4562 616 4618; x_wconf 76' lang='lat' dir='ltr'><strong>haec</strong></span> <span class='ocrx_word' id='word_1_534' title='bbox 634 4561 775 4638; x_wconf 83' lang='lat' dir='ltr'><strong>Pythago·</strong></span> <span class='ocrx_word' id='word_1_535' title='bbox 823 4557 1007 4635; x_wconf 88' lang='lat' dir='ltr'><strong>generatione</strong></span> <span class='ocrx_word' id='word_1_536' title='bbox 1017 4570 1046 4616; x_wconf 92' lang='lat' dir='ltr'><strong>et</strong></span> <span class='ocrx_word' id='word_1_537' title='bbox 1055 4559 1184 4629; x_wconf 91' lang='lat' dir='ltr'><strong>interitu,</strong></span> <span class='ocrx_word' id='word_1_538' title='bbox 1196 4559 1231 4616; x_wconf 85' lang='lat' dir='ltr'><strong>ad</strong></span> <span class='ocrx_word' id='word_1_539' title='bbox 1244 4558 1364 4618; x_wconf 84' lang='lat' dir='ltr'><strong>verbum</strong></span> <span class='ocrx_word' id='word_1_540' title='bbox 1379 4559 1409 4617; x_wconf 90' lang='lat' dir='ltr'><strong>in</strong></span> <span class='ocrx_word' id='word_1_541' title='bbox 1421 4578 1504 4617; x_wconf 91' lang='lat' dir='ltr'><strong>suum</strong></span> <span class='ocrx_word' id='word_1_542' title='bbox 1514 4556 1596 4615; x_wconf 91' lang='lat' dir='ltr'><strong>libel-</strong></span> 
     </span>
    </p>
   </div>
   <div class='ocr_carea' id='block_1_4' title="bbox 29 4644 1596 4776">
    <p class='ocr_par' dir='ltr' id='par_1_4' title="bbox 29 4644 1596 4776">
     <span class='ocr_line' id='line_1_45' title="bbox 29 4644 1596 4724; baseline 0.007 -33"><span class='ocrx_word' id='word_1_543' title='bbox 29 4651 124 4696; x_wconf 81' lang='lat' dir='ltr'><strong>teorum</strong></span> <span class='ocrx_word' id='word_1_544' title='bbox 136 4647 217 4705; x_wconf 88' lang='lat' dir='ltr'><strong>ratio.</strong></span> <span class='ocrx_word' id='word_1_545' title='bbox 260 4646 335 4704; x_wconf 91' lang='lat' dir='ltr'><strong>ilinc</strong></span> <span class='ocrx_word' id='word_1_546' title='bbox 350 4665 408 4704; x_wconf 92' lang='lat' dir='ltr'><strong>non</strong></span> <span class='ocrx_word' id='word_1_547' title='bbox 426 4647 595 4719; x_wconf 87' lang='lat' dir='ltr'><strong>defuerunt,</strong></span> <span class='ocrx_word' id='word_1_548' title='bbox 612 4647 662 4724; x_wconf 93' lang='lat' dir='ltr'><strong>qui</strong></span> <span class='ocrx_word' id='word_1_549' title='bbox 675 4647 777 4704; x_wconf 91' lang='lat' dir='ltr'><strong>ultimo</strong></span> <span class='ocrx_word' id='word_1_550' title='bbox 822 4646 881 4704; x_wconf 91' lang='lat' dir='ltr'><strong>ium</strong></span> <span class='ocrx_word' id='word_1_551' title='bbox 899 4645 1146 4722; x_wconf 86' lang='lat' dir='ltr'><strong>transscripserit,</strong></span> <span class='ocrx_word' id='word_1_552' title='bbox 1158 4647 1328 4722; x_wconf 88' lang='lat' dir='ltr'><strong>simpliciter</strong></span> <span class='ocrx_word' id='word_1_553' title='bbox 1337 4660 1431 4703; x_wconf 88' lang='lat' dir='ltr'><strong>tamen</strong></span> <span class='ocrx_word' id='word_1_554' title='bbox 1445 4657 1473 4702; x_wconf 94' lang='lat' dir='ltr'><strong>et</strong></span> <span class='ocrx_word' id='word_1_555' title='bbox 1486 4644 1596 4722; x_wconf 86' lang='lat' dir='ltr'><strong>perspi·</strong></span> 
     </span>
     <span class='ocr_line' id='line_1_46' title="bbox 29 4743 1595 4776; baseline 0.007 -26"><span class='ocrx_word' id='word_1_556' title='bbox 29 4743 1595 4776; x_wconf 50' lang='lat' dir='ltr'>W</span> 
     </span>
    </p>
   </div>
   <div class='ocr_carea' id='block_1_5' title="bbox 30 4797 1595 5149">
    <p class='ocr_par' dir='ltr' id='par_1_5' title="bbox 30 4797 1595 5078">
     <span class='ocr_line' id='line_1_47' title="bbox 54 4797 1595 4873; baseline 0.001 -20"><span class='ocrx_word' id='word_1_557' title='bbox 54 4797 233 4856; x_wconf 67' lang='lat' dir='ltr'><strong>(diffinituri</strong></span> <span class='ocrx_word' id='word_1_558' title='bbox 254 4809 397 4860; x_wconf 66' lang='grc' dir='ltr'>σιτοδείαν</span> <span class='ocrx_word' id='word_1_559' title='bbox 416 4810 528 4873; x_wconf 72' lang='lat' dir='ltr'><strong>Putduc.</strong></span> <span class='ocrx_word' id='word_1_560' title='bbox 543 4811 711 4871; x_wconf 63' lang='lat' dir='ltr'><strong>Pultosspag.</strong></span> <span class='ocrx_word' id='word_1_561' title='bbox 731 4814 776 4870; x_wconf 75' lang='grc' dir='ltr'><strong>ως</strong></span> <span class='ocrx_word' id='word_1_562' title='bbox 856 4809 889 4870; x_wconf 81' lang='grc' dir='ltr'><strong>(θ)</strong></span> <span class='ocrx_word' id='word_1_563' title='bbox 904 4809 946 4858; x_wconf 76' lang='lat' dir='ltr'><strong>Gi.</strong></span> <span class='ocrx_word' id='word_1_564' title='bbox 966 4809 1041 4858; x_wconf 89' lang='lat' dir='ltr'><strong>orell.</strong></span> <span class='ocrx_word' id='word_1_565' title='bbox 1061 4810 1148 4871; x_wconf 88' lang='lat' dir='ltr'><strong>0puse.</strong></span> <span class='ocrx_word' id='word_1_566' title='bbox 1166 4811 1214 4858; x_wconf 83' lang='lat' dir='ltr'><strong>ret.</strong></span> <span class='ocrx_word' id='word_1_567' title='bbox 1232 4809 1274 4858; x_wconf 85' lang='lat' dir='ltr'><strong>Gr.</strong></span> <span class='ocrx_word' id='word_1_568' title='bbox 1297 4809 1358 4858; x_wconf 77' lang='lat' dir='ltr'><strong>sent</strong></span> <span class='ocrx_word' id='word_1_569' title='bbox 1371 4809 1396 4857; x_wconf 84' lang='lat' dir='ltr'><strong>et</strong></span> <span class='ocrx_word' id='word_1_570' title='bbox 1407 4819 1467 4856; x_wconf 86' lang='lat' dir='ltr'><strong>tuor.</strong></span> <span class='ocrx_word' id='word_1_571' title='bbox 1484 4809 1553 4856; x_wconf 80' lang='lat' dir='ltr'><strong>tom.</strong></span> <span class='ocrx_word' id='word_1_572' title='bbox 1570 4805 1595 4856; x_wconf 92' lang='lat' dir='ltr'><strong>Ii</strong></span> 
     </span>
     <span class='ocr_line' id='line_1_48' title="bbox 30 4865 970 4941; baseline 0.022 -30"><span class='ocrx_word' id='word_1_573' title='bbox 30 4865 102 4918; x_wconf 76' lang='lat' dir='ltr'><strong>dard.</strong></span> <span class='ocrx_word' id='word_1_574' title='bbox 118 4871 162 4922; x_wconf 86' lang='lat' dir='ltr'><strong>der</strong></span> <span class='ocrx_word' id='word_1_575' title='bbox 176 4876 270 4928; x_wconf 79' lang='lat' dir='ltr'><strong>Pasti</strong></span> <span class='ocrx_word' id='word_1_576' title='bbox 290 4892 314 4941; x_wconf 87' lang='lat' dir='ltr'><strong>p.</strong></span> <span class='ocrx_word' id='word_1_577' title='bbox 326 4879 380 4929; x_wconf 80' lang='lat'>³77.</span> <span class='ocrx_word' id='word_1_578' title='bbox 394 4879 432 4928; x_wconf 79' lang='lat' dir='ltr'><strong>Cf.</strong></span> <span class='ocrx_word' id='word_1_579' title='bbox 444 4881 540 4941; x_wconf 80' lang='lat' dir='ltr'><strong>Gruppc</strong></span> <span class='ocrx_word' id='word_1_580' title='bbox 555 4879 620 4928; x_wconf 74' lang='lat' dir='ltr'><strong>siber</strong></span> <span class='ocrx_word' id='word_1_581' title='bbox 640 4879 682 4928; x_wconf 82' lang='lat' dir='ltr'><strong>die</strong></span> <span class='ocrx_word' id='word_1_582' title='bbox 696 4882 777 4940; x_wconf 67' lang='lat' dir='ltr'><strong>diuu-</strong></span> <span class='ocrx_word' id='word_1_583' title='bbox 821 4889 848 4938; x_wconf 82' lang='lat' dir='ltr'><strong>p.</strong></span> <span class='ocrx_word' id='word_1_584' title='bbox 860 4879 970 4925; x_wconf 65' lang='grc' dir='ltr'>δίθθθί·</span> 
     </span>
     <span class='ocr_line' id='line_1_49' title="bbox 30 4940 1595 5010; baseline 0.006 -26"><span class='ocrx_word' id='word_1_585' title='bbox 30 4940 98 4985; x_wconf 74' lang='lat' dir='ltr'><strong>tamis</strong></span> <span class='ocrx_word' id='word_1_586' title='bbox 116 4941 156 4991; x_wconf 83' lang='lat' dir='ltr'><strong>des</strong></span> <span class='ocrx_word' id='word_1_587' title='bbox 184 4945 306 5008; x_wconf 76' lang='lat' dir='ltr'><strong>Archytas</strong></span> <span class='ocrx_word' id='word_1_588' title='bbox 329 4947 385 4996; x_wconf 86' lang='lat' dir='ltr'><strong>und</strong></span> <span class='ocrx_word' id='word_1_589' title='bbox 404 4947 452 4996; x_wconf 87' lang='lat' dir='ltr'><strong>der</strong></span> <span class='ocrx_word' id='word_1_590' title='bbox 476 4949 564 4998; x_wconf 79' lang='lat' dir='ltr'><strong>dlferri</strong></span> <span class='ocrx_word' id='word_1_591' title='bbox 589 4949 774 5010; x_wconf 66' lang='lat' dir='ltr'><strong>Putltogoreean</strong></span> <span class='ocrx_word' id='word_1_592' title='bbox 854 4945 886 5006; x_wconf 80' lang='lat' dir='ltr'><strong>(t)</strong></span> <span class='ocrx_word' id='word_1_593' title='bbox 896 4944 957 4994; x_wconf 80' lang='lat' dir='ltr'><strong>vtae</strong></span> <span class='ocrx_word' id='word_1_594' title='bbox 966 4945 1077 5006; x_wconf 77' lang='lat' dir='ltr'><strong>spirulas</strong></span> <span class='ocrx_word' id='word_1_595' title='bbox 1088 4945 1261 4996; x_wconf 80' lang='lat' dir='ltr'><strong>socrsttcoeurn</strong></span> <span class='ocrx_word' id='word_1_596' title='bbox 1271 4946 1295 4996; x_wconf 83' lang='lat' dir='ltr'><strong>et</strong></span> <span class='ocrx_word' id='word_1_597' title='bbox 1304 4945 1506 5007; x_wconf 76' lang='lat' dir='ltr'><strong>Pythagoreorum</strong></span> <span class='ocrx_word' id='word_1_598' title='bbox 1518 4942 1595 4994; x_wconf 77' lang='lat' dir='ltr'><strong>editas</strong></span> 
     </span>
     <span class='ocr_line' id='line_1_50' title="bbox 30 5001 1138 5078; baseline 0.028 -31"><span class='ocrx_word' id='word_1_599' title='bbox 30 5001 93 5053; x_wconf 80' lang='lat' dir='ltr'><strong>hedis</strong></span> <span class='ocrx_word' id='word_1_600' title='bbox 104 5013 166 5060; x_wconf 77' lang='lat' dir='ltr'><strong>iudo.</strong></span> <span class='ocrx_word' id='word_1_601' title='bbox 181 5013 373 5064; x_wconf 76' lang='lat' dir='ltr'><strong>dhreusdediai.</strong></span> <span class='ocrx_word' id='word_1_602' title='bbox 390 5015 441 5065; x_wconf 88' lang='lat' dir='ltr'><strong>dor.</strong></span> <span class='ocrx_word' id='word_1_603' title='bbox 453 5031 479 5078; x_wconf 84' lang='lat' dir='ltr'><strong>p.</strong></span> <span class='ocrx_word' id='word_1_604' title='bbox 495 5024 524 5066; x_wconf 79' lang='lat'><strong>23</strong></span> <span class='ocrx_word' id='word_1_605' title='bbox 540 5030 589 5078; x_wconf 82' lang='lat' dir='ltr'><strong>seq.</strong></span> <span class='ocrx_word' id='word_1_606' title='bbox 819 5012 850 5062; x_wconf 66' lang='lat' dir='ltr'><strong>ib</strong></span> <span class='ocrx_word' id='word_1_607' title='bbox 864 5013 960 5065; x_wconf 68' lang='lat' dir='ltr'><strong>olenio·</strong></span> <span class='ocrx_word' id='word_1_608' title='bbox 971 5013 1058 5076; x_wconf 78' lang='lat' dir='ltr'><strong>Lipsius</strong></span> <span class='ocrx_word' id='word_1_609' title='bbox 1071 5017 1138 5066; x_wconf 69' lang='lat'><strong>¹⁸¹5·</strong></span> 
     </span>
    </p>

    <p class='ocr_par' dir='ltr' id='par_1_6' title="bbox 55 5075 620 5149">
     <span class='ocr_line' id='line_1_51' title="bbox 55 5075 620 5149; baseline -0.002 -18"><span class='ocrx_word' id='word_1_610' title='bbox 55 5075 82 5135; x_wconf 85' lang='lat' dir='ltr'><strong>(t)</strong></span> <span class='ocrx_word' id='word_1_611' title='bbox 97 5077 133 5126; x_wconf 80' lang='lat' dir='ltr'><strong>sic</strong></span> <span class='ocrx_word' id='word_1_612' title='bbox 141 5083 238 5132; x_wconf 70' lang='lat' dir='ltr'><strong>mendo</strong></span> <span class='ocrx_word' id='word_1_613' title='bbox 247 5085 356 5134; x_wconf 78' lang='lat' dir='ltr'><strong>vitiosam</strong></span> <span class='ocrx_word' id='word_1_614' title='bbox 367 5084 507 5147; x_wconf 83' lang='lat' dir='ltr'><strong>scripturam</strong></span> <span class='ocrx_word' id='word_1_615' title='bbox 520 5085 620 5149; x_wconf 77' lang='grc' dir='ltr'>ττυρῥῶν.</span> 
     </span>
    </p>
   </div>
   <div class='ocr_carea' id='block_1_6' title="bbox 0 0 1889 5908">
    <p class='ocr_par' dir='ltr' id='par_1_7' title="bbox 0 0 1889 5908">
     <span class='ocr_line' id='line_1_52' title="bbox 0 0 1889 5908; baseline 0 0"><span class='ocrx_word' id='word_1_616' title='bbox 0 0 1889 5908; x_wconf 95' lang='lat' dir='ltr'><strong> </strong></span> 
     </span>
    </p>
   </div>
  </div>
 </body>
</html>
