3838 5926
251 431 288 480 ea
927 417 977 480 DE
997 415 1183 478 DIPPONE.

249 552 359 626 cipium
370 567 432 608 esse
439 548 574 627 opinatus
588 549 616 607 id
631 549 847 628 praecipuesine
856 549 947 609 dubio
956 551 1026 626 egit,
1073 549 1226 628 opiniones
1239 565 1360 624 quarum
1384 547 1415 604 in
1436 545 1537 604 eodem
1551 545 1652 605 libello
1672 546 1856 607 Censorinus

249 649 282 694 ut
297 655 453 713 corporum
474 635 727 713 membrorumque
748 648 878 694 naturam
896 650 925 694 et
939 637 1027 696 fabri·
1074 635 1214 694 meminit
1234 635 1374 710 Dogmata
1387 653 1439 691 sua
1452 632 1656 711 Xenophanis,
1667 634 1856 693 Parmenidis

249 743 312 781 cam
327 722 495 800 explicaret.
510 721 544 780 ln
559 723 596 781 iis
608 742 672 799 quae
682 723 738 800 ipsi
750 723 927 799 placuissent
937 743 1028 801 expo·
1072 724 1255 801 aliorumque
1266 721 1400 799 exemplo
1410 719 1546 780 versibus
1557 735 1728 796 persecutus
1736 735 1791 794 est,
1803 723 1857 780 sed

250 808 353 868 neudis
379 809 477 886 Hippo
503 828 604 886 parum
632 809 755 868 subtilis.
771 811 934 887 disputator
962 811 1026 870 fuit.
1075 829 1164 868 unum
1178 827 1215 866 an
1228 809 1327 888 plures
1344 809 1492 886 scripserit
1506 807 1599 868 libros
1612 829 1671 867 non
1683 810 1785 884 liquet.
1798 811 1858 895 Vi}

249 897 345 965 Quare
357 895 527 954 Aristoteles
545 895 632 954 modo
646 903 698 961 τοῖς
709 895 908 974 φορτικωτίροις
921 900 974 955 τῶν
988 920 1029 976 φι-
1074 909 1168 955 autem
1180 896 1370 970 crediderim,
1385 916 1451 954 eum
1467 897 1640 974 peculiarem
1654 896 1782 956 edidisse
1794 897 1860 955 dis-

248 983 366 1064 λοσόφων
388 1001 453 1040 eum
478 984 646 1041 adnumerat
670 982 822 1044 dedn'im.
846 983 869 1056 l,
891 1004 920 1058 a,
942 985 1028 1042 modo
1074 985 1860 1062 putationemdelocr'squoedicumurperders,quidquid

247 1083 368 1148 propter
382 1069 487 1128 mentis
498 1069 725 1128 imbecillitatem
741 1072 948 1130 aseveriorum
964 1072 1028 1149 phi·
1075 1079 1105 1128 r'n
1129 1076 1180 1128 illc
1204 1075 1347 1142 inciderit,
1369 1083 1403 1128 ut
1427 1071 1568 1128 conclusit
1592 1069 1743 1128 Fabricius
1774 1071 1855 1130 Dibl.

247 1155 437 1236 losophorum
452 1175 573 1214 numero
588 1169 717 1232 segregat
728 1157 853 1236 llletapb.
866 1157 890 1231 l,
902 1160 929 1215 3.
944 1158 1028 1228 Quod
1074 1157 1167 1216 Graec.
1186 1157 1248 1216 vol.
1263 1156 1300 1230 11,
1320 1177 1349 1235 p.
1361 1155 1419 1213 658
1434 1155 1479 1216 ed.
1495 1155 1574 1215 llarl.
1589 1175 1625 1214 ex
1640 1157 1781 1232 Antigoni
1802 1157 1858 1214 Ca·

250 1256 345 1300 autem
356 1245 517 1319 posteriore
530 1243 595 1299 loco
609 1241 758 1318 Stagirites
773 1244 937 1322 llipponem
951 1244 1028 1302 Tha·
1074 1243 1158 1320 rystii
1172 1242 1287 1314 verbis,
1303 1241 1381 1320 apud
1401 1261 1488 1317 quem
1500 1241 1574 1302 llist.
1590 1241 1695 1304 mirab.
1711 1262 1778 1320 cap.
1797 1245 1853 1300 131

249 1330 301 1388 leti
315 1326 484 1404 subjunxit,
499 1327 529 1385 id
541 1347 576 1386 eo
595 1330 718 1388 consilio
733 1331 815 1406 secit,
834 1343 866 1390 ut
878 1350 937 1389 non
948 1343 1028 1391 aetate
1075 1330 1136 1389 baec
1148 1331 1335 1408 reperiuntur
1350 1351 1357 1388 ι
1377 1327 1483 1391 Ἵππων
1500 1327 1529 1387 dl
1548 1332 1563 1387 θ
1577 1327 1697 1406 Ῥηγῖνος
1715 1330 1778 1410 περὶ
1800 1334 1855 1389 τῶν

248 1415 300 1474 sed
313 1412 549 1493 placitisTbaleti
561 1417 726 1493 proximum
738 1417 828 1476 fuisse
839 1417 1026 1492 significaret.
1074 1418 1220 1492 λεγομένων
1234 1416 1321 1476 τόπων
1345 1415 1456 1496 φθείρειν
1470 1412 1505 1475 ελ
1517 1414 1682 1492 ἐμπίπτοντα
1697 1416 1817 1476 τοιοῦτόν
1832 1441 1860 1476 τι

247 1501 355 1576 Exigui
370 1501 507 1558 momenti
521 1514 589 1558 sunt
609 1521 674 1578 qua·
686 1503 723 1562 de
736 1504 889 1563 bominum
908 1525 1026 1580 genera·
1074 1503 1181 1582 γράφει·
1201 1504 1279 1584 φησίν
1294 1507 1321 1565 ἐν
1344 1502 1462 1574 Ἀθήναιε
1479 1501 1522 1562 tat
1552 1503 1679 1580 βασιλέως
1695 1503 1859 1576 Ἐπαινέτου

247 1591 330 1648 tione
339 1589 416 1666 apud
427 1587 618 1648 Censorinum
632 1590 710 1650 libro
721 1592 757 1651 de
764 1593 818 1650 Die
828 1593 917 1651 natali
930 1593 1027 1671 Hippo
1074 1589 1255 1667 Ὀλυμπιάδος
1277 1589 1354 1663 ἕκτης
1378 1590 1424 1650 καὶ
1443 1592 1612 1668 τριεκσσής,
1636 1591 1663 1648 ίν
1677 1581 1860 1670 ᾗλρντάμας

244 1675 342 1734 docet.
355 1674 400 1740 lbi
410 1676 535 1752 scriptor
552 1676 658 1753 cap.V,
671 1675 823 1756 postquam
840 1699 937 1738 semen
949 1681 1027 1741 unde
1074 1677 1172 1738 Λάκων
1183 1677 1375 1758 νικᾷστοίθιον,
1390 1681 1437 1748 τῆς
1451 1675 1574 1742 Σικελίας
1587 1676 1614 1734 lv
1625 1675 1772 1748 Παληκίοις
1790 1679 1861 1736 elao-

245 1775 331 1821 exeat
350 1763 427 1821 inter
451 1763 794 1840 sapientiaeprolessores
819 1786 878 1824 non
900 1781 1028 1827 constare
1074 1762 1220 1838 δομηθῆναι
1230 1761 1309 1824 τίπον
1326 1765 1362 1828 sla
1379 1760 1407 1822 ὃν
1419 1761 1490 1830 ὅστις
1503 1760 1535 1821 ἂν
1547 1763 1665 1842 stolata,
1678 1767 1702 1820 tl
1713 1763 1763 1838 plo
1775 1786 1861 1822 κατα·

247 1849 334 1922 dixit,
345 1851 376 1907 in
384 1850 461 1907 bunc
474 1851 590 1908 modum
601 1853 711 1930 pergit:
727 1853 938 1914 «Parmenides
949 1855 1027 1913 euim
1074 1849 1190 1927 κλιθείη,
1203 1849 1379 1922 ἀποθνήσκει,
1393 1852 1417 1908 sl
1428 1849 1456 1908 dl
1473 1849 1645 1928 scaptensula,
1660 1849 1733 1908 οὐδὲν
1745 1847 1858 1928 πάσχει.

248 1949 309 1992 tum
325 1955 361 1993 ox
377 1936 489 1994 dextris
502 1948 560 1993 mm
574 1937 656 1996 laevis
669 1938 802 2015 partibus
815 1939 889 1998 oriri
906 1941 1026 2018 putavit.
1074 1938 1135 1996 lloc
1149 1939 1226 1997 enim
1237 1952 1436 2015 argumentum
1447 1937 1484 1996 ab
1498 1957 1532 2000 eo
1544 1939 1575 1996 in
1590 1938 1697 2015 majori
1707 1939 1745 1997 de
1757 1958 1860 1996 rerum

247 2021 380 2099 Hipponi
392 2040 533 2083 vero...ex
544 2023 831 2101 medullisprossuere
842 2017 939 2084 semen
949 2028 1028 2088 vide·
1074 2036 1176 2084 natura
1199 2027 1329 2085 carmine
1360 2037 1513 2086 tractatum
1535 2043 1599 2084 esse
1621 2025 1780 2103 probabile
1805 2039 1857 2085 est.

247 2119 308 2179 tur,
324 2108 413 2186 idque
436 2127 472 2166 eo
487 2109 624 2186 probari,
640 2111 719 2188 quod
736 2126 803 2189 post
821 2112 1026 2172 admissionem
1074 2113 1242 2173 Poematum
1252 2113 1316 2192 ejus
1327 2114 1481 2190 reliquias,
1494 2113 1596 2195 paucis
1604 2113 1761 2174 versiculis
1773 2131 1859 2172 exoe·

247 2193 390 2272 pecudum
406 2195 432 2253 si
453 2197 520 2271 quis
538 2214 631 2254 mares
646 2197 807 2272 interimat,
828 2199 967 2259 medullas
981 2214 1026 2260 ut·
1072 2202 1148 2280 ptis,
1160 2203 1255 2262 nullas
1267 2201 1417 2263 habemus.

248 2293 315 2359 pote
328 2280 481 2340 exhaustas
497 2283 631 2361 reperiat.
657 2309 670 2336 ν
694 2284 804 2342 Omitto
827 2297 943 2345 caeteras
960 2285 1026 2364 ejus

370 2449 557 2512 ‘annaeus
577 2426 900 2530 anoznssuarm.

1286 2506 1432 2556 tttPPottts
1447 2507 1645 2559 tutemet.

248 2597 543 2676 Πουλυίίαθθθῡσῦθηίν
556 2601 602 2669 ‘li
613 2601 643 2658 οὗ
654 2598 809 2688 mallim?
822 2601 906 2662 ⁰53⁰·
1072 2629 1094 2677 0
1105 2627 1282 2692 eruditionem,
1293 2642 1342 2693 qua
1354 2629 1416 2680 nlltil
1430 2631 1528 2682 vanius.

250 2755 419 2830 (Atlaenaeus
432 2754 503 2842 Xlll
516 2775 545 2833 p.
560 2757 630 2826 610,
643 2756 686 2814 132
701 2757 826 2816 Τοσαῦτα
838 2765 883 2818 τοῦ
898 2759 1034 2839 Μυρτίλου
1076 2775 1167 2848 cem,
1183 2780 1229 2848 τῆς
1242 2779 1272 2836 οὗ
1287 2777 1442 2858 κενεώτερον
1457 2779 1532 2839 ἄλλο,
1553 2805 1567 2830 .
1580 2775 1652 2837 Vide
1671 2777 1812 2840 Timonis
1832 2795 1861 2840 et

251 2840 309 2912 ἶῑῆς
327 2839 517 2910 καταλίίαντθς
533 2842 578 2901 καί
597 2842 703 2902 πάντων
720 2843 797 2904 αὐτὸν
823 2844 868 2905 ίπθ
889 2845 1028 2926 ‘ledet
1076 2863 1213 2923 lleraeliti
1226 2865 1392 2941 fragmenta.
1404 2865 1450 2925 Ci.
1462 2865 1566 2942 Bergk.
1579 2865 1691 2926 Comm.
1703 2866 1741 2925 de
1760 2867 1859 2946 lleliq.

250 2927 441 3004 θθθθθώῖωθ
461 2931 476 2986 θ
497 2927 647 2996 Κύνουλκος
673 2929 737 3010 ‘il'
758 2931 1029 3010 πουλυμαθημωῦνης
1074 2970 1148 3011 com.
1166 2952 1244 3010 attio.
1265 2972 1296 3030 p.
1321 2952 1392 3025 1803
1408 2953 1573 3012 Balhuizen
1594 2971 1651 3010 van
1669 2953 1727 3012 den
1748 2953 1855 3015 tarint.

218 3062 222 3066 .
250 3017 309 3074 κτλ.
322 3012 429 3075 Ἵππων
452 3013 501 3095 ίφη
520 3018 535 3074 θ
561 3016 644 3082 ἄθεος.
660 3015 741 3076 Ἀλλὰ
758 3019 806 3076 καὶ
823 3018 993 3098 Ἡράκλειτος
1014 3024 1030 3080 ὃ
1072 3038 1139 3098 Var.
1152 3037 1242 3096 Lectt.
1255 3039 1378 3100 exiliat.
1392 3039 1465 3117 pbil.
1481 3041 1571 3118 antiq.
1581 3060 1611 3116 p.
1626 3039 1661 3112 57
1675 3059 1685 3113 ;
1698 3039 1807 3117 llbrig.
1821 3040 1858 3099 de

250 3098 317 3168 θεῖός
331 3124 410 3178 φησι·
431 3127 444 3154 ι
464 3103 631 3179 πουλυμαθίη
653 3103 710 3163 νόον
731 3103 800 3184 ἔχειν
821 3107 851 3165 οὖ
873 3106 1028 3168 διδάσκου
1072 3125 1209 3203 llippone
1222 3125 1306 3184 atheo
1317 3143 1384 3203 peg-
1398 3127 1448 3206 9.)

251 3189 306 3248 Kal
317 3191 331 3248 ὁ
343 3187 437 3266 Τίμων
447 3187 474 3248 dl
487 3187 551 3270 ἔφη·
562 3191 606 3248 νίν
620 3188 647 3248 dl
659 3191 811 3267 πλατυσμὸς
822 3195 1029 3270 πουλυμαθημο·

328 3341 463 3410 Ἵππωνος
476 3341 535 3403 τόδε
549 3347 640 3418 σῆμα,
658 3341 702 3402 τὸν
717 3311 867 3403 ἀθανάτοισι
880 3349 973 3404 θεοῖσιν
1140 3346 1259 3410 llipponis
1268 3346 1314 3398 boe
1323 3348 1459 3410 sepulcrum
1470 3348 1521 3407 est,
1530 3359 1603 3410 quern
1614 3346 1665 3398 [tila
1676 3347 1860 3400 immortalibus

365 3416 425 3488 laos
437 3425 557 3500 ἐποίησαν
567 3432 657 3518 Μοῖρα
670 3428 871 3506 καταφθίμενον.
1167 3435 1302 3498 oaaquom
1315 3439 1388 3486 Parca
1399 3436 1548 3488 deiunctum.

252 3574 446 3652 (Alexander
477 3574 714 3652 Aphrodisiensis
751 3577 782 3632 in
815 3575 937 3635 Aristot.
972 3575 1029 3634 Me·
1075 3565 1114 3634 Εθ
1124 3595 1154 3651 γε
1164 3569 1272 3633 Ἵππων
1282 3572 1449 3642 ἐπιδεικνύεις
1462 3578 1525 3652 ἡμῖν
1540 3573 1587 3646 τὴν
1608 3575 1775 3653 ἀνθρωπίνην
1786 3575 1858 3634 ald·

249 3661 328 3738 tuph.
346 3661 371 3732 l,
384 3663 401 3718 3
417 3680 484 3739 pag.
498 3682 533 3718 at
546 3661 593 3722 ed.
609 3663 722 3722 Bonita.
740 3682 746 3696 ·
767 3662 853 3732 Τοῦτο
867 3659 893 3719 dl
907 3663 979 3740 λέγοι
997 3660 1029 3721 θν
1074 3684 1135 3734 νην·
1147 3665 1169 3721 εί
1181 3659 1232 3740 γὰρ
1245 3661 1290 3720 καί
1308 3661 1432 3720 λαλοῦντί
1442 3685 1483 3720 σοι
1497 3661 1534 3738 μὴ
1547 3660 1738 3722 πεπιστεύκασι
1743 3706 1752 3735 ,
1762 3666 1858 3740 νεκροῦ

247 3748 309 3825 περὶ
323 3747 403 3806 αὐτοῦ
416 3747 457 3807 ὅτι
475 3749 547 3814 ἄθεος
564 3741 610 3822 ἦν·
626 3755 728 3808 τοιοῦτο
740 3745 791 3829 γὰρ
811 3749 857 3809 aal
870 3749 901 3808 πθ
921 3751 965 3810 ἐπί
984 3755 1030 3810 τοῦ
1074 3747 1236 3823 γενέσθωσαν
1249 3747 1380 3822 μαθηταί·
1392 3751 1512 3826 χρησμὸς
1526 3739 1599 3814 οὗτός
1616 3740 1685 3806 ἐστιν
1703 3747 1857 3814 Ἵππωνος·

247 3833 332 3909 τάφου
353 3833 432 3891 αὐτοῦ
447 3833 615 3912 ἐπίγραμμα.
639 3833 774 3904 Ἵππωνος
787 3841 847 3898 κτλ.
866 3839 945 3916 quod
960 3840 1029 3916 qui.
1074 3833 1208 3910 νοήσωμεν
1234 3834 1321 3894 αὐτόν.
1353 3835 1431 3891 Dicit
1455 3834 1546 3910 igitur
1580 3834 1794 3912 philosophus,
1828 3853 1859 3892 se

247 3919 315 3974 dem
330 3918 509 3994 epigramma
524 3921 587 3996 ipsc
600 3926 782 4000 composuit,
797 3937 830 3983 ut
843 3925 885 3983 ait
895 3926 1029 3986 Clemens
1074 3933 1168 3978 morie
1180 3938 1232 3978 ⁸11³
1243 3940 1307 3978 cum
1318 3921 1382 3978 Dii⁵
1394 3920 1609 3980 ifflfflofflllbus
1622 3931 1767 3999 &quatum
1783 3942 1858 3982 esse·

249 4004 464 4064 Alexandrinus
478 4008 513 4065 ad
529 4007 635 4066 Gentes
650 4030 681 4087 p.
696 4013 732 4070 36
751 4033 756 4067 :
774 4013 815 4071 οθ
827 4011 930 4091 νέμεσις
943 4014 1028 4074 τοίνυν
1074 4009 1203 4077 Οῦῡῐῑῑῐθ
1231 4007 1388 4066 Vefb⁰r¹¹m
1417 4026 1518 4067 sensus
1545 4013 1601 4078 ⁸³2}
1632 4030 1723 4086 quum
1754 4010 1857 4070 atheus

249 4088 308 4148 otti
321 4089 437 4150 Ἵππωνι
453 4094 670 4164 ἀπαθανατίζοντι
683 4095 727 4154 aba
746 4095 908 4158 idicrensis
921 4099 1029 4158 ἑαυτοῦ·
1076 4095 1162 4152 suerit
1188 4093 1300 4172 Hippo,
1326 4092 1459 4154 homines
1482 4107 1575 4154 morte
1596 4097 1634 4153 ad
1660 4095 1789 4154 nihilum
1813 4116 1858 4155 Ν·

251 4176 378 4239 θἽππων
393 4179 443 4259 γὰρ
462 4184 637 4262 ἐπιγραφῆναι
659 4185 778 4243 ἐκίλευσι
795 4189 832 4264 τῷ
852 4185 971 4262 μνήματι
989 4191 1028 4266 τῷ
1076 4181 1173 4239 cidere
1186 4180 1307 4259 Diisque
1322 4181 1536 4242 immortalibus
1546 4183 1599 4260 qui
1617 4202 1677 4242 non
1693 4185 1755 4243 sint
1771 4202 1859 4264 pares

252 4265 331 4326 αὖτυθ
349 4267 408 4326 τόδε
428 4266 458 4326 τὸ
481 4268 604 4348 ἐλεγεῖον·
623 4267 756 4338 Ἵππωνος
781 4270 839 4330 τόδε
868 4276 942 4350 σῆμα
966 4274 1025 4332 κτλ.
1075 4271 1169 4358 lieri.)
1262 4345 1265 4352 Ι
1395 4261 1399 4268 ’
