3708 5916
623 465 662 524 tu
686 466 849 526 ruuuutt
869 465 1044 528 CARMEN.
1277 557 1280 565 ι
1353 479 1358 491 “
1569 479 1627 531 469

1 589 114 649 ‘natus
130 590 299 672 ἀλλάμψεως·
309 590 377 651 οὕτω
389 593 426 672 τῷ
440 592 477 668 μὴ
493 591 578 669 μίνειν
589 593 629 652 ἀεὶ
639 596 665 652 ἐν
679 599 712 674 τῇ
725 595 816 676 ἀγνοίᾳ
858 594 951 673 θεσμὸς
962 594 1056 676 ὥρισεν
1071 594 1180 656 tmere.
1222 595 1271 654 Ἐκ
1285 595 1311 655 44
1323 595 1419 656 τούτων
1434 601 1486 656 τῶν
1497 598 1631 676 δάογνίι-

10 677 163 757 ὑπερέχει
178 679 250 758 ζῴων
261 677 362 758 ἀλόγων
376 681 420 738 καλ
432 683 536 760 φυτῶν,
552 679 596 740 καί
607 681 669 753 θλης
684 686 730 754 τῆς
741 705 815 761 περι·
858 705 960 755 σεων,
970 687 1018 752 τῆς
1035 705 1064 742 τε
1077 681 1138 760 περί
1149 683 1196 754 τὴν
1217 681 1358 760 ἀσώματον
1373 683 1478 756 ποίησιν
1494 690 1542 744 τοῦ
1552 691 1631 760 θεοῦ,

10 764 106 837 γείου
119 765 168 824 καί
186 772 280 838 θνητῆς
296 765 397 845 φύσεως
420 765 568 840 ἀναὸίὸηκε
583 773 641 826 κατ’
660 767 765 840 οὐσίαν,
781 773 814 836 ὡς
858 768 903 826 καί
916 773 963 839 τῆς
974 767 1034 846 περί
1056 767 1104 838 τὴν
1118 768 1289 843 σωματικήν,
1311 771 1448 829 κοίλλισσσν
1465 774 1570 831 ἐπανθεῖ
1581 773 1631 833 πά-

11 852 206 932 ἐπιστρέφειν
225 853 289 932 πρὸς
302 853 347 911 τὸν
367 851 423 910 θεὸν
442 852 579 933 πεφυκώς,
602 854 648 913 καὶ
671 854 815 930 ἀναμνήσει
859 877 959 935 prope,
975 853 1404 932 τάμήτιάελπτ’ἀλπίζειν,
1422 857 1510 934 μήτε
1532 860 1632 931 calu}-

11 936 76 1004 ,ν
100 939 189 1010 λήθην
199 939 342 1018 αφανιζειν
353 940 399 998 καί
408 940 564 1021 διδασκαλίφ
573 941 814 1020 προολαμθανεινά
858 948 939 1002 θειν.
983 940 1034 1002 Ἐκ
1047 941 1098 1020 γάρ
1111 965 1157 1000 του
1141 941 1389 1019 λανθάνετνὴμάς
1408 941 1490 1014 τλνο
1491 944 1614 1005 ὔσίαν
1580 969 1631 1004 των

12 1021 174 1096 ἀττέὃαλε,
190 1025 296 1096 καλιὴν
310 1025 408 1084 ἀνωθεν
422 1026 505 1132 φυγὴν
524 1029 733 1108 τῃάντιατροφῳ
746 1051 814 1108 φυγη
857 1051 1019 1107 πραγματων
1030 1027 1180 1104 ἀπογίνεται
1190 1050 1234 1086 και
1224 1028 1399 1089 τοάελιττ
1410 1032 1574 1104 ίλπίζειν,
1587 1033 1632 1091 καί

14 1104 386 1190 ἷᾶσθαι.11ροσήαειουν
410 1137 443 1191 τη
426 1091 691 1195 ἀνθρωάτίνηοάαίφ
704 1115 814 1194 τοιαύτῃ
857 1114 1013 1174 τθάἀίνατα
1027 1115 1163 1193 περινοεῖν.
1207 1106 1288 1186 oin,
1299 1115 1614 1196 accasamentis*
1579 1142 1631 1177 των

14 1193 120 1298 cion,
135 1197 344 1272 γνῶναιτὴν’
314 1221 440 1258 συστασιν
460 1204 512 1258 τῶν
528 1199 663 1258 ἀθανάτων
677 1173 742 1259 θεῶν
755 1208 815 1274 θνη-
859 1201 992 1258 ἀθανάτων
1014 1204 1078 1260 θεῶν
1103 1202 1234 1269 ἐλπίζει
1256 1201 1391 1278 γενέσθαι,
1414 1201 1488 1273 4
1454 1227 1505 1260 των
1528 1207 1632 1280 ἀγαυῶν

14 1285 81 1338 τῶν
101 1307 119 1341 τ
121 1283 305 1364 ’ἀνθρώπων
326 1285 462 1358 τουτέστι,
481 1310 533 1344 των
545 1287 655 1363 λογικων
667 1310 782 1362 γενων
767 1287 814 1359 τὴν
858 1287 970 1391 ἡρώων,
986 1279 1097 1354 abroe'
1072 1309 1119 1346 ουκ
1134 1278 1237 1345 οἶδε
1199 1310 1258 1354 τους
1271 1285 1390 1365 ipauecii
1358 1313 1404 1358 της
1417 1289 1560 1367 φύσεως,
1575 1289 1633 1348 οὔτε

16 1367 169 1437 διάταξιν·
184 1375 308 1448 γνῶναι
331 1371 364 1430 δὲ
384 1373 509 1442 καλιὴν
529 1371 647 1451 φύσιν,
661 1371 720 1442 calu
739 1373 814 1452 περὶ
858 1377 909 1432 τῶν
932 1373 1261 1452 ἀντωνπρῶτακοιίμίσα
1282 1374 1445 1454 καίίσγοιτα
1466 1377 1633 1437 διεστείλατο.

16 1477 99 1512 παν
109 1457 164 1522 τὸς
174 1457 310 1532 ὁμοίην·
323 1459 456 1532 τουτέστι,
469 1461 515 1529 τὴν
533 1459 687 1534 σωματικὴν
701 1458 812 1532 οὐσίαν,
862 1461 915 1520 Καί
928 1459 1064 1532 πάλιν,”
1039 1485 1062 1518 ιι
1075 1483 1114 1526 τις
1134 1459 1167 1532 τὴ
1167 1484 1181 1516 ν
1149 1459 1289 1532 ὴίαυτου
1308 1461 1395 1541 ψυχὴν
1415 1463 1634 1536 σοναποθνησκειν

17 1540 81 1612 τὴν
98 1543 199 1602 ἀνωθεν
213 1543 339 1623 μέχρι
303 1569 356 1603 των
375 1545 530 1604 τελευταίων
554 1548 587 1604 δι’
615 1545 753 1621 ἀναλογίας
770 1505 815 1605 καί
858 1545 988 1603 eicco*
953 1569 990 1624 τω
1001 1549 1086 1624 θνητω
1097 1570 1214 1619 σωματι
1227 1545 1361 1626 ἀγνοία
1329 1571 1375 1618 της
1383 1571 1529 1628 προοαοσης
1540 1552 1636 1607 αθανα

18 1629 256 1708 ἐμφασεωςθειας
267 1634 451 1706 αοσμτθεισαν
462 1631 620 1708 γνωναιδά
634 1655 716 1690 ταυτα
729 1654 815 1691 ποντα
859 1631 962 1708 σίαςτῃ
946 1603 1092 1709 Ιἡμετέρα
1107 1634 1341 1713 ψυχῇ,πρασάοκᾷ
1356 1633 1374 1692 ἀ
1389 1635 1479 1710 μηθεῖ
1483 1635 1574 1712 ,μηδὲ
1591 1627 1634 1694 οἷά

18 1705 41 1791 ᾗ
67 1715 277 1790 θίμιςάστί,
292 1719 362 1775 τοῦτ’
376 1717 444 1791 εστι,
456 1741 529 1797 νομῳ
543 1743 578 1784 ως
591 1719 749 1795 tumetum,
771 1721 816 1778 καὶ
859 1740 888 1775 τε
900 1719 1029 1794 γενεσθαι
1072 1716 1223 1792 Ὁμοίωςάἀ
1243 1721 1289 1778 καί
1309 1719 1427 1798 ὁθηρίου
1445 1721 1635 1801 μεταμφιέσα-

19 1801 118 1868 ουτως
132 1805 169 1868 ὥς
184 1803 284 1874 ίιιτίστη
307 1803 380 1880 παρὰ
391 1826 436 1861 του
450 1809 522 1878 θεοῦ,
544 1803 743 1882 παλίντροπον
762 1812 816 1870 τοῖς
859 1809 918 1864 σθαι
934 1810 1013 1881 σῶμα
1032 1805 1189 1912 ἐλπίζων,
1203 1803 1248 1868 καί
1262 1809 1326 1885 ζῷον
1350 1808 1443 1884 ἀλαγαν
1457 1808 1577 1885 γενεσθαι
1585 1808 1636 1867 ut

20 1887 184 1948 tntvou'
154 1911 242 1965 νομοις
260 1889 315 1948 ἐστί
335 1891 577 1968 διατεταγμίνα,’
553 1914 605 1949 erre
626 1890 751 1968 σώματα,
764 1891 815 1950 εἶτε
860 1890 972 1970 κακίαν,
996 1891 1014 1962 4
1026 1915 1071 1952 και
1084 1891 1162 1972 φυτὸν
1177 1893 1239 1949 δι’
1225 1893 1317 1970 αργίαν
1331 1895 1490 1966 αἰσθήσεως,
1504 1919 1549 1954 και
1539 1886 1635 1962 οὗτος

22 1976 183 2051 ἀσώματα.
225 1980 301 2038 Κατὰ
326 1983 411 2036 κοινοῦ
444 1979 495 2058 γάρ
520 1978 560 2036 ἀπ’
586 1979 740 2058 ἀμφοτέροιν
764 1983 815 2037 τῶν
860 1979 1035 2059 ἀντιστρόφως
1054 1981 1105 2045 τοῖς
1122 1981 1157 2046 είς
1177 1979 1210 2038 τά
1224 1978 1279 2038 ἀνω
1293 1980 1354 2056 γε’νη
1369 1981 1563 2056 meridiamus
1584 1981 1633 2052 τὴν

20 2063 174 2133 ποιήσεων
188 2063 218 2123 τὸ
236 2057 368 2142 ᾖθίμις
388 2066 498 2141 ίστίν,
522 2065 669 2127 ἀκουστέον.
711 2065 816 2144 Οὖγάρ
860 2072 904 2124 τοῦ
918 2065 1055 2144 ἀνθρώπου
1076 2066 1166 2124 οὐσίαν
1191 2066 1255 2144 πρὸς
1272 2065 1306 2124 riu
1327 2067 1399 2126 καίτοι
1414 2068 1494 2138 αὐτὴν
1506 2073 1634 2138 Ισυνωθεῖ,

23 2149 190 2227 ἀλογίστοις
213 2152 369 2230 προθυμίαις
401 2150 517 2219 είκοντας
540 2153 691 2232 μεταφέρειν
709 2153 754 2210 au
769 2150 815 2222 τὴν
838 2181 839 2184 “
861 2150 1058 2228 πεπλανημένος
1071 2152 1115 2212 καί
1136 2152 1173 2229 μὴ
1194 2156 1258 2214 νοῶν
1272 2154 1303 2212 τὸ
1317 2154 1498 2229 ἀμετάἀλητον
1514 2161 1560 2215 τοῦ
1572 2159 1634 2214 κατ’

24 2235 115 2302 ἀξίαν
130 2239 183 2294 τῶν
198 2237 362 2316 πραγμάτων
372 2237 435 2315 πρὸς
447 2238 477 2297 τὸ
491 2243 553 2315 ἡμῖν
566 2240 668 2298 δοκοῦν·
682 2239 750 2298 ἀλλά
762 2246 815 2305 τοῖς
859 2239 949 2297 οὐσίαν
963 2239 1123 2317 ὑπάρχοντος
1137 2239 1264 2317 ιῖθσυςτῇ
1285 2241 1436 2321 ἀνθρωπίνῃ
1449 2244 1531 2321 ψυχῇ.
1580 2241 1634 2302 ’tat

22 2327 82 2392 τῆς
106 2323 230 2394 ἀληθείας
243 2322 310 2402 θροις
324 2323 465 2399 ἑπομένους
480 2327 664 2403 γινώσκειν
677 2325 718 2384 τά
740 2324 815 2383 ἀντα
859 2323 909 2401 γάρ
926 2323 1039 2401 μίνουσα
1050 2324 1244 2404 ἀνθρωπος,τῇ
1259 2331 1306 2398 τῆς
1320 2327 1468 2404 apamensi
1480 2326 1573 2394 κακίας
1584 2326 1635 2385 ἀνά

19 2401 308 2486 πάντα,ᾔθίμις
338 2409 488 2486 ἀστί,καί
501 2413 536 2476 ὡς
556 2415 632 2483 ὁτῆς
646 2411 816 2490 δημιουργίας
861 2411 938 2490 μέρος
952 2410 1165 2490 κτησει,θηρίον
1184 2411 1319 2490 λέγεταιῆ
1337 2413 1391 2480 θεὸς
1409 2413 1538 2490 γίνεσθαι·
1559 2412 1635 2493 φάσει

23 2645 107 2680 vero
119 2624 430 2700 stabilitatem‚horum
445 2638 701 2704 tameuutrumque
713 2627 816 2684 divine
861 2627 1032 2696 substantie,
1047 2629 1177 2702 superior
1195 2639 1251 2698 est,
1274 2629 1380 2704 quippe
1398 2631 1448 2704 qui
1468 2631 1570 2687 naturis
1595 2631 1635 2688 ita

21 2709 230 2767 similitudinis
237 2714 384 2788 vestigium
393 2715 525 2771 auferret.
539 2719 577 2771 Ae
588 2715 814 2788 coelestiquidem
861 2725 1044 2788 comparatus
1063 2717 1117 2787 sit,
1139 2724 1172 2770 ut
1185 2714 1222 2770 ad
1239 2718 1331 2771 Deum
1355 2719 1481 2772 converti
1499 2728 1585 2790 queat
1606 2730 1636 2778 et

22 2798 156 2872 corpori
168 2801 355 2856 universitatis
364 2802 501 2856 ambitum
515 2803 632 2872 tribuit,
644 2814 757 2858 terreno
768 2821 815 2857 au·
860 2800 1061 2856 recordatione
1073 2803 1246 2858 oblivionem
1254 2801 1634 2878 dispelleredoctriuiqueea

24 2897 93 2942 tem
110 2897 248 2943 centrum.
260 2889 293 2942 ln
313 2887 497 2962 sphaeravero
510 2890 567 2945 alio
578 2891 667 2946 modo
686 2901 814 2946 centrum
859 2902 1031 2961 recuperare
1043 2906 1105 2961 quae
1118 2890 1209 2944 amisit
1221 2899 1250 2944 et
1261 2888 1331 2962 iugae
1339 2907 1433 2944 rerum
1447 2909 1632 2965 supernarum

24 2985 74 3029 est
95 2976 287 3049 principium,
303 2977 359 3030 alio
381 2975 547 3050 peripheriae
564 2979 709 3032 terminus.
731 2978 813 3033 Unde
860 2976 1004 3029 contraria
1015 2975 1081 3049 iuge
1094 2975 1213 3033 mederi.
1230 2977 1389 3030 Humanam
1404 2977 1491 3052 igitur
1502 2967 1633 3050 mentem,

25 3062 189 3134 superiora
200 3062 281 3115 astris
293 3071 321 3114 et
333 3073 399 3134 post
413 3061 460 3116 illa
469 3064 656 3117 animantibus
670 3063 814 3117 intellectu
859 3077 948 3130 quum
962 3061 1024 3114 talis
1036 3063 1085 3128 sit,
1102 3060 1184 3116 decet
1199 3077 1279 3116 nosse
1290 3063 1415 3117 Deorum
1428 3064 1632 3132 immortalium

24 3148 166 3221 praeditis
183 3149 262 3202 uarie
281 3147 411 3202 distincta
436 3157 464 3201 et
490 3150 623 3204 instructa
645 3159 724 3216 sunt,
739 3159 813 3204 terra
859 3155 888 3199 et
910 3145 1059 3200 huminum
1078 3145 1243 3202 mortalium
1273 3148 1518 3218 constitutionem,
1544 3150 1634 3207 idest

26 3246 135 3289 autem
153 3234 255 3306 plantis
283 3243 383 3287 ornata
406 3243 435 3286 et
450 3235 640 3290 animantibus
664 3253 725 3308 quae
751 3236 813 3291 solo
858 3248 992 3304 generum
1007 3235 1118 3288 ratione
1128 3233 1313 3308 praeditorum
1323 3234 1542 3315 ordinationem,
1553 3255 1634 3293 nosse

6 3325 126 3374 ·sen'su
141 3328 269 3372 utuntur.
283 3319 393 3374 Medius
413 3337 482 3373 vero
497 3321 676 3375 iuterhaec'
656 3339 695 3374 stc
711 3320 814 3374 distan-
858 3321 942 3374 etiam
957 3333 1085 3374 naturum
1102 3327 1177 3376 omril
1189 3339 1226 3388 ex
1235 3327 1376 3398 partesue·
1390 3325 1516 3404 similem,
1535 3324 1567 3378 id
1579 3334 1630 3394 est,

30 3408 78 3460 tia
96 3406 224 3459 cernitur
242 3405 330 3458 bomo
343 3407 422 3476 quasi
439 3407 569 3480 ancipitis
582 3408 646 3460 ritae
660 3407 762 3461 animal
783 3425 815 3461 ao
860 3407 1028 3478 corpoream
1042 3405 1241 3481 substantiam,
1257 3425 1273 3462 a
1295 3427 1405 3463 summo
1426 3427 1529 3482 genere
1542 3429 1631 3484 usque

26 3491 219 3566 superiorum
246 3481 372 3559 iniimus,
394 3492 501 3564 primus
521 3502 615 3548 autem
639 3489 813 3550 inferiorum.
859 3491 896 3545 ad
910 3490 1035 3547 infimum
1057 3495 1244 3566 proportione
1260 3497 1411 3569 specieque
1426 3495 1519 3551 divina
1542 3515 1632 3553 eror-

27 3579 103 3649 Quo
117 3573 151 3630 fit
167 3576 367 3648 utaliquando
383 3595 448 3630 cum
465 3577 671 3633 immortalibus
689 3590 815 3633 versetur
842 3587 985 3630 'natamz
1002 3579 1259 3634 uosseautemhaee
1279 3581 1375 3634 omnia
1384 3583 1499 3658 quoad
1499 3577 1555 3650 fus
1570 3596 1629 3654 err

30 3675 63 3720 ct
82 3663 121 3718 ad
136 3675 257 3719 mentem
278 3681 427 3718 conversus
440 3665 586 3739 propriam
605 3676 709 3720 sortem
731 3683 813 3719 recu·
857 3663 913 3719 hoc
927 3673 985 3732 est,
1001 3673 1033 3718 ut
1046 3665 1108 3738 lege
1123 3649 1257 3737 disposita
1271 3675 1335 3720 sunt
1350 3678 1380 3724 et
1384 3622 1630 3741 quemadmodum

27 3762 135 3826 peret,
152 3751 306 3825 aliquando
325 3768 393 3806 vero
407 3769 471 3805 curn
490 3752 656 3808 mortalibus
668 3753 814 3826 speciebus
858 3751 951 3804 alleo
973 3759 1067 3804 creata
1082 3760 1110 3805 et
1133 3752 1279 3824 quomodo
1294 3753 1405 3826 legibus
1424 3751 1483 3824 ejus
1504 3751 1631 3810 ordinata

29 3841 229 3910 congregetur
240 3853 274 3891 ac
288 3837 398 3891 divinas
408 3838 481 3910 leges
493 3855 617 3911 egressus
629 3849 813 3894 consentanea
859 3845 940 3912 sunt,
956 3836 1013 3889 sive
1024 3855 1147 3910 corpora
1158 3837 1230 3909 sint,
1240 3837 1298 3894 sire
1310 3840 1488 3913 incorporea.
1502 3841 1632 3896 Cornmu·

26 3925 90 3980 sibi
106 3921 243 3997 dignitate
268 3923 389 3981 excidat.
412 3923 482 3978 Nam
506 3942 593 3996 quum
609 3941 743 3998 generum
766 3945 812 3981 ra·
857 3919 930 3977 uite'r
944 3924 1017 3976 enim
1033 3922 1069 3978 de
1083 3934 1205 3998 utroque
1219 3925 1271 3979 Dei
1286 3922 1402 3998 opificio
1416 3925 1629 4000 intelligendum

28 4013 116 4066 tione
137 4010 322 4085 praeditorum
336 4011 452 4066 ultimus
476 4011 528 4079 sit,
552 4029 604 4065 uec
624 4021 724 4065 natura
746 4011 809 4066 talis
857 4021 898 4064 est
917 4008 1002 4078 illud,
1017 4011 1113 4082 qrroad
1123 4007 1177 4079 fas
1199 4021 1250 4070 est.
1272 4011 1393 4084 Oportet
1406 4012 1480 4066 enim
1494 4030 1546 4066 nos
1570 4003 1630 4068 non

28 4107 93 4166 est,
103 4109 136 4152 ut
146 4115 256 4171 semper
264 4097 421 4170 codemque
431 4097 518 4153 modo
529 4097 667 4171 intelligat
678 4094 726 4174 (sic
737 4100 811 4153 enirn
857 4113 931 4150 caeco
944 4097 1029 4150 animi
1043 4098 1150 4170 impetu
1163 4097 1297 4172 abreptos
1308 4115 1402 4154 rerum
1415 4097 1580 4171 dignitatem
1592 4099 1630 4156 ad

28 4205 98 4242 nou
110 4186 215 4254 horno,
237 4185 286 4240 scd
299 4196 398 4241 natura
414 4187 489 4240 Deus
502 4196 571 4240 esset
584 4185 603 4257 l,
618 4201 670 4239 nee
689 4203 810 4260 semper,
855 4191 957 4235 nostrae
971 4183 1114 4254 opinionis
1119 4183 1273 4258 ,arbitrium
1287 4185 1518 4254 accommodare,
1530 4186 1580 4241 sed
1594 4187 1630 4242 ad

29 4274 89 4342 etsi
99 4290 159 4326 non
172 4271 272 4328 eodem
283 4271 370 4326 modo
385 4272 541 4344 intelligere
551 4270 726 4344 potest3hoc
737 4272 811 4325 enirn
855 4268 980 4322 veritatis
1007 4269 1117 4342 regulas
1136 4269 1262 4326 animum
1281 4270 1454 4326 attendentes
1469 4290 1634 4346 pernotuere

28 4378 103 4414 eum
117 4360 290 4432 Angelorum
303 4359 396 4412 ordini
410 4357 535 4411 ascribit.
550 4357 632 4411 Nunc
645 4367 738 4410 autem
749 4357 812 4411 talis
855 4373 899 4408 res
921 4373 1027 4422 oruues,
1052 4353 1204 4428 quoad-sas
1220 4368 1271 4424 est,
1290 4373 1382 4428 eoque
1401 4356 1490 4412 modu
1508 4376 1567 4431 quo
1585 4357 1630 4414 lex

29 4455 78 4502 est
93 4445 201 4514 homo,
212 4455 244 4499 ut
257 4444 294 4500 ad
305 4443 519 4498 similitudinem
532 4441 646 4516 quidem
658 4442 717 4514 ejus
731 4442 811 4516 quod
856 4441 1006 4495 creationis
1015 4441 1126 4515 singula
1138 4441 1290 4500 constituit.
1303 4443 1345 4496 Ex
1353 4441 1460 4516 duplici
1472 4455 1564 4499 autem
1575 4444 1630 4502 bac

28 4533 215 4606 praestantius
227 4542 269 4588 est
281 4530 416 4602 accedere
437 4531 542 4604 possit,
560 4531 660 4588 nature
673 4548 742 4587 vero
757 4529 811 4584 diis
856 4527 1017 4601 cognitione
1035 4545 1154 4602 operum
1172 4530 1224 4587 Dei
1238 4529 1475 4602 incorporeorum
1490 4549 1629 4605 corpore-

29 4620 244 4676 immortalibus
262 4629 349 4692 atque
371 4617 525 4674 illustribus
538 4617 686 4686 heroibus,
702 4626 735 4671 ut
748 4617 809 4689 pri·
858 4631 996 4688 urumque
1009 4616 1147 4688 optimum
1159 4615 1252 4670 oritur
1261 4612 1401 4685 ejusmodi
1414 4619 1629 4686 consectarium,

29 4709 89 4764 mis
110 4716 141 4763 et
152 4705 252 4762 medus
276 4705 425 4782 generibus
444 4704 607 4774 mundanis,
630 4702 765 4758 inferior
762 4705 807 4760 sit.
853 4713 885 4755 ut
906 4719 957 4755 nee
979 4717 1119 4774 speremus
1140 4719 1203 4774 quae
1225 4701 1366 4774 speranda
1383 4711 1518 4768 naucum,
1540 4719 1631 4774 neque

29 4791 283 4872 Quemadmodum
305 4801 399 4846 auteur
419 4789 462 4846 bis
486 4791 595 4846 idcirco
620 4790 738 4846 inferior
752 4799 808 4860 est,
839 4787 1002 4862 quidquam
1020 4805 1071 4843 nos
1087 4789 1183 4844 lauat.
1198 4789 1326 4861 Namque
1341 4805 1375 4843 ex
1390 4789 1517 4862 ignorata
1529 4806 1624 4843 rerum

28 4882 101 4960 quia
125 4897 186 4936 uon
198 4896 310 4954 semper
328 4878 478 4954 intelligit,
502 4877 553 4934 sed
577 4895 632 4933 suae
653 4829 808 4951 aliquandd
853 4885 953 4930 natura
975 4873 1023 4929 illa
1038 4875 1122 4930 etiam
1141 4875 1268 4947 sequitur
1289 4891 1306 4930 a
1324 4883 1401 4928 recta
1420 4874 1530 4928 ratione
1548 4871 1625 4929 deie-

28 4976 186 5024 utaturaeet
206 4967 276 5022 lucis
291 4963 457 5022 diuinitus
449 4985 480 5019 ru
504 4967 594 5040 ipsum
615 4964 809 5020 descendentis
852 4965 927 5032 ctio,
941 4973 1057 5018 utetea
1071 4981 1220 5036 speremus,
1235 4961 1452 5036 qrroespcrunda
1471 4971 1623 5032 aeneum,

29 5039 146 5114 inscitia
167 5062 196 5108 et
213 5053 509 5110 oblivionelaborat.
522 5052 561 5108 sie
581 5053 664 5133 bruta
678 5050 809 5107 animalia
853 5062 881 5108 et
910 5070 942 5106 ea
967 5059 1061 5105 mente
1082 5053 1218 5152 agitemus
1241 5069 1303 5124 quae
1327 5047 1387 5104 ficri
1413 5067 1472 5103 uon
1495 5041 1624 5122 pos'sunt.

28 5153 61 5198 et
81 5142 193 5226 plantae
208 5151 337 5216 superat,
350 5137 431 5214 quod
443 5158 501 5194 uon
511 5157 621 5213 semper
632 5158 662 5193 ru
673 5157 806 5212 ignorari
854 5137 937 5196 Verbi
963 5137 1068 5214 gratia,
1096 5139 1120 5191 si
1148 5139 1229 5213 quis,
1248 5155 1336 5214 qurum
1360 5136 1447 5190 bomo
1466 5137 1515 5207 sit,
1538 5154 1568 5191 se
1595 5137 1625 5192 in

30 5233 72 5288 tia
86 5239 182 5286 manet
190 5229 327 5303 totique
337 5227 457 5286 terreni
463 5237 491 5284 et
503 5225 618 5282 mortali
629 5227 745 5296 uaturb
758 5228 807 5283 sui
853 5225 970 5284 deorum
985 5225 1187 5281 iuunortalium
1208 5225 1251 5280 vel
1270 5217 1389 5280 heroum
1400 5178 1555 5280 illustrium
1571 5243 1626 5287 uu-
