3696 5922
465 365 679 430 uuuocttttt
699 365 941 426 FRAGMENTA
960 363 1111 424 sauma.
1529 369 1586 420 379
1624 357 1626 362 ⁴

21 509 201 573 Valckenarius
209 518 236 563 et
244 501 393 562 Jacobsius
406 500 462 558 hoc
473 499 601 574 fragmen
614 509 768 576 propterea
851 514 887 554 u.
899 493 1037 574 Ἀρόρητος
1050 495 1149 570 γίνεται
1165 490 1245 550 κακία
1259 490 1447 567 ῖπαινουμίνη.
1474 491 1582 550 Antan.

21 597 180 680 quodionice
191 593 327 670 scriptum
340 602 383 647 est
395 601 445 646 aut
455 586 612 646 Democriti
623 597 671 644 aut
682 583 769 642 Euse-
812 595 840 640 et
852 582 926 640 Illas.
938 601 969 658 p.
982 583 1030 654 373
1041 600 1088 657 ap.
1097 579 1186 639 Orell.
1196 599 1225 637 n.
1239 579 1303 637 128.
1313 579 1379 636 Ilaec
1389 592 1417 636 et
1425 580 1587 656 praecedens

20 669 770 762 biiNeoplatoniciesscrolebant.AtAnaxarchiAbde·
813 669 953 728 sententia
972 669 1003 725 in
1016 667 1164 725 nonnullis
1174 665 1268 732 codd.
1281 666 1451 738 Democriti,
1470 667 1500 723 in
1520 668 1588 724 aliis

21 777 124 838 ritarest,
138 787 217 844 quem
230 777 372 823 auctorem
385 762 535 820 nominant
543 757 767 817 nonnullicodd.
813 757 891 813 Sexti
908 775 1013 838 nomen
1030 755 1177 830 praefixum
1190 751 1285 812 habet.
1305 753 1336 810 Si
1356 765 1477 828 utraque
1491 754 1584 810 eidem

20 859 111 918 Stobaei
127 856 146 913 l.
159 875 185 911 c.
203 850 300 908 Eidem
322 842 432 906 auctori
455 845 630 904 adscribitur
653 845 683 902 in
705 843 769 901 cod.
813 841 990 919 philosopho
1005 839 1188 898 attribuenda
1207 852 1257 909 est,
1273 841 1355 916 prior
1378 842 1447 897 satis
1471 840 1586 917 probat,
1668 897 1671 902 ,

21 939 127 996 florenl-
140 930 217 990 Stob.
232 949 259 1006 P·
276 937 329 998 4¹¹
345 926 391 984 his
403 924 520 983 νοοίνὶον
542 922 710 1000 Ἦοοίνλνντοε
722 921 769 996 μὲν
813 941 943 986 neutram
956 927 1113 986 Democriti
1133 945 1195 983 csse
1209 946 1304 1002 posse.
1320 927 1503 986 Burcharrlus
1517 930 1588 1004 quid

20 1025 92 1098 aas,
104 1017 275 1089 πολνμοίθοῑον
290 1019 349 1072 νοῦν
366 1011 403 1088 μὴ
424 1015 552 1085 ἕμοοῑοῖνν
567 1007 721 1086 ’Ᾱνοίξορχοο
732 1006 769 1079 δέ,
815 1015 913 1073 dehac
924 1034 955 1072 re
967 1027 1115 1084 statueret,
1127 1013 1261 1082 nescivit,
1274 1026 1306 1069 ut
1319 1017 1370 1089 qui
1383 1033 1449 1090 pag.
1466 1035 1500 1070 10
1510 1017 1590 1092 prio-

20 1108 176 1184 attalam
188 1103 271 1180 κᾶοῖο
286 1100 332 1176 μὲν
347 1101 467 1180 ὦφνλοῑν,
484 1097 568 1175 νοίρνο
583 1095 610 1152 δὲ
631 1096 768 1173 βλάπτον·
815 1121 874 1160 rem
885 1103 1055 1160 sententiam
1076 1099 1234 1159 Democriti
1256 1119 1317 1157 esse
1336 1101 1454 1169 dixerit,
1467 1121 1532 1178 pag.
1549 1103 1586 1160 55

52 1217 72 1254 s.
95 1191 194 1258 Ἔξεστι
207 1189 237 1247 οὖ
262 1187 347 1244 πολλὰ
367 1188 418 1244 τῶν
440 1185 568 1263 σρετίρων
587 1182 771 1248 ἀναλώσαντες
814 1188 933 1246 eandem
949 1188 994 1246 illi
1009 1184 1230 1262 abjudicaverit,

20 1277 139 1339 παιδεῦσαί
151 1298 178 1334 τε
191 1273 249 1338 τοὺς
271 1274 366 1340 παῖδας
383 1270 428 1330 καῖ
447 1270 533 1348 τεῖχός
545 1291 573 1327 τε
587 1266 632 1326 καί
641 1268 771 1346 σωτηρίην
843 1274 891 1333 ἰν.
919 1271 1038 1334 Εὗλοιὸοῶ
1048 1271 1094 1337 τὰς
1105 1269 1237 1341 διαθολθς,
1247 1268 1295 1328 κᾶν
1307 1271 1408 1349 ψευδεῖς
1416 1260 1489 1328 ὦσιν·
1503 1275 1526 1330 ol
1539 1270 1591 1352 γὰρ

20 1363 185 1444 περεὸσλίσθαι
205 1359 272 1418 τοῖσί
285 1381 313 1416 τε
327 1358 447 1436 χρῆμοον
462 1356 507 1414 κοί
521 1363 589 1414 τοῖοι
606 1355 710 1429 ονὀμοον
721 1357 772 1411 οὗ·
816 1360 906 1417 πολλοὶ
920 1359 966 1430 τὴν
984 1357 1031 1434 μὲν
1043 1358 1165 1428 ἀλήθειαν
1185 1358 1320 1436 ἀγνοοῦσι,
1335 1356 1399 1435 πρὸς
1413 1356 1441 1415 dl
1455 1357 1502 1427 τὴν
1516 1358 1591 1424 δόξαν

19 1455 80 1512 πίων.
91 1450 164 1509 Stob.
175 1448 251 1506 Flor.
265 1444 421 1520 LXXXIII,
439 1445 488 1514 263
511 1462 558 1519 ap.
574 1441 663 1498 Orell.
678 1461 707 1500 n.
724 1461 771 1517 91·
816 1445 1119 1504 teottteocetmnton.
1132 1464 1160 1522 p.
1170 1446 1238 1518 οδες
1252 1465 1299 1522 ap.
1311 1445 1402 1504 Orell.
1413 1465 1442 1502 n.
1457 1447 1519 1502 132.
1532 1444 1593 1502 IIoc

20 1545 99 1613 Quum
109 1539 138 1594 in
150 1533 324 1592 membranis
337 1531 485 1590 nonnullis
497 1529 655 1586 Democriti
666 1547 772 1586 nornen
818 1533 1008 1605 fragmentum
1022 1543 1148 1590 sumtum
1163 1544 1206 1590 est
1221 1534 1251 1590 ta
1262 1535 1314 1589 τῶν
1328 1530 1503 1610 Δημοκρίτου,
1520 1533 1594 1590 Ἐπι-

20 1626 129 1684 ίιοοίοοο
143 1622 227 1692 desit,
245 1621 276 1678 in
289 1619 354 1677 aliis
368 1631 426 1676 tota
440 1617 579 1675 sententia
591 1613 772 1673 desideretur
817 1617 913 1688 κτήτου
927 1617 971 1676 καί
986 1616 1158 1696 Ἰσοκράτους.
1172 1618 1233 1675 Iloc
1251 1619 1316 1675 loco
1330 1619 1474 1676 Antonius
1488 1619 1593 1675 Demo-

21 1725 179 1790 acpraeterea
189 1727 292 1766 sensus
302 1705 389 1784 hujus
398 1703 549 1778 fragmenti
557 1703 608 1760 rix
622 1703 773 1760 conciliari
818 1706 921 1762 oritura
937 1703 1001 1780 ejus
1014 1717 1161 1762 auctorem
1180 1707 1259 1777 citat,
1277 1706 1330 1763 sed
1352 1725 1416 1782 pag.
1443 1707 1500 1762 258
1526 1724 1592 1762 cum

21 1801 96 1878 possit
105 1817 164 1856 cum
177 1795 359 1854 Democriteo
373 1794 410 1851 de
427 1811 581 1868 puerorum
592 1791 775 1851 institutione
818 1793 944 1850 Maximo
958 1806 1101 1850 auctorem
1114 1791 1268 1850 Isocratem
1279 1795 1421 1866 nominat,
1434 1793 1480 1850 cui
1490 1805 1518 1849 et
1531 1792 1595 1850 Sto-

18 1888 123 1964 judicio,
131 1884 233 1941 merito
245 1882 360 1939 videtur
371 1878 553 1936 Burclrardus
562 1881 688 1952 fragmen
698 1878 775 1936 istud
819 1879 899 1938 baeus
909 1879 983 1938 Flor.
993 1878 1083 1952 XLII,
1102 1901 1116 1951 7
1130 1879 1243 1939 tribuit.
1255 1880 1353 1956 Neque
1363 1881 1486 1956 injuria;
1504 1869 1596 1937 exstat

21 1973 166 2033 Βνῐοοοΐίῑθ
177 1969 371 2046 νίνίοᾶἰοοννθ·
385 1966 499 2043 Quippe
517 1965 590 2023 nihil
605 1966 701 2022 minus
713 1965 776 2042 pla·
819 1968 937 2025 enimin
955 1966 1072 2024 Isocrat.
1083 1967 1119 2024 ad
1141 1968 1288 2024 Demonic.
1303 1968 1418 2025 admon.
1436 1987 1502 2045 pag.
1516 1966 1532 2022 5
1548 1967 1594 2023 ed.

22 2059 90 2118 rebat
110 2057 274 2115 Democrito
293 2073 378 2132 quarn
400 2053 476 2128 quod
491 2051 540 2109 hic
559 2052 667 2109 dicitur
681 2074 687 2107 :
701 2057 777 2109 Licet
820 2054 917 2132 Steph.
932 2054 1009 2131 (pag.
1027 2075 1042 2126 7
1061 2054 1105 2112 ed.
1123 2053 1247 2125 bekken
1268 2073 1314 2132 ap.
1334 2055 1426 2114 Orell.
1443 2058 1552 2131 Opusc.
1566 2051 1595 2110 II

19 2165 102 2220 pueros
113 2165 165 2200 πσπ
177 2162 282 2216 magno
294 2153 385 2197 securta
405 2147 444 2196 ita
458 2145 609 2210 instituere,
627 2153 658 2194 ut
667 2148 779 2214 pariter
821 2162 848 2219 p.
865 2149 924 2219 αθ).

22 2253 99 2287 conam
106 2228 228 2300 sormar's
241 2242 326 2303 atque
339 2227 497 2300 corporibus
510 2231 592 2300 quasi
606 2245 681 2280 mum
690 2229 778 2284 addi·
862 2247 899 2286 ta.
919 2229 953 2287 El
973 2226 1020 2303 μὲν
1042 2218 1074 2298 ἦν
1089 2231 1190 2302 μαθεῖν,
1205 2224 1273 2284 tte
1286 2225 1376 2284 παθεῖν
1388 2223 1480 2299 καὶμὴ
1492 2227 1596 2301 παθεῖν,

23 2321 153 2372 msalutem
165 2329 340 2392 preestcmus.
355 2311 420 2389 Ipse
434 2311 510 2369 enlm
526 2331 584 2369 non
599 2325 654 2368 tarn
670 2333 778 2391 corpo·
821 2315 900 2373 καλὸν
917 2313 948 2372 τὸ
968 2318 1067 2390 μαθεῖν·
1080 2313 1103 2370 εἰ
1120 2311 1147 2370 δὲ
1162 2313 1263 2385 παθεῖν,
1284 2313 1309 2369 τί
1323 2313 1361 2369 δεῖ
1374 2317 1482 2388 μαθεῖν,
1503 2316 1595 2368 παθεῖν

22 2405 55 2460 ris
68 2423 145 2479 quam
161 2403 252 2461 animi
264 2401 342 2458 bona
355 2412 483 2478 spectare
495 2397 605 2470 solebat
622 2397 666 2478 (cf.
677 2399 776 2474 fragm.
822 2401 873 2480 γὰρ
887 2399 951 2480 χρή.
967 2405 1072 2459 Δπῑοιι.
1092 2413 1121 2458 et
1141 2399 1214 2456 Nax.
1237 2420 1265 2476 p.
1288 2401 1354 2459 313.
1370 2400 1436 2456 Ilaec
1458 2419 1517 2455 non
1540 2399 1595 2456 De·

25 2485 779 2564 127,rassseqq.),diritiarumautemcontemtorfuisse
824 2491 960 2546 rnocritus
981 2488 1113 2564 scripsit,
1138 2486 1188 2545 sed
1202 2488 1249 2544 vel
1263 2487 1398 2563 sophista
1420 2487 1526 2562 aliquis
1548 2485 1593 2543 rel
1684 2548 1690 2558 .

22 2575 208 2632 existimandus
227 2585 284 2644 est,
300 2571 392 2648 utqui
405 2591 463 2627 uno
477 2570 617 2627 doctrinae
634 2571 779 2630 desiderio
823 2575 986 2651 sophisticae
1004 2575 1143 2632 dictionis
1158 2586 1277 2631 amator.
1295 2573 1328 2630 In
1353 2572 1416 2632 cod.
1440 2573 1596 2629 Parisiensi

23 2661 129 2735 flagrans
150 2661 329 2737 sumptuosis
351 2657 504 2715 itineribus
526 2667 617 2713 toturn
641 2659 779 2734 patrimo·
828 2664 900 2717 1630
915 2681 945 2738 p.
964 2681 1018 2736 ¹9²
1032 2661 1131 2719 eadem
1144 2659 1233 2718 verba
1250 2661 1363 2737 plenius
1384 2661 1426 2718 sic
1439 2659 1595 2733 leguntur:

24 2749 90 2804 nium
104 2747 274 2824 profuderit.
826 2749 858 2804 Et
878 2745 925 2819 μίν
946 2737 977 2816 ἦν
1005 2747 1105 2821 μαθεῖν,
1134 2745 1210 2803 tect
1233 2746 1335 2815 παθεῖν,
1361 2745 1406 2803 καί
1431 2745 1467 2819 μὴ
1495 2747 1596 2814 παθεῖν,

54 2855 73 2894 ο.
88 2835 138 2899 Ta<
152 2833 199 2910 μὲν
209 2829 337 2910 γραμμὰς
352 2827 555 2909 ἀσφαλεστέρας,
577 2829 622 2894 τὰς
637 2829 664 2887 δὲ
676 2828 780 2908 πράξεις
825 2832 904 2890 καλὸν
918 2832 947 2892 τὸ
968 2835 1067 2907 μαθεῖν·
1091 2835 1113 2891 εί
1129 2833 1155 2891 dl
1173 2839 1264 2891 παθεῖν
1282 2833 1338 2906 δεῖ,
1357 2830 1426 2890 atet
1449 2835 1549 2908 μαθεῖν,
1571 2829 1599 2890 τί

23 2918 185 2998 λαμπροτίροις
199 2919 271 2997 ἔχειν
286 2920 333 2978 δεῖ.
351 2918 456 2974 Xnton.
470 2929 499 2974 et
520 2917 596 2974 Max.
619 2939 648 2995 p.
665 2918 713 2990 353
733 2939 780 2996 ap.
829 2919 867 2975 δεῖ
876 2922 966 2990 μαθεῖν
975 2938 984 2994 3
994 2923 1086 2975 παθεῖν
1097 2918 1147 2996 γὰρ
1157 2917 1220 2996 χρή.
1232 2917 1306 2975 Tum
1317 2916 1470 2993 Interjecto
1483 2917 1602 2975 nomine

23 3007 98 3066 Drell.
111 3027 139 3062 n.
162 3013 229 3071 rat.
244 3005 350 3062 Eadem
376 3004 517 3062 sententia
532 3017 623 3062 exstat
643 3007 719 3063 inter
730 3007 784 3064 De·
829 3006 926 3062 nescio
945 3025 1014 3081 quo,
1028 3005 1106 3081 quod
1125 3025 1185 3062 non
1202 3005 1327 3081 amplius
1343 3004 1399 3077 legi
1418 3015 1523 3081 potest,
1540 3003 1600 3062 haec

25 3094 130 3168 mophiIi
143 3093 304 3152 Similitud.
320 3091 441 3168 Pythag.
466 3112 496 3151 n.
518 3091 554 3148 52
576 3091 664 3151 Orell.
681 3113 780 3169 opusc.
827 3091 1023 3167 subjiciuntur
1048 3113 1055 3147 :
1077 3096 1167 3166 μαθεῖν
1194 3091 1241 3165 μὲν
1266 3093 1294 3147 ἐκ
1317 3094 1361 3147 τοῦ
1386 3094 1478 3147 παθεῖν
1492 3089 1601 3148 καὶτῶν

25 3191 82 3240 tom.
107 3179 119 3237 I
140 3200 205 3265 pag.
241 3200 295 3250 ¹0¹3
319 3178 368 3236 sed
384 3177 426 3235 ibi
450 3179 589 3254 scriptum
611 3192 654 3236 cst
670 3180 781 3259 γραφάς.
827 3176 913 3247 ποίνπο
932 3176 1001 3234 ἐστίν
1018 3180 1135 3252 ἀμαθῶν,
1151 3181 1240 3250 μαθεῖν
1257 3175 1283 3233 δί
1298 3174 1343 3232 καί
1357 3174 1438 3253 χωρίς
1452 3181 1496 3232 τοῦ
1510 3179 1601 3234 ποθεῖν

25 3265 103 3334 Quum
117 3280 208 3324 autem
224 3265 418 3342 Demophilus
431 3264 547 3321 incertae
558 3266 647 3322 aetatis
658 3267 783 3344 scriptor
827 3265 878 3320 τῶν
892 3261 1033 3339 φρονίμων.
1045 3262 1087 3321 Cf.
1102 3263 1271 3321 Boissonad.
1290 3261 1325 3318 ad
1338 3262 1429 3319 Nicer.
1444 3261 1601 3336 Eugenian.

26 3354 66 3427 qui
78 3353 281 3411 similitudines
298 3371 331 3409 ac
344 3353 498 3410 sententias
511 3351 716 3428 Pythagoricae
726 3357 785 3412 cot·
829 3350 927 3408 Amor.
950 3348 1001 3406 tib.
1024 3348 1067 3406 ΙΙΙ
1084 3369 1112 3408 n.
1139 3358 1191 3424 194
1208 3362 1277 3408 rom.
1302 3347 1329 3405 tl
1355 3370 1387 3424 p.
1415 3352 1480 3406 182·
1505 3349 1605 3424 Neque

25 3436 91 3511 legit,
110 3437 219 3515 majore
245 3439 463 3496 videaturusus
483 3457 545 3496 esse
569 3458 785 3518 opere‚exqu0
829 3447 922 3492 tamen
943 3437 1106 3510 negaverim
1129 3437 1193 3493 fieri
1218 3455 1318 3512 posse,
1335 3449 1367 3493 ut
1385 3435 1453 3492 talia
1474 3435 1505 3492 in
1524 3433 1603 3491 libro

26 3521 148 3595 Stobaeus,
158 3523 425 3582 antoniusttetissa
437 3536 465 3580 et
476 3523 617 3581 Maximus
627 3527 785 3584 monachus
830 3524 929 3598 aliquo
950 3523 1144 3580 Democritico
1162 3523 1229 3578 olim
1251 3521 1356 3579 fuerint
1372 3521 1410 3578 iis
1432 3521 1525 3594 locis,
1551 3519 1603 3578 ubi

27 3607 90 3665 haud
99 3630 200 3687 paucas
207 3611 365 3669 sententias
379 3608 560 3684 Pythagorae,
572 3610 708 3684 Socratis,
718 3611 786 3669 Plu·
831 3612 973 3690 sophistas
986 3608 1117 3676 λεξειδίων
1139 3608 1292 3685 θηράτορας,
1310 3607 1456 3685 ἐριδοντέας
1469 3606 1513 3663 καί
1527 3609 1605 3680 ἱμαν-

28 3695 103 3753 tarclri
113 3694 472 3773 aliorumquenominibus
484 3695 641 3770 inscriptas
657 3695 718 3752 suis
734 3715 784 3754 an·
831 3696 962 3762 τελικτίος
981 3697 1153 3755 deridendos
1163 3695 1220 3753 sibi
1235 3693 1385 3752 sumsisset
1401 3691 1604 3770 philosophus.

28 3779 147 3856 thologiis
160 3784 349 3840 inseruerunt
362 3780 505 3856 (cf.0rell.
517 3779 668 3857 praefatad
680 3780 785 3856 Opusc.
831 3785 885 3843 Sed
898 3784 928 3841 in
947 3796 1024 3840 tanta
1037 3784 1080 3842 rei
1094 3781 1281 3857 ambiguitate
1301 3779 1374 3838 nibil
1390 3779 1460 3836 certi
1481 3779 1604 3838 affirmo.

28 3884 51 3940 p.
61 3865 128 3942 VII),
137 3866 293 3945 probabile
304 3879 347 3924 est
369 3865 527 3923 Democriti
541 3884 646 3922 nornen
670 3866 788 3925 fortasse
872 3869 1020 3937 ιο.1ίοθιοζε
1035 3868 1127 3948 κρίνων
1139 3868 1207 3926 ἀλλὰ
1218 3865 1254 3942 μὴ
1267 3865 1436 3944 θυμούμενος.
1451 3866 1558 3925 Δαεοπ.
1574 3878 1604 3923 et

27 3955 198 4031 escripturae
226 3952 335 4012 mendo
360 3967 455 4010 ortum
479 3951 556 4029 apud
582 3955 739 4010 Antonium
760 3967 789 4011 et
837 3957 951 4016 Maxim.
962 3958 1139 4034 p.329;ap.
1154 3956 1369 4020 OreII.n.1ta.

28 4037 167 4100 Maximum
181 4037 406 4120 expungendum
419 4059 490 4100 este·
559 4094 563 4101 .
849 4064 909 4103 ·1t.
935 4045 971 4101 Οἱ
992 4041 1067 4117 θυμοί
1091 4043 1209 4116 καθάπερ
1224 4043 1251 4098 al
1272 4039 1344 4104 κύνες
1366 4037 1451 4116 τυφλὰ
1475 4038 1606 4096 τίκτουσιν

60 4146 80 4186 7.
95 4129 161 4188 Θεοῦ
176 4127 246 4196 ἄξιόν
274 4150 303 4184 οε
324 4124 466 4197 ποιήσοιτο
487 4123 567 4200 μηδὲν
587 4123 689 4192 dualiter
711 4130 789 4186 αὐτοῦ
833 4131 994 4208 ἐγκλήματα.
1014 4132 1119 4188 Antan.
1141 4142 1169 4188 et
1183 4133 1260 4188 Ifax.
1280 4149 1311 4206 p.
1327 4128 1398 4200 3293
1413 4145 1458 4203 ap.
1473 4126 1561 4183 Orell.
1575 4145 1606 4188 n.

28 4212 700 4291 nfirnrrdnton.etltfax.p.35;ap.0rell.n.
722 4214 787 4272 125.
837 4221 903 4287 143.
926 4215 1047 4292 Utrique
1075 4216 1210 4290 fragmini
1235 4216 1266 4272 in
1295 4211 1472 4271 membranis
1492 4213 1608 4270 additur

29 4298 301 4362 Ilecsententiacum
314 4303 445 4361 doctrina
456 4301 789 4359 Democriteaconciliari
834 4306 938 4362 lemma
948 4301 1113 4380 Δημοκρίτου
1127 4298 1334 4378 (Δημοκράτους)
1347 4298 1405 4369 ἤτοι
1420 4295 1607 4373 Δημώνακτος.

30 4405 78 4444 non
94 4403 193 4466 potest.
834 4394 920 4450 Prius
940 4391 1066 4466 fragmen
1085 4409 1174 4467 quum
1198 4390 1326 4447 trimeter
1341 4387 1482 4446 iambicus
1502 4389 1554 4458 sit,
1573 4387 1608 4444 ad

61 4494 81 4532 s.
98 4475 186 4541 Οὕτως
197 4479 283 4554 πειρῶ
293 4465 349 4547 ζῆν,
362 4477 397 4539 ὣς
408 4471 453 4530 κοί
466 4470 550 4549 ὀλίγον
574 4471 619 4529 καὶ
634 4473 713 4532 πολὺν
725 4474 788 4553 ppt-
835 4479 1031 4538 Democritum
1051 4491 1195 4536 auctorem
1207 4477 1308 4534 rcferri
1329 4477 1436 4551 nequit.
1447 4476 1607 4545 Posterius,

30 4581 65 4616 νῦν
82 4563 245 4638 ptoao'pcvoq.
274 4563 380 4626 θοίνῃ·
396 4573 424 4618 ⁶²
439 4559 514 4616 Nu·
531 4578 561 4635 t>-
577 4560 630 4631 353
643 4581 688 4639 ορ.
699 4562 788 4625 Orell.
836 4582 933 4646 utpote
947 4567 982 4624 ad
999 4567 1075 4624 idem
1095 4567 1198 4623 lemma
1216 4565 1373 4641 pertinens,
1393 4563 1501 4640 pariter
1511 4560 1606 4618 Abde-

33 4646 790 4725 a.126.Ascribendumesthocapophthegmassianti,
836 4652 929 4711 ritano
944 4653 1118 4730 philosopho
1132 4650 1354 4727 abjudicandum
1370 4663 1422 4709 est.

31 4745 58 4788 ut
70 4735 257 4792 testificantur
272 4735 356 4811 Diog.
372 4733 467 4791 Laert.
479 4731 503 4807 I,
523 4733 559 4805 87
575 4747 603 4792 et
616 4735 696 4796 Stob.
713 4738 789 4798 Flor.
878 4761 910 4799 rs.
935 4739 1043 4816 Πονηρὰ
1062 4738 1137 4818 picra
1154 4737 1268 4805 ἐξουσίας
1283 4735 1457 4810 ἐπιλαθομένη
1481 4731 1608 4805 δημοσίας

31 4813 60 4887 X,
73 4839 114 4890 οῖ·
839 4827 1009 4904 ἀπεργάζεται
1022 4823 1165 4903 συμροροίς.
1185 4825 1292 4881 Anton.
1308 4843 1338 4899 p.
1357 4823 1429 4892 520;
1450 4840 1495 4896 ap.
1516 4817 1608 4877 Orell.

63 4925 85 4964 a.
99 4907 150 4966 Δία
165 4908 284 4988 ἀφορμαί
301 4912 413 4967 κινοῦσιν
430 4911 562 4989 ἄνθρωπον
583 4909 617 4974 εἰς
631 4915 687 4970 θεοῦ
698 4911 792 4986 ἐπιμί-
838 4920 945 4986 n.1t.9.
960 4911 1019 4967 Iloc
1028 4911 1215 4986 fragmentum
1225 4909 1355 4967 Stobaeus
1366 4905 1557 4980 tros-,xtttt
1572 4905 1608 4962 35

32 4988 105 5063 λειεν,
119 4995 233 5073 τιμωρία
250 4993 399 5061 δυοσεὸείας
410 4995 455 5053 καί
469 4995 572 5073 γνώμης
584 4995 704 5063 εθσεὸοῶς
717 4999 792 5072 οἶμαι·
838 4997 964 5056 AEschini
983 4997 1127 5070 vindicat,
1141 4997 1217 5075 apud
1228 5015 1313 5073 quem
1325 4995 1430 5070 legitur
1447 4998 1525 5052 Orat.
1541 4992 1608 5051 adv.

34 5072 81 5135 ίαί.
96 5081 201 5143 Antan.
220 5094 250 5141 et
264 5081 337 5141 Nax.
351 5103 380 5160 p.
394 5084 427 5156 37
433 5104 442 5156 ς
456 5083 531 5162 apud
545 5083 639 5144 Orcll.
654 5104 682 5142 n.
703 5105 766 5156 ¹²7·
837 5085 965 5162 Ctesiph.
982 5101 1048 5160 pag.
1069 5094 1116 5156 7t..
1137 5084 1182 5142 ed.
1201 5082 1297 5161 Steph.
1310 5084 1351 5162 (p.
1377 5081 1430 5148 431
1450 5080 1496 5142 ed.
1511 5076 1609 5158 ueta.)
