<?xml version="1.0" encoding="UTF-8"?>
<!DOCTYPE html PUBLIC "-//W3C//DTD XHTML 1.0 Transitional//EN"
    "http://www.w3.org/TR/xhtml1/DTD/xhtml1-transitional.dtd">
<html xmlns="http://www.w3.org/1999/xhtml" xml:lang="en" lang="en">
 <head>
  <title>
</title>
<meta http-equiv="Content-Type" content="text/html;charset=utf-8" />
  <meta name='ocr-system' content='tesseract 3.04.00' />
  <meta name='ocr-capabilities' content='ocr_page ocr_carea ocr_par ocr_line ocrx_word'/>
</head>
<body>
  <div class='ocr_page' id='page_1' title='image "./fragmentaphilos03mullgoog/fragmentaphilos03mullgoog_0523.png"; bbox 0 0 3708 5916; ppageno 0'>
   <div class='ocr_carea' id='block_1_1' title="bbox 238 313 1293 402">
    <p class='ocr_par' dir='ltr' id='par_1_1' title="bbox 238 313 1293 402">
     <span class='ocr_line' id='line_1_1' title="bbox 238 313 1293 402; baseline -0.024 0"><span class='ocrx_word' id='word_1_1' title='bbox 238 347 299 402; x_wconf 68' lang='lat' dir='ltr'><strong>att</strong></span> <span class='ocrx_word' id='word_1_2' title='bbox 762 317 970 384; x_wconf 74' lang='lat' dir='ltr'>HIEROGLIS</span> <span class='ocrx_word' id='word_1_3' title='bbox 989 313 1293 382; x_wconf 72' lang='lat' dir='ltr'><strong>COMMENTARIUS</strong></span> 
     </span>
    </p>
   </div>
   <div class='ocr_carea' id='block_1_2' title="bbox 232 405 1844 720">
    <p class='ocr_par' dir='ltr' id='par_1_2' title="bbox 232 405 1844 720">
     <span class='ocr_line' id='line_1_2' title="bbox 232 405 1836 548; baseline -0.018 -21"><span class='ocrx_word' id='word_1_4' title='bbox 232 421 726 548; x_wconf 56' lang='lat' dir='ltr'><strong>„pluatpamemvmina</strong></span> <span class='ocrx_word' id='word_1_5' title='bbox 738 449 1008 532; x_wconf 81' lang='grc' dir='ltr'>ίιιλιγίμενοεκαθεί·</span> <span class='ocrx_word' id='word_1_6' title='bbox 1053 448 1163 528; x_wconf 88' lang='grc' dir='ltr'>τίρωθεν</span> <span class='ocrx_word' id='word_1_7' title='bbox 1189 446 1321 526; x_wconf 79' lang='grc' dir='ltr'>ἄχρηστον</span> <span class='ocrx_word' id='word_1_8' title='bbox 1342 441 1390 516; x_wconf 81' lang='grc' dir='ltr'><strong>δν,</strong></span> <span class='ocrx_word' id='word_1_9' title='bbox 1413 440 1444 502; x_wconf 76' lang='grc' dir='ltr'><strong>εδ</strong></span> <span class='ocrx_word' id='word_1_10' title='bbox 1469 439 1508 518; x_wconf 73' lang='grc' dir='ltr'><strong>μὴ</strong></span> <span class='ocrx_word' id='word_1_11' title='bbox 1528 405 1595 518; x_wconf 67' lang='lat' dir='ltr'><strong>perir</strong></span> <span class='ocrx_word' id='word_1_12' title='bbox 1614 445 1665 500; x_wconf 72' lang='lat' dir='ltr'><strong>ro&#39;a&#39;</strong></span> <span class='ocrx_word' id='word_1_13' title='bbox 1688 437 1836 518; x_wconf 78' lang='grc' dir='ltr'>ἄτρῦροε</span> 
     </span>
     <span class='ocr_line' id='line_1_3' title="bbox 234 527 1844 634; baseline -0.016 -23"><span class='ocrx_word' id='word_1_14' title='bbox 234 573 339 634; x_wconf 90' lang='grc' dir='ltr'>ρειον,</span> <span class='ocrx_word' id='word_1_15' title='bbox 371 547 550 627; x_wconf 88' lang='grc' dir='ltr'>ἄθρυπτον·</span> <span class='ocrx_word' id='word_1_16' title='bbox 575 529 645 602; x_wconf 82' lang='grc' dir='ltr'>οίκον</span> <span class='ocrx_word' id='word_1_17' title='bbox 680 537 776 615; x_wconf 80' lang='grc' dir='ltr'>ὁμοίως</span> <span class='ocrx_word' id='word_1_18' title='bbox 806 536 1009 615; x_wconf 85' lang='grc' dir='ltr'>καθᾶρειον,</span> <span class='ocrx_word' id='word_1_19' title='bbox 1054 536 1248 612; x_wconf 77' lang='grc' dir='ltr'>καθάρειοι·</span> <span class='ocrx_word' id='word_1_20' title='bbox 1270 531 1327 609; x_wconf 83' lang='grc' dir='ltr'>ἄμα</span> <span class='ocrx_word' id='word_1_21' title='bbox 1352 529 1406 609; x_wconf 73' lang='grc' dir='ltr'><strong>γὰρ</strong></span> <span class='ocrx_word' id='word_1_22' title='bbox 1431 527 1561 610; x_wconf 73' lang='grc' dir='ltr'>θπιρίὸης</span> <span class='ocrx_word' id='word_1_23' title='bbox 1581 527 1612 587; x_wconf 79' lang='grc' dir='ltr'><strong>το</strong></span> <span class='ocrx_word' id='word_1_24' title='bbox 1632 527 1785 606; x_wconf 87' lang='grc' dir='ltr'>με’τρον</span> <span class='ocrx_word' id='word_1_25' title='bbox 1805 535 1844 600; x_wconf 68' lang='grc' dir='ltr'><strong>τοο</strong></span> 
     </span>
     <span class='ocr_line' id='line_1_4' title="bbox 235 615 1844 720; baseline -0.016 -23"><span class='ocrx_word' id='word_1_26' title='bbox 235 643 419 720; x_wconf 72' lang='grc' dir='ltr'>ἄθρυπτον·</span> <span class='ocrx_word' id='word_1_27' title='bbox 443 633 488 692; x_wconf 84' lang='grc' dir='ltr'><strong>καί</strong></span> <span class='ocrx_word' id='word_1_28' title='bbox 502 638 556 690; x_wconf 74' lang='grc' dir='ltr'><strong>πᾶν</strong></span> <span class='ocrx_word' id='word_1_29' title='bbox 571 631 654 688; x_wconf 80' lang='grc' dir='ltr'>θτιοῦν</span> <span class='ocrx_word' id='word_1_30' title='bbox 669 627 721 684; x_wconf 80' lang='grc' dir='ltr'><strong>τῶν</strong></span> <span class='ocrx_word' id='word_1_31' title='bbox 742 623 802 702; x_wconf 83' lang='grc' dir='ltr'>περί</span> <span class='ocrx_word' id='word_1_32' title='bbox 815 623 845 682; x_wconf 82' lang='grc' dir='ltr'><strong>τὺ</strong></span> <span class='ocrx_word' id='word_1_33' title='bbox 859 625 936 698; x_wconf 75' lang='grc' dir='ltr'>σῶμα</span> <span class='ocrx_word' id='word_1_34' title='bbox 953 643 1009 680; x_wconf 79' lang='grc' dir='ltr'>κα·</span> <span class='ocrx_word' id='word_1_35' title='bbox 1055 621 1161 701; x_wconf 87' lang='grc' dir='ltr'>χρείας,</span> <span class='ocrx_word' id='word_1_36' title='bbox 1175 619 1221 679; x_wconf 84' lang='grc' dir='ltr'><strong>καί</strong></span> <span class='ocrx_word' id='word_1_37' title='bbox 1244 621 1280 686; x_wconf 88' lang='grc' dir='ltr'><strong>είς</strong></span> <span class='ocrx_word' id='word_1_38' title='bbox 1294 619 1324 676; x_wconf 76' lang='grc' dir='ltr'><strong>τὸ</strong></span> <span class='ocrx_word' id='word_1_39' title='bbox 1344 618 1450 696; x_wconf 79' lang='grc' dir='ltr'>ἄπειρον</span> <span class='ocrx_word' id='word_1_40' title='bbox 1471 617 1600 694; x_wconf 81' lang='grc' dir='ltr'>προῆλθες</span> <span class='ocrx_word' id='word_1_41' title='bbox 1617 621 1673 686; x_wconf 76' lang='grc' dir='ltr'><strong>τῆς</strong></span> <span class='ocrx_word' id='word_1_42' title='bbox 1693 615 1844 689; x_wconf 65' lang='lat' dir='ltr'><strong>inluniae</strong></span> 
     </span>
    </p>
   </div>
   <div class='ocr_carea' id='block_1_3' title="bbox 235 695 1844 2780">
    <p class='ocr_par' dir='ltr' id='par_1_3' title="bbox 235 695 1844 2259">
     <span class='ocr_line' id='line_1_5' title="bbox 235 695 1844 800; baseline -0.016 -17"><span class='ocrx_word' id='word_1_43' title='bbox 235 727 392 800; x_wconf 79' lang='grc' dir='ltr'>θάρειον,</span> <span class='ocrx_word' id='word_1_44' title='bbox 421 719 589 800; x_wconf 72' lang='grc' dir='ltr'>ἄθρυπτον</span> <span class='ocrx_word' id='word_1_45' title='bbox 614 710 865 792; x_wconf 78' lang='grc' dir='ltr'>ίχεινίθιλοντες.</span> <span class='ocrx_word' id='word_1_46' title='bbox 908 707 1010 786; x_wconf 83' lang='grc' dir='ltr'>Πρίπιι</span> <span class='ocrx_word' id='word_1_47' title='bbox 1056 706 1202 768; x_wconf 69' lang='lat' dir='ltr'><strong>Ariadna</strong></span> <span class='ocrx_word' id='word_1_48' title='bbox 1216 703 1322 783; x_wconf 87' lang='grc' dir='ltr'>τδιπερί</span> <span class='ocrx_word' id='word_1_49' title='bbox 1336 706 1379 762; x_wconf 85' lang='grc' dir='ltr'><strong>τον</strong></span> <span class='ocrx_word' id='word_1_50' title='bbox 1393 702 1449 782; x_wconf 83' lang='grc' dir='ltr'>βίον</span> <span class='ocrx_word' id='word_1_51' title='bbox 1463 701 1610 782; x_wconf 71' lang='grc' dir='ltr'>μετρείσθω</span> <span class='ocrx_word' id='word_1_52' title='bbox 1625 723 1674 762; x_wconf 92' lang='grc' dir='ltr'><strong>σοι</strong></span> <span class='ocrx_word' id='word_1_53' title='bbox 1691 711 1757 767; x_wconf 84' lang='grc' dir='ltr'>ταῖς</span> <span class='ocrx_word' id='word_1_54' title='bbox 1772 695 1844 778; x_wconf 63' lang='lat' dir='ltr'><strong>peel-l</strong></span> 
     </span>
     <span class='ocr_line' id='line_1_6' title="bbox 235 787 1844 892; baseline -0.009 -31"><span class='ocrx_word' id='word_1_55' title='bbox 235 814 298 892; x_wconf 62' lang='grc' dir='ltr'>γάρ,</span> <span class='ocrx_word' id='word_1_56' title='bbox 315 811 422 887; x_wconf 69' lang='grc' dir='ltr'>λογικῆς</span> <span class='ocrx_word' id='word_1_57' title='bbox 435 809 521 886; x_wconf 76' lang='grc' dir='ltr'>ψυχῆς</span> <span class='ocrx_word' id='word_1_58' title='bbox 534 808 579 863; x_wconf 77' lang='grc' dir='ltr'><strong>τοῦ</strong></span> <span class='ocrx_word' id='word_1_59' title='bbox 599 799 720 876; x_wconf 85' lang='grc' dir='ltr'>σώματος</span> <span class='ocrx_word' id='word_1_60' title='bbox 744 798 904 876; x_wconf 73' lang='grc' dir='ltr'>ἡγουμένης,</span> <span class='ocrx_word' id='word_1_61' title='bbox 918 795 963 852; x_wconf 83' lang='grc' dir='ltr'><strong>καί</strong></span> <span class='ocrx_word' id='word_1_62' title='bbox 976 793 1011 852; x_wconf 86' lang='grc' dir='ltr'><strong>τίι</strong></span> <span class='ocrx_word' id='word_1_63' title='bbox 1056 815 1116 866; x_wconf 84' lang='grc' dir='ltr'>τησι</span> <span class='ocrx_word' id='word_1_64' title='bbox 1142 800 1199 858; x_wconf 85' lang='grc' dir='ltr'>ταῖς</span> <span class='ocrx_word' id='word_1_65' title='bbox 1224 791 1422 870; x_wconf 77' lang='grc' dir='ltr'>διαριυγοιίσαις</span> <span class='ocrx_word' id='word_1_66' title='bbox 1447 789 1493 856; x_wconf 71' lang='grc' dir='ltr'><strong>τὰς</strong></span> <span class='ocrx_word' id='word_1_67' title='bbox 1512 787 1725 867; x_wconf 74' lang='grc' dir='ltr'>παρακειμένας</span> <span class='ocrx_word' id='word_1_68' title='bbox 1746 789 1844 857; x_wconf 69' lang='grc' dir='ltr'>κακίας</span> 
     </span>
     <span class='ocr_line' id='line_1_7' title="bbox 236 875 1844 980; baseline -0.016 -22"><span class='ocrx_word' id='word_1_69' title='bbox 236 899 299 980; x_wconf 87' lang='grc' dir='ltr'>περί</span> <span class='ocrx_word' id='word_1_70' title='bbox 311 896 341 955; x_wconf 88' lang='grc' dir='ltr'><strong>τδ</strong></span> <span class='ocrx_word' id='word_1_71' title='bbox 353 897 431 971; x_wconf 84' lang='grc' dir='ltr'>σῶμα</span> <span class='ocrx_word' id='word_1_72' title='bbox 445 894 532 950; x_wconf 75' lang='grc' dir='ltr'>πάντα</span> <span class='ocrx_word' id='word_1_73' title='bbox 549 885 720 966; x_wconf 75' lang='grc' dir='ltr'>συντετάχθαι</span> <span class='ocrx_word' id='word_1_74' title='bbox 731 885 795 964; x_wconf 83' lang='grc' dir='ltr'>προς</span> <span class='ocrx_word' id='word_1_75' title='bbox 808 881 852 941; x_wconf 86' lang='grc' dir='ltr'><strong>τδν</strong></span> <span class='ocrx_word' id='word_1_76' title='bbox 868 880 1010 960; x_wconf 79' lang='grc' dir='ltr'>ἡγούμενον</span> <span class='ocrx_word' id='word_1_77' title='bbox 1029 881 1030 886; x_wconf 63' lang='grc'>’</span> <span class='ocrx_word' id='word_1_78' title='bbox 1057 881 1196 950; x_wconf 76' lang='grc' dir='ltr'>Είθίζου</span> <span class='ocrx_word' id='word_1_79' title='bbox 1210 879 1245 938; x_wconf 87' lang='grc' dir='ltr'>δί</span> <span class='ocrx_word' id='word_1_80' title='bbox 1259 881 1393 938; x_wconf 88' lang='grc' dir='ltr'>δίαιταν</span> <span class='ocrx_word' id='word_1_81' title='bbox 1407 877 1518 957; x_wconf 82' lang='grc' dir='ltr'>ίχειν,</span> <span class='ocrx_word' id='word_1_82' title='bbox 1534 875 1617 956; x_wconf 79' lang='grc' dir='ltr'>φησί,</span> <span class='ocrx_word' id='word_1_83' title='bbox 1629 875 1844 953; x_wconf 54' lang='grc' dir='ltr'><strong>ιιοιθεέρειοι·1</strong></span> 
     </span>
     <span class='ocr_line' id='line_1_8' title="bbox 238 960 1844 1060; baseline -0.011 -20"><span class='ocrx_word' id='word_1_84' title='bbox 238 984 328 1060; x_wconf 81' lang='grc' dir='ltr'>λόγον,</span> <span class='ocrx_word' id='word_1_85' title='bbox 343 979 412 1047; x_wconf 78' lang='grc' dir='ltr'>ὅστις</span> <span class='ocrx_word' id='word_1_86' title='bbox 426 967 1011 1057; x_wconf 79' lang='grc' dir='ltr'>οὗτετρυφῆς,οὗτεᾶκαθαρσίαςᾶνί·</span> <span class='ocrx_word' id='word_1_87' title='bbox 1057 960 1115 1028; x_wconf 77' lang='lat' dir='ltr'><strong>circ</strong></span> <span class='ocrx_word' id='word_1_88' title='bbox 1136 971 1203 1047; x_wconf 74' lang='grc' dir='ltr'>δρῶν</span> <span class='ocrx_word' id='word_1_89' title='bbox 1228 967 1276 1040; x_wconf 75' lang='grc' dir='ltr'><strong>τὴν</strong></span> <span class='ocrx_word' id='word_1_90' title='bbox 1301 963 1482 1045; x_wconf 76' lang='grc' dir='ltr'>είςτρυρον</span> <span class='ocrx_word' id='word_1_91' title='bbox 1503 964 1652 1038; x_wconf 77' lang='grc' dir='ltr'>ἔκπτωσιν,</span> <span class='ocrx_word' id='word_1_92' title='bbox 1681 963 1844 1042; x_wconf 68' lang='grc' dir='ltr'>προσὲθταεε</span> 
     </span>
     <span class='ocr_line' id='line_1_9' title="bbox 239 1042 1838 1142; baseline -0.012 -15"><span class='ocrx_word' id='word_1_93' title='bbox 239 1067 327 1140; x_wconf 76' lang='grc' dir='ltr'>ξεται,</span> <span class='ocrx_word' id='word_1_94' title='bbox 337 1071 371 1138; x_wconf 78' lang='grc' dir='ltr'><strong>τῆ</strong></span> <span class='ocrx_word' id='word_1_95' title='bbox 385 1063 443 1125; x_wconf 82' lang='grc' dir='ltr'>κατ’</span> <span class='ocrx_word' id='word_1_96' title='bbox 452 1063 528 1123; x_wconf 66' lang='lat' dir='ltr'><strong>steti</strong></span> <span class='ocrx_word' id='word_1_97' title='bbox 540 1061 599 1142; x_wconf 67' lang='grc' dir='ltr'>ἀξίη</span> <span class='ocrx_word' id='word_1_98' title='bbox 610 1059 698 1118; x_wconf 69' lang='grc' dir='ltr'>πάντα</span> <span class='ocrx_word' id='word_1_99' title='bbox 710 1055 871 1135; x_wconf 65' lang='grc' dir='ltr'><strong>λογιζόμενος</strong></span> <span class='ocrx_word' id='word_1_100' title='bbox 884 1055 937 1112; x_wconf 69' lang='grc' dir='ltr'>δεῖν</span> <span class='ocrx_word' id='word_1_101' title='bbox 948 1043 1013 1110; x_wconf 65' lang='grc' dir='ltr'>εἶναι</span> <span class='ocrx_word' id='word_1_102' title='bbox 1058 1057 1246 1135; x_wconf 79' lang='grc' dir='ltr'>ἄθρυπτον·</span> <span class='ocrx_word' id='word_1_103' title='bbox 1260 1053 1307 1112; x_wconf 84' lang='grc' dir='ltr'><strong>καί</strong></span> <span class='ocrx_word' id='word_1_104' title='bbox 1319 1054 1343 1111; x_wconf 87' lang='grc' dir='ltr'><strong>εί</strong></span> <span class='ocrx_word' id='word_1_105' title='bbox 1357 1053 1527 1130; x_wconf 83' lang='grc' dir='ltr'>ἄθρυπτον</span> <span class='ocrx_word' id='word_1_106' title='bbox 1541 1049 1722 1130; x_wconf 78' lang='grc' dir='ltr'>προειρήκει,</span> <span class='ocrx_word' id='word_1_107' title='bbox 1739 1042 1803 1110; x_wconf 80' lang='grc' dir='ltr'>εἶδεν</span> <span class='ocrx_word' id='word_1_108' title='bbox 1814 1053 1838 1109; x_wconf 77' lang='grc' dir='ltr'><strong>δι</strong></span> 
     </span>
     <span class='ocr_line' id='line_1_10' title="bbox 241 1131 1844 1230; baseline -0.005 -25"><span class='ocrx_word' id='word_1_109' title='bbox 241 1131 430 1230; x_wconf 62' lang='grc' dir='ltr'>σύμμιοριι.</span> <span class='ocrx_word' id='word_1_110' title='bbox 471 1147 521 1210; x_wconf 68' lang='lat' dir='ltr'><strong>‘lv’</strong></span> <span class='ocrx_word' id='word_1_111' title='bbox 534 1137 581 1206; x_wconf 40' lang='grc' dir='ltr'><strong>ὀὖν</strong></span> <span class='ocrx_word' id='word_1_112' title='bbox 605 1144 643 1222; x_wconf 75' lang='grc' dir='ltr'><strong>μὴ</strong></span> <span class='ocrx_word' id='word_1_113' title='bbox 662 1144 824 1224; x_wconf 79' lang='grc' dir='ltr'>περιίλειοιτο</span> <span class='ocrx_word' id='word_1_114' title='bbox 845 1139 909 1219; x_wconf 85' lang='grc' dir='ltr'>πρλς</span> <span class='ocrx_word' id='word_1_115' title='bbox 923 1142 1013 1208; x_wconf 81' lang='grc' dir='ltr'>κτῆσιν</span> <span class='ocrx_word' id='word_1_116' title='bbox 1058 1141 1102 1200; x_wconf 84' lang='grc' dir='ltr'><strong>καί</strong></span> <span class='ocrx_word' id='word_1_117' title='bbox 1117 1140 1167 1213; x_wconf 77' lang='grc' dir='ltr'><strong>τὴν</strong></span> <span class='ocrx_word' id='word_1_118' title='bbox 1189 1142 1226 1208; x_wconf 82' lang='grc' dir='ltr'><strong>είς</strong></span> <span class='ocrx_word' id='word_1_119' title='bbox 1249 1139 1329 1220; x_wconf 77' lang='grc' dir='ltr'>ριίπον</span> <span class='ocrx_word' id='word_1_120' title='bbox 1351 1137 1501 1197; x_wconf 76' lang='grc' dir='ltr'>ἀπόπτωσιν</span> <span class='ocrx_word' id='word_1_121' title='bbox 1507 1181 1517 1208; x_wconf 95' lang='grc'>,</span> <span class='ocrx_word' id='word_1_122' title='bbox 1542 1137 1587 1195; x_wconf 90' lang='grc' dir='ltr'><strong>καί</strong></span> <span class='ocrx_word' id='word_1_123' title='bbox 1602 1135 1736 1213; x_wconf 73' lang='grc' dir='ltr'>ἐπήγαγε</span> <span class='ocrx_word' id='word_1_124' title='bbox 1750 1139 1844 1197; x_wconf 48' lang='grc' dir='ltr'>καίεο</span> 
     </span>
     <span class='ocr_line' id='line_1_11' title="bbox 238 1223 1844 1312; baseline -0.014 -10"><span class='ocrx_word' id='word_1_125' title='bbox 238 1244 291 1302; x_wconf 83' lang='grc' dir='ltr'><strong>τῶν</strong></span> <span class='ocrx_word' id='word_1_126' title='bbox 305 1239 466 1310; x_wconf 77' lang='grc' dir='ltr'>πολυτελῶν,</span> <span class='ocrx_word' id='word_1_127' title='bbox 482 1236 511 1296; x_wconf 84' lang='grc' dir='ltr'><strong>τδ</strong></span> <span class='ocrx_word' id='word_1_128' title='bbox 521 1237 691 1312; x_wconf 87' lang='grc' dir='ltr'>ἄθρυπτον</span> <span class='ocrx_word' id='word_1_129' title='bbox 705 1229 867 1303; x_wconf 74' lang='grc' dir='ltr'>ἐπιτηδεύει·</span> <span class='ocrx_word' id='word_1_130' title='bbox 881 1225 925 1286; x_wconf 83' lang='grc' dir='ltr'><strong>ίνα</strong></span> <span class='ocrx_word' id='word_1_131' title='bbox 937 1226 964 1284; x_wconf 75' lang='grc' dir='ltr'><strong>δὲ</strong></span> <span class='ocrx_word' id='word_1_132' title='bbox 976 1225 1013 1302; x_wconf 77' lang='grc' dir='ltr'><strong>μὴ</strong></span> <span class='ocrx_word' id='word_1_133' title='bbox 1060 1223 1170 1308; x_wconf 87' lang='grc' dir='ltr'><strong>ρειον·Ι</strong></span> <span class='ocrx_word' id='word_1_134' title='bbox 1180 1231 1221 1288; x_wconf 81' lang='grc' dir='ltr'><strong>ἀεί</strong></span> <span class='ocrx_word' id='word_1_135' title='bbox 1234 1233 1280 1286; x_wconf 76' lang='grc' dir='ltr'><strong>τοῦ</strong></span> <span class='ocrx_word' id='word_1_136' title='bbox 1295 1227 1434 1302; x_wconf 76' lang='grc' dir='ltr'>πτώματος</span> <span class='ocrx_word' id='word_1_137' title='bbox 1454 1224 1553 1304; x_wconf 73' lang='grc' dir='ltr'>ὀνίχων</span> <span class='ocrx_word' id='word_1_138' title='bbox 1564 1229 1597 1303; x_wconf 78' lang='grc' dir='ltr'><strong>τῇ</strong></span> <span class='ocrx_word' id='word_1_139' title='bbox 1610 1228 1662 1282; x_wconf 80' lang='grc' dir='ltr'><strong>τοῦ</strong></span> <span class='ocrx_word' id='word_1_140' title='bbox 1679 1223 1774 1302; x_wconf 77' lang='grc' dir='ltr'>ἑτέροιο</span> <span class='ocrx_word' id='word_1_141' title='bbox 1786 1227 1844 1308; x_wconf 82' lang='grc' dir='ltr'>προς</span> 
     </span>
     <span class='ocr_line' id='line_1_12' title="bbox 241 1310 1838 1408; baseline -0.018 -22"><span class='ocrx_word' id='word_1_142' title='bbox 241 1327 316 1408; x_wconf 62' lang='lat' dir='ltr'><strong>§dap</strong></span> <span class='ocrx_word' id='word_1_143' title='bbox 331 1325 377 1384; x_wconf 83' lang='grc' dir='ltr'><strong>καί</strong></span> <span class='ocrx_word' id='word_1_144' title='bbox 390 1327 468 1398; x_wconf 80' lang='grc' dir='ltr'>θλυιῇ</span> <span class='ocrx_word' id='word_1_145' title='bbox 491 1321 607 1404; x_wconf 73' lang='grc' dir='ltr'>ἂμορρίρ</span> <span class='ocrx_word' id='word_1_146' title='bbox 629 1317 773 1389; x_wconf 86' lang='grc' dir='ltr'>συνοικοίη,</span> <span class='ocrx_word' id='word_1_147' title='bbox 788 1315 817 1374; x_wconf 83' lang='grc' dir='ltr'><strong>το</strong></span> <span class='ocrx_word' id='word_1_148' title='bbox 840 1313 1014 1393; x_wconf 72' lang='grc' dir='ltr'>καθάρειοι</span> <span class='ocrx_word' id='word_1_149' title='bbox 1059 1316 1090 1376; x_wconf 71' lang='grc' dir='ltr'><strong>ιο</strong></span> <span class='ocrx_word' id='word_1_150' title='bbox 1109 1314 1194 1392; x_wconf 74' lang='grc' dir='ltr'>ίςιρον</span> <span class='ocrx_word' id='word_1_151' title='bbox 1213 1315 1359 1385; x_wconf 45' lang='lat' dir='ltr'><strong>mereim,</strong></span> <span class='ocrx_word' id='word_1_152' title='bbox 1377 1310 1411 1370; x_wconf 70' lang='grc' dir='ltr'><strong>ἵν’</strong></span> <span class='ocrx_word' id='word_1_153' title='bbox 1434 1310 1460 1379; x_wconf 67' lang='grc' dir='ltr'><strong>ἐξ</strong></span> <span class='ocrx_word' id='word_1_154' title='bbox 1484 1311 1638 1391; x_wconf 71' lang='grc' dir='ltr'>ᾱμροςὲρωο</span> <span class='ocrx_word' id='word_1_155' title='bbox 1669 1311 1838 1389; x_wconf 63' lang='grc' dir='ltr'>ἀνδρώοςςγ</span> 
     </span>
     <span class='ocr_line' id='line_1_13' title="bbox 242 1393 1844 1490; baseline -0.01 -18"><span class='ocrx_word' id='word_1_156' title='bbox 242 1413 387 1490; x_wconf 82' lang='grc' dir='ltr'>ίκλίγεται.</span> <span class='ocrx_word' id='word_1_157' title='bbox 429 1403 507 1482; x_wconf 73' lang='lat' dir='ltr'><strong>olo,</strong></span> <span class='ocrx_word' id='word_1_158' title='bbox 533 1407 636 1483; x_wconf 84' lang='grc' dir='ltr'>ίμιίτιον</span> <span class='ocrx_word' id='word_1_159' title='bbox 660 1406 689 1463; x_wconf 83' lang='grc' dir='ltr'><strong>οὗ</strong></span> <span class='ocrx_word' id='word_1_160' title='bbox 714 1401 807 1462; x_wconf 77' lang='grc' dir='ltr'>λεπτὸν</span> <span class='ocrx_word' id='word_1_161' title='bbox 832 1400 894 1477; x_wconf 84' lang='grc' dir='ltr'>μίν,</span> <span class='ocrx_word' id='word_1_162' title='bbox 918 1397 1015 1459; x_wconf 77' lang='grc' dir='ltr'>καθᾶ-</span> <span class='ocrx_word' id='word_1_163' title='bbox 1061 1402 1173 1462; x_wconf 86' lang='grc' dir='ltr'>δίαιτα</span> <span class='ocrx_word' id='word_1_164' title='bbox 1197 1393 1229 1480; x_wconf 68' lang='grc' dir='ltr'><strong>ᾗ,</strong></span> <span class='ocrx_word' id='word_1_165' title='bbox 1244 1401 1289 1461; x_wconf 86' lang='grc' dir='ltr'><strong>καί</strong></span> <span class='ocrx_word' id='word_1_166' title='bbox 1311 1403 1408 1478; x_wconf 79' lang='grc' dir='ltr'>λογικῷ</span> <span class='ocrx_word' id='word_1_167' title='bbox 1431 1399 1489 1478; x_wconf 81' lang='grc' dir='ltr'>ζώιρ</span> <span class='ocrx_word' id='word_1_168' title='bbox 1510 1397 1665 1472; x_wconf 78' lang='grc' dir='ltr'>πρέπουσα.</span> <span class='ocrx_word' id='word_1_169' title='bbox 1717 1398 1797 1458; x_wconf 74' lang='grc' dir='ltr'>Οὕτω</span> <span class='ocrx_word' id='word_1_170' title='bbox 1816 1401 1844 1456; x_wconf 65' lang='lat' dir='ltr'><strong>gp</strong></span> 
     </span>
     <span class='ocr_line' id='line_1_14' title="bbox 243 1481 1838 1580; baseline -0.013 -20"><span class='ocrx_word' id='word_1_171' title='bbox 243 1523 333 1580; x_wconf 88' lang='grc' dir='ltr'>ρειον</span> <span class='ocrx_word' id='word_1_172' title='bbox 345 1497 391 1556; x_wconf 83' lang='grc' dir='ltr'>δί·</span> <span class='ocrx_word' id='word_1_173' title='bbox 412 1495 492 1566; x_wconf 80' lang='grc' dir='ltr'>σκεύη</span> <span class='ocrx_word' id='word_1_174' title='bbox 517 1496 546 1554; x_wconf 83' lang='grc' dir='ltr'><strong>οὒ</strong></span> <span class='ocrx_word' id='word_1_175' title='bbox 567 1502 676 1574; x_wconf 75' lang='grc' dir='ltr'>χρυσᾶ,</span> <span class='ocrx_word' id='word_1_176' title='bbox 692 1489 750 1550; x_wconf 75' lang='lat' dir='ltr'><strong>otti</strong></span> <span class='ocrx_word' id='word_1_177' title='bbox 769 1494 881 1568; x_wconf 69' lang='grc' dir='ltr'>ἀργυρᾶ,</span> <span class='ocrx_word' id='word_1_178' title='bbox 905 1487 965 1545; x_wconf 81' lang='grc' dir='ltr'>ἄλλ’</span> <span class='ocrx_word' id='word_1_179' title='bbox 987 1488 1017 1544; x_wconf 75' lang='grc' dir='ltr'><strong>ἐκ</strong></span> <span class='ocrx_word' id='word_1_180' title='bbox 1060 1488 1182 1557; x_wconf 79' lang='grc' dir='ltr'>τάξαντες</span> <span class='ocrx_word' id='word_1_181' title='bbox 1195 1490 1237 1546; x_wconf 82' lang='grc' dir='ltr'><strong>τὸν</strong></span> <span class='ocrx_word' id='word_1_182' title='bbox 1257 1492 1326 1568; x_wconf 86' lang='grc' dir='ltr'>βίον,</span> <span class='ocrx_word' id='word_1_183' title='bbox 1337 1486 1381 1544; x_wconf 83' lang='grc' dir='ltr'><strong>καί</strong></span> <span class='ocrx_word' id='word_1_184' title='bbox 1402 1485 1466 1543; x_wconf 70' lang='grc' dir='ltr'>ἄλλο</span> <span class='ocrx_word' id='word_1_185' title='bbox 1479 1507 1504 1542; x_wconf 88' lang='grc' dir='ltr'><strong>τι</strong></span> <span class='ocrx_word' id='word_1_186' title='bbox 1518 1483 1647 1558; x_wconf 78' lang='grc' dir='ltr'>ἑπόμενον</span> <span class='ocrx_word' id='word_1_187' title='bbox 1658 1481 1738 1560; x_wconf 73' lang='grc' dir='ltr'>μέγα</span> <span class='ocrx_word' id='word_1_188' title='bbox 1753 1483 1838 1558; x_wconf 68' lang='grc' dir='ltr'>ἀγαθον</span> 
     </span>
     <span class='ocr_line' id='line_1_15' title="bbox 242 1567 1844 1662; baseline -0.011 -17"><span class='ocrx_word' id='word_1_189' title='bbox 242 1589 295 1646; x_wconf 77' lang='grc' dir='ltr'><strong>τῶν</strong></span> <span class='ocrx_word' id='word_1_190' title='bbox 310 1582 468 1662; x_wconf 73' lang='grc' dir='ltr'>εὐπορίστων</span> <span class='ocrx_word' id='word_1_191' title='bbox 481 1583 549 1640; x_wconf 83' lang='grc' dir='ltr'>θλῶν</span> <span class='ocrx_word' id='word_1_192' title='bbox 563 1577 743 1657; x_wconf 77' lang='grc' dir='ltr'>καθάρειοι·</span> <span class='ocrx_word' id='word_1_193' title='bbox 758 1577 841 1634; x_wconf 90' lang='grc' dir='ltr'>οίκίαν</span> <span class='ocrx_word' id='word_1_194' title='bbox 858 1577 887 1634; x_wconf 79' lang='lat' dir='ltr'><strong>ol·</strong></span> <span class='ocrx_word' id='word_1_195' title='bbox 901 1575 1017 1632; x_wconf 87' lang='grc' dir='ltr'>πολυτε-</span> <span class='ocrx_word' id='word_1_196' title='bbox 1061 1575 1160 1651; x_wconf 67' lang='grc' dir='ltr'>ἕξομεν.</span> <span class='ocrx_word' id='word_1_197' title='bbox 1200 1571 1318 1652; x_wconf 81' lang='grc' dir='ltr'>Τδνγδιρ</span> <span class='ocrx_word' id='word_1_198' title='bbox 1330 1571 1498 1652; x_wconf 77' lang='grc' dir='ltr'>ἐπιφυόμενον</span> <span class='ocrx_word' id='word_1_199' title='bbox 1507 1581 1560 1637; x_wconf 86' lang='grc' dir='ltr'>τοῖς</span> <span class='ocrx_word' id='word_1_200' title='bbox 1574 1571 1779 1651; x_wconf 70' lang='grc' dir='ltr'>θπερεάλλουσι</span> <span class='ocrx_word' id='word_1_201' title='bbox 1787 1567 1844 1650; x_wconf 62' lang='lat' dir='ltr'><strong>piri-l</strong></span> 
     </span>
     <span class='ocr_line' id='line_1_16' title="bbox 243 1651 1844 1745; baseline -0.012 -12"><span class='ocrx_word' id='word_1_202' title='bbox 243 1675 301 1734; x_wconf 83' lang='grc' dir='ltr'>λίσι</span> <span class='ocrx_word' id='word_1_203' title='bbox 314 1671 393 1738; x_wconf 89' lang='grc' dir='ltr'>λίθοις</span> <span class='ocrx_word' id='word_1_204' title='bbox 405 1667 629 1745; x_wconf 86' lang='grc' dir='ltr'>κατηνθισμίνην,</span> <span class='ocrx_word' id='word_1_205' title='bbox 650 1664 708 1726; x_wconf 82' lang='grc' dir='ltr'>οὐδί</span> <span class='ocrx_word' id='word_1_206' title='bbox 727 1665 855 1742; x_wconf 79' lang='grc' dir='ltr'>περιττῶς</span> <span class='ocrx_word' id='word_1_207' title='bbox 873 1661 1018 1729; x_wconf 81' lang='grc' dir='ltr'>είςκᾶλλοτ</span> <span class='ocrx_word' id='word_1_208' title='bbox 1061 1685 1104 1721; x_wconf 90' lang='grc' dir='ltr'><strong>νον</strong></span> <span class='ocrx_word' id='word_1_209' title='bbox 1119 1662 1288 1741; x_wconf 82' lang='grc' dir='ltr'>διαρώγοιμεν</span> <span class='ocrx_word' id='word_1_210' title='bbox 1311 1660 1361 1736; x_wconf 81' lang='lat' dir='ltr'><strong>da,</strong></span> <span class='ocrx_word' id='word_1_211' title='bbox 1376 1663 1413 1738; x_wconf 79' lang='grc' dir='ltr'><strong>τῷ</strong></span> <span class='ocrx_word' id='word_1_212' title='bbox 1439 1681 1480 1734; x_wconf 87' lang='grc' dir='ltr'><strong>μη</strong></span> <span class='ocrx_word' id='word_1_213' title='bbox 1493 1658 1544 1716; x_wconf 85' lang='grc' dir='ltr'>δίν</span> <span class='ocrx_word' id='word_1_214' title='bbox 1559 1657 1646 1734; x_wconf 87' lang='grc' dir='ltr'>ἄγαν</span> <span class='ocrx_word' id='word_1_215' title='bbox 1666 1659 1701 1714; x_wconf 80' lang='grc' dir='ltr'><strong>οὗ</strong></span> <span class='ocrx_word' id='word_1_216' title='bbox 1722 1651 1844 1724; x_wconf 76' lang='grc' dir='ltr'>κινοῦντες</span> 
     </span>
     <span class='ocr_line' id='line_1_17' title="bbox 244 1741 1844 1835; baseline -0.01 -18"><span class='ocrx_word' id='word_1_217' title='bbox 244 1759 289 1818; x_wconf 84' lang='grc' dir='ltr'><strong>καί</strong></span> <span class='ocrx_word' id='word_1_218' title='bbox 303 1756 409 1835; x_wconf 73' lang='grc' dir='ltr'>μέγεθος</span> <span class='ocrx_word' id='word_1_219' title='bbox 427 1752 640 1834; x_wconf 79' lang='grc' dir='ltr'>ίξειργασμίνην,</span> <span class='ocrx_word' id='word_1_220' title='bbox 658 1750 726 1809; x_wconf 69' lang='lat' dir='ltr'><strong>titt</strong></span> <span class='ocrx_word' id='word_1_221' title='bbox 750 1750 898 1826; x_wconf 80' lang='grc' dir='ltr'>σύμμετρον</span> <span class='ocrx_word' id='word_1_222' title='bbox 919 1749 952 1824; x_wconf 85' lang='grc' dir='ltr'><strong>τῇ</strong></span> <span class='ocrx_word' id='word_1_223' title='bbox 974 1748 1018 1802; x_wconf 70' lang='grc' dir='ltr'><strong>τοῦ</strong></span> <span class='ocrx_word' id='word_1_224' title='bbox 1063 1752 1121 1808; x_wconf 83' lang='grc' dir='ltr'>καθ’</span> <span class='ocrx_word' id='word_1_225' title='bbox 1134 1752 1210 1826; x_wconf 79' lang='grc' dir='ltr'>ἡμῶν</span> <span class='ocrx_word' id='word_1_226' title='bbox 1228 1752 1313 1807; x_wconf 82' lang='grc' dir='ltr'>αὐτῶν</span> <span class='ocrx_word' id='word_1_227' title='bbox 1335 1745 1393 1813; x_wconf 68' lang='lat' dir='ltr'><strong>aab&lt;</strong></span> <span class='ocrx_word' id='word_1_228' title='bbox 1412 1743 1704 1822; x_wconf 71' lang='grc' dir='ltr'>συμπολιτευομένους,</span> <span class='ocrx_word' id='word_1_229' title='bbox 1724 1741 1792 1802; x_wconf 79' lang='grc' dir='ltr'>ὥστε</span> <span class='ocrx_word' id='word_1_230' title='bbox 1803 1749 1844 1802; x_wconf 73' lang='grc' dir='ltr'><strong>νῦν</strong></span> 
     </span>
     <span class='ocr_line' id='line_1_18' title="bbox 245 1823 1844 1921; baseline -0.011 -19"><span class='ocrx_word' id='word_1_231' title='bbox 245 1843 366 1919; x_wconf 85' lang='grc' dir='ltr'>σώματος</span> <span class='ocrx_word' id='word_1_232' title='bbox 388 1841 480 1921; x_wconf 72' lang='grc' dir='ltr'>χρείᾳ,</span> <span class='ocrx_word' id='word_1_233' title='bbox 502 1838 687 1918; x_wconf 81' lang='grc' dir='ltr'>καθάριιον</span> <span class='ocrx_word' id='word_1_234' title='bbox 714 1837 757 1895; x_wconf 81' lang='grc' dir='ltr'>δι’·</span> <span class='ocrx_word' id='word_1_235' title='bbox 784 1838 828 1893; x_wconf 80' lang='grc' dir='ltr'><strong>καί</strong></span> <span class='ocrx_word' id='word_1_236' title='bbox 856 1835 921 1900; x_wconf 83' lang='grc' dir='ltr'>δλιυς</span> <span class='ocrx_word' id='word_1_237' title='bbox 946 1830 1018 1908; x_wconf 76' lang='grc' dir='ltr'>παρὰ</span> <span class='ocrx_word' id='word_1_238' title='bbox 1065 1836 1623 1915; x_wconf 70' lang='grc' dir='ltr'>μίννεμεσᾶν,ώςτρυρεῖισινὴμῖν,νῦν</span> <span class='ocrx_word' id='word_1_239' title='bbox 1640 1832 1671 1892; x_wconf 73' lang='grc' dir='ltr'><strong>δὲ</strong></span> <span class='ocrx_word' id='word_1_240' title='bbox 1688 1823 1844 1910; x_wconf 56' lang='lat' dir='ltr'><strong>piperata*</strong></span> 
     </span>
     <span class='ocr_line' id='line_1_19' title="bbox 245 1917 1844 2004; baseline -0.008 -18"><span class='ocrx_word' id='word_1_241' title='bbox 245 1937 357 1986; x_wconf 80' lang='grc' dir='ltr'>πθσαν</span> <span class='ocrx_word' id='word_1_242' title='bbox 376 1926 423 1997; x_wconf 80' lang='grc' dir='ltr'><strong>τον</strong></span> <span class='ocrx_word' id='word_1_243' title='bbox 438 1926 574 1984; x_wconf 87' lang='grc' dir='ltr'>δίαιταν</span> <span class='ocrx_word' id='word_1_244' title='bbox 599 1923 629 1982; x_wconf 77' lang='grc' dir='ltr'><strong>τὸ</strong></span> <span class='ocrx_word' id='word_1_245' title='bbox 650 1925 696 2000; x_wconf 83' lang='grc' dir='ltr'>μίν</span> <span class='ocrx_word' id='word_1_246' title='bbox 710 1920 900 2000; x_wconf 83' lang='grc' dir='ltr'>τρυρηλᾶν,</span> <span class='ocrx_word' id='word_1_247' title='bbox 923 1922 958 1986; x_wconf 73' lang='lat' dir='ltr'><strong>be</strong></span> <span class='ocrx_word' id='word_1_248' title='bbox 970 1919 1018 1986; x_wconf 76' lang='grc' dir='ltr'><strong>ἔξω</strong></span> <span class='ocrx_word' id='word_1_249' title='bbox 1064 1927 1098 1988; x_wconf 81' lang='grc' dir='ltr'><strong>ὡς</strong></span> <span class='ocrx_word' id='word_1_250' title='bbox 1113 1925 1225 2004; x_wconf 75' lang='grc' dir='ltr'>ρυπῶσι·</span> <span class='ocrx_word' id='word_1_251' title='bbox 1242 1921 1286 1980; x_wconf 86' lang='grc' dir='ltr'><strong>καί</strong></span> <span class='ocrx_word' id='word_1_252' title='bbox 1299 1920 1342 1979; x_wconf 67' lang='lat' dir='ltr'><strong>tet</strong></span> <span class='ocrx_word' id='word_1_253' title='bbox 1357 1921 1404 1998; x_wconf 83' lang='grc' dir='ltr'>μίν</span> <span class='ocrx_word' id='word_1_254' title='bbox 1419 1919 1577 1986; x_wconf 66' lang='lat' dir='ltr'><strong>diedecima</strong></span> <span class='ocrx_word' id='word_1_255' title='bbox 1595 1921 1743 1995; x_wconf 73' lang='grc' dir='ltr'>ἐγκαλεῖν,</span> <span class='ocrx_word' id='word_1_256' title='bbox 1760 1917 1800 1976; x_wconf 66' lang='lat' dir='ltr'><strong>tet</strong></span> <span class='ocrx_word' id='word_1_257' title='bbox 1816 1917 1844 1975; x_wconf 54' lang='lat' dir='ltr'><strong>,ap</strong></span> 
     </span>
     <span class='ocr_line' id='line_1_20' title="bbox 245 2003 1837 2092; baseline -0.009 -19"><span class='ocrx_word' id='word_1_258' title='bbox 245 2019 292 2086; x_wconf 76' lang='grc' dir='ltr'><strong>τῆς</strong></span> <span class='ocrx_word' id='word_1_259' title='bbox 304 2011 407 2092; x_wconf 82' lang='grc' dir='ltr'>χρείας,</span> <span class='ocrx_word' id='word_1_260' title='bbox 418 2017 547 2091; x_wconf 86' lang='grc' dir='ltr'>ιἰρνεῖται·</span> <span class='ocrx_word' id='word_1_261' title='bbox 556 2009 586 2069; x_wconf 74' lang='lat' dir='ltr'><strong>ab</strong></span> <span class='ocrx_word' id='word_1_262' title='bbox 598 2011 625 2068; x_wconf 84' lang='grc' dir='ltr'>δί</span> <span class='ocrx_word' id='word_1_263' title='bbox 640 2033 657 2068; x_wconf 90' lang='grc' dir='ltr'>κ</span> <span class='ocrx_word' id='word_1_264' title='bbox 666 2034 682 2068; x_wconf 90' lang='grc' dir='ltr'>α</span> <span class='ocrx_word' id='word_1_265' title='bbox 690 2015 704 2066; x_wconf 90' lang='grc' dir='ltr'>θ</span> <span class='ocrx_word' id='word_1_266' title='bbox 712 2009 728 2068; x_wconf 87' lang='grc' dir='ltr'><strong>εί</strong></span> <span class='ocrx_word' id='word_1_267' title='bbox 736 2032 749 2087; x_wconf 93' lang='grc' dir='ltr'><strong>ρ</strong></span> <span class='ocrx_word' id='word_1_268' title='bbox 757 2031 769 2066; x_wconf 93' lang='grc' dir='ltr'><strong>ε</strong></span> <span class='ocrx_word' id='word_1_269' title='bbox 777 2031 844 2081; x_wconf 89' lang='grc' dir='ltr'>ιον,</span> <span class='ocrx_word' id='word_1_270' title='bbox 856 2011 891 2073; x_wconf 83' lang='grc' dir='ltr'><strong>ὡς</strong></span> <span class='ocrx_word' id='word_1_271' title='bbox 905 2006 1019 2082; x_wconf 75' lang='grc' dir='ltr'>μάλιστα</span> <span class='ocrx_word' id='word_1_272' title='bbox 1063 2012 1098 2072; x_wconf 73' lang='grc' dir='ltr'><strong>’ὡς</strong></span> <span class='ocrx_word' id='word_1_273' title='bbox 1113 2005 1285 2087; x_wconf 82' lang='grc' dir='ltr'>μικρολόγως.</span> <span class='ocrx_word' id='word_1_274' title='bbox 1327 2009 1399 2067; x_wconf 63' lang='lat' dir='ltr'><strong>llum</strong></span> <span class='ocrx_word' id='word_1_275' title='bbox 1410 2005 1460 2085; x_wconf 87' lang='grc' dir='ltr'><strong>γδρ</strong></span> <span class='ocrx_word' id='word_1_276' title='bbox 1473 2013 1527 2072; x_wconf 81' lang='grc' dir='ltr'>τοῖς</span> <span class='ocrx_word' id='word_1_277' title='bbox 1537 2006 1661 2071; x_wconf 83' lang='grc' dir='ltr'>τοιούτοις</span> <span class='ocrx_word' id='word_1_278' title='bbox 1671 2003 1767 2061; x_wconf 75' lang='grc' dir='ltr'>ἕπεται</span> <span class='ocrx_word' id='word_1_279' title='bbox 1777 2005 1837 2082; x_wconf 78' lang='grc' dir='ltr'>περί</span> 
     </span>
     <span class='ocr_line' id='line_1_21' title="bbox 245 2091 1837 2177; baseline -0.006 -20"><span class='ocrx_word' id='word_1_280' title='bbox 245 2099 314 2170; x_wconf 81' lang='grc' dir='ltr'>τον·</span> <span class='ocrx_word' id='word_1_281' title='bbox 342 2097 397 2156; x_wconf 87' lang='grc' dir='ltr'>είαν</span> <span class='ocrx_word' id='word_1_282' title='bbox 412 2094 729 2177; x_wconf 77' lang='grc' dir='ltr'>ιίποπληροῦν,ίγκρίνει.</span> <span class='ocrx_word' id='word_1_283' title='bbox 772 2094 827 2154; x_wconf 82' lang='grc' dir='ltr'>Καὶ</span> <span class='ocrx_word' id='word_1_284' title='bbox 842 2093 1019 2170; x_wconf 84' lang='grc' dir='ltr'>γίιρίμείτιον,</span> <span class='ocrx_word' id='word_1_285' title='bbox 1065 2098 1117 2152; x_wconf 82' lang='grc' dir='ltr'><strong>τῶν</strong></span> <span class='ocrx_word' id='word_1_286' title='bbox 1133 2091 1268 2162; x_wconf 78' lang='grc' dir='ltr'>συζώντων</span> <span class='ocrx_word' id='word_1_287' title='bbox 1291 2093 1369 2165; x_wconf 81' lang='grc' dir='ltr'><strong>ἡέπὶ</strong></span> <span class='ocrx_word' id='word_1_288' title='bbox 1388 2099 1420 2172; x_wconf 80' lang='grc' dir='ltr'><strong>τῇ</strong></span> <span class='ocrx_word' id='word_1_289' title='bbox 1436 2092 1585 2170; x_wconf 86' lang='grc' dir='ltr'>ἄμετρία</span> <span class='ocrx_word' id='word_1_290' title='bbox 1606 2093 1725 2174; x_wconf 74' lang='grc' dir='ltr'>μέμψις.</span> <span class='ocrx_word' id='word_1_291' title='bbox 1767 2095 1837 2151; x_wconf 76' lang='grc' dir='ltr'>Τοῦτο</span> 
     </span>
     <span class='ocr_line' id='line_1_22' title="bbox 246 2121 1834 2259; baseline -0.006 -14"><span class='ocrx_word' id='word_1_292' title='bbox 246 2185 292 2246; x_wconf 84' lang='grc' dir='ltr'><strong>καί</strong></span> <span class='ocrx_word' id='word_1_293' title='bbox 305 2121 390 2257; x_wconf 52' lang='lat' dir='ltr'><strong>ilaec,</strong></span> <span class='ocrx_word' id='word_1_294' title='bbox 410 2183 454 2242; x_wconf 82' lang='grc' dir='ltr'><strong>καί</strong></span> <span class='ocrx_word' id='word_1_295' title='bbox 468 2189 559 2248; x_wconf 84' lang='grc' dir='ltr'>σκεῦος</span> <span class='ocrx_word' id='word_1_296' title='bbox 576 2182 645 2240; x_wconf 83' lang='grc' dir='ltr'>ἄπαν</span> <span class='ocrx_word' id='word_1_297' title='bbox 654 2225 663 2256; x_wconf 94' lang='grc'>,</span> <span class='ocrx_word' id='word_1_298' title='bbox 678 2181 737 2241; x_wconf 80' lang='grc' dir='ltr'>τότε</span> <span class='ocrx_word' id='word_1_299' title='bbox 758 2179 805 2250; x_wconf 77' lang='grc' dir='ltr'><strong>τὴν</strong></span> <span class='ocrx_word' id='word_1_300' title='bbox 827 2187 905 2240; x_wconf 80' lang='grc' dir='ltr'>αὑτοῦ</span> <span class='ocrx_word' id='word_1_301' title='bbox 930 2180 1021 2259; x_wconf 85' lang='grc' dir='ltr'>χρείαν</span> <span class='ocrx_word' id='word_1_302' title='bbox 1065 2181 1115 2258; x_wconf 88' lang='grc' dir='ltr'>γίιρ</span> <span class='ocrx_word' id='word_1_303' title='bbox 1129 2187 1174 2239; x_wconf 79' lang='grc' dir='ltr'><strong>νῦν</strong></span> <span class='ocrx_word' id='word_1_304' title='bbox 1190 2183 1204 2238; x_wconf 82' lang='grc' dir='ltr'>ὁ</span> <span class='ocrx_word' id='word_1_305' title='bbox 1218 2181 1440 2259; x_wconf 82' lang='grc' dir='ltr'>ρθόνοςδηλοῖ,</span> <span class='ocrx_word' id='word_1_306' title='bbox 1457 2179 1493 2237; x_wconf 77' lang='grc' dir='ltr'><strong>ἶν’</strong></span> <span class='ocrx_word' id='word_1_307' title='bbox 1503 2171 1521 2257; x_wconf 70' lang='grc' dir='ltr'>ᾖ</span> <span class='ocrx_word' id='word_1_308' title='bbox 1533 2181 1564 2238; x_wconf 84' lang='grc' dir='ltr'><strong>το</strong></span> <span class='ocrx_word' id='word_1_309' title='bbox 1575 2151 1738 2257; x_wconf 81' lang='grc' dir='ltr'>λεγόμενον,</span> <span class='ocrx_word' id='word_1_310' title='bbox 1751 2179 1834 2255; x_wconf 77' lang='grc' dir='ltr'>περ-ί·</span> 
     </span>
    </p>

    <p class='ocr_par' dir='ltr' id='par_1_4' title="bbox 246 2258 1835 2347">
     <span class='ocr_line' id='line_1_23' title="bbox 246 2258 1835 2347; baseline -0.006 -18"><span class='ocrx_word' id='word_1_311' title='bbox 246 2271 333 2336; x_wconf 85' lang='grc' dir='ltr'>καλῶς</span> <span class='ocrx_word' id='word_1_312' title='bbox 344 2258 765 2347; x_wconf 50' lang='grc' dir='ltr'>παρίχεταιβτανσιίμμετρονῇ</span> <span class='ocrx_word' id='word_1_313' title='bbox 777 2265 1021 2344; x_wconf 84' lang='grc' dir='ltr'>καίκαθείρειον.</span> <span class='ocrx_word' id='word_1_314' title='bbox 1065 2266 1143 2335; x_wconf 77' lang='grc' dir='ltr'>λαξο</span> <span class='ocrx_word' id='word_1_315' title='bbox 1159 2271 1303 2325; x_wconf 78' lang='grc' dir='ltr'>τοιαῦτα</span> <span class='ocrx_word' id='word_1_316' title='bbox 1325 2269 1452 2345; x_wconf 83' lang='grc' dir='ltr'>ποιεῖν,</span> <span class='ocrx_word' id='word_1_317' title='bbox 1469 2267 1577 2326; x_wconf 77' lang='grc' dir='ltr'>ὁπόσα</span> <span class='ocrx_word' id='word_1_318' title='bbox 1601 2267 1729 2347; x_wconf 78' lang='grc' dir='ltr'>φθόνον</span> <span class='ocrx_word' id='word_1_319' title='bbox 1743 2265 1835 2342; x_wconf 73' lang='grc' dir='ltr'>ἴσχει,</span> 
     </span>
    </p>

    <p class='ocr_par' dir='ltr' id='par_1_5' title="bbox 247 2351 1833 2435">
     <span class='ocr_line' id='line_1_24' title="bbox 247 2351 1833 2435; baseline -0.006 -18"><span class='ocrx_word' id='word_1_320' title='bbox 247 2357 282 2417; x_wconf 84' lang='grc' dir='ltr'>Τί</span> <span class='ocrx_word' id='word_1_321' title='bbox 304 2355 354 2435; x_wconf 86' lang='grc' dir='ltr'><strong>γδρ</strong></span> <span class='ocrx_word' id='word_1_322' title='bbox 369 2357 483 2433; x_wconf 76' lang='grc' dir='ltr'>μεγάλου</span> <span class='ocrx_word' id='word_1_323' title='bbox 499 2356 537 2414; x_wconf 87' lang='grc' dir='ltr'><strong>δεῖ</strong></span> <span class='ocrx_word' id='word_1_324' title='bbox 561 2354 670 2420; x_wconf 86' lang='grc' dir='ltr'>πίνακος</span> <span class='ocrx_word' id='word_1_325' title='bbox 688 2356 724 2420; x_wconf 84' lang='grc' dir='ltr'><strong>είς</strong></span> <span class='ocrx_word' id='word_1_326' title='bbox 747 2353 838 2434; x_wconf 79' lang='grc' dir='ltr'>μικρὸν</span> <span class='ocrx_word' id='word_1_327' title='bbox 855 2352 935 2432; x_wconf 76' lang='grc' dir='ltr'>ὄψονς</span> <span class='ocrx_word' id='word_1_328' title='bbox 955 2351 980 2410; x_wconf 87' lang='grc' dir='ltr'><strong>τί</strong></span> <span class='ocrx_word' id='word_1_329' title='bbox 995 2351 1022 2410; x_wconf 71' lang='lat' dir='ltr'><strong>il</strong></span> <span class='ocrx_word' id='word_1_330' title='bbox 1066 2353 1144 2428; x_wconf 76' lang='grc' dir='ltr'>ἤγουν</span> <span class='ocrx_word' id='word_1_331' title='bbox 1159 2353 1258 2432; x_wconf 81' lang='grc' dir='ltr'>μίμψιν</span> <span class='ocrx_word' id='word_1_332' title='bbox 1275 2351 1379 2427; x_wconf 84' lang='grc' dir='ltr'>εὔλογον</span> <span class='ocrx_word' id='word_1_333' title='bbox 1401 2355 1455 2430; x_wconf 74' lang='grc' dir='ltr'>ἔχει</span> <span class='ocrx_word' id='word_1_334' title='bbox 1467 2352 1542 2429; x_wconf 77' lang='grc' dir='ltr'>παρὰ</span> <span class='ocrx_word' id='word_1_335' title='bbox 1556 2357 1608 2410; x_wconf 81' lang='grc' dir='ltr'><strong>τῶν</strong></span> <span class='ocrx_word' id='word_1_336' title='bbox 1626 2355 1749 2414; x_wconf 79' lang='grc' dir='ltr'>πολλῶν.</span> <span class='ocrx_word' id='word_1_337' title='bbox 1770 2355 1833 2426; x_wconf 81' lang='grc' dir='ltr'>Μεμ-</span> 
     </span>
    </p>

    <p class='ocr_par' dir='ltr' id='par_1_6' title="bbox 250 2437 1832 2522">
     <span class='ocr_line' id='line_1_25' title="bbox 250 2437 1832 2522; baseline -0.004 -22"><span class='ocrx_word' id='word_1_338' title='bbox 250 2447 379 2522; x_wconf 73' lang='grc' dir='ltr'>ρυπαροῦ,</span> <span class='ocrx_word' id='word_1_339' title='bbox 391 2442 527 2519; x_wconf 71' lang='grc' dir='ltr'>μέλλοντος</span> <span class='ocrx_word' id='word_1_340' title='bbox 541 2444 656 2521; x_wconf 79' lang='grc' dir='ltr'>ἄφενιιῑν</span> <span class='ocrx_word' id='word_1_341' title='bbox 670 2441 700 2498; x_wconf 74' lang='lat' dir='ltr'><strong>ab</strong></span> <span class='ocrx_word' id='word_1_342' title='bbox 713 2441 789 2519; x_wconf 78' lang='grc' dir='ltr'>ὄψον;</span> <span class='ocrx_word' id='word_1_343' title='bbox 804 2439 885 2500; x_wconf 86' lang='grc' dir='ltr'>Οίκου</span> <span class='ocrx_word' id='word_1_344' title='bbox 894 2439 928 2497; x_wconf 74' lang='grc' dir='ltr'><strong>,δί</strong></span> <span class='ocrx_word' id='word_1_345' title='bbox 941 2438 1023 2516; x_wconf 86' lang='grc' dir='ltr'>μιγοί·</span> <span class='ocrx_word' id='word_1_346' title='bbox 1067 2439 1120 2498; x_wconf 81' lang='grc' dir='ltr'><strong>τεο</strong></span> <span class='ocrx_word' id='word_1_347' title='bbox 1137 2438 1181 2510; x_wconf 85' lang='grc' dir='ltr'>δι’,</span> <span class='ocrx_word' id='word_1_348' title='bbox 1196 2439 1264 2496; x_wconf 79' lang='grc' dir='ltr'>κατὰ</span> <span class='ocrx_word' id='word_1_349' title='bbox 1277 2438 1321 2495; x_wconf 81' lang='grc' dir='ltr'><strong>τον</strong></span> <span class='ocrx_word' id='word_1_350' title='bbox 1338 2437 1412 2517; x_wconf 77' lang='grc' dir='ltr'>λόγον</span> <span class='ocrx_word' id='word_1_351' title='bbox 1433 2439 1478 2496; x_wconf 85' lang='grc' dir='ltr'>καὶ</span> <span class='ocrx_word' id='word_1_352' title='bbox 1490 2437 1549 2504; x_wconf 81' lang='grc' dir='ltr'>τοίις</span> <span class='ocrx_word' id='word_1_353' title='bbox 1562 2437 1697 2510; x_wconf 82' lang='grc' dir='ltr'>πολλούς,</span> <span class='ocrx_word' id='word_1_354' title='bbox 1712 2441 1738 2496; x_wconf 79' lang='grc' dir='ltr'><strong>ἐν</strong></span> <span class='ocrx_word' id='word_1_355' title='bbox 1752 2439 1793 2512; x_wconf 84' lang='grc' dir='ltr'><strong>μὲν</strong></span> <span class='ocrx_word' id='word_1_356' title='bbox 1808 2443 1832 2513; x_wconf 76' lang='grc' dir='ltr'><strong>τῇ</strong></span> 
     </span>
    </p>

    <p class='ocr_par' dir='ltr' id='par_1_7' title="bbox 249 2523 1829 2606">
     <span class='ocr_line' id='line_1_26' title="bbox 249 2523 1829 2606; baseline -0.004 -19"><span class='ocrx_word' id='word_1_357' title='bbox 249 2530 296 2587; x_wconf 90' lang='grc' dir='ltr'><strong>λου</strong></span> <span class='ocrx_word' id='word_1_358' title='bbox 309 2527 334 2584; x_wconf 92' lang='grc' dir='ltr'><strong>τί</strong></span> <span class='ocrx_word' id='word_1_359' title='bbox 349 2528 387 2586; x_wconf 82' lang='grc' dir='ltr'><strong>δεῖ</strong></span> <span class='ocrx_word' id='word_1_360' title='bbox 397 2534 450 2594; x_wconf 85' lang='grc' dir='ltr'>τοῖς</span> <span class='ocrx_word' id='word_1_361' title='bbox 461 2526 599 2600; x_wconf 76' lang='grc' dir='ltr'>μέλλουσιν</span> <span class='ocrx_word' id='word_1_362' title='bbox 613 2529 639 2585; x_wconf 84' lang='grc' dir='ltr'>ίν</span> <span class='ocrx_word' id='word_1_363' title='bbox 654 2535 703 2606; x_wconf 68' lang='grc' dir='ltr'><strong>μιᾷ</strong></span> <span class='ocrx_word' id='word_1_364' title='bbox 714 2525 795 2606; x_wconf 72' lang='grc' dir='ltr'>γωνίᾳ</span> <span class='ocrx_word' id='word_1_365' title='bbox 810 2527 889 2583; x_wconf 80' lang='grc' dir='ltr'>αὐτοῦ</span> <span class='ocrx_word' id='word_1_366' title='bbox 904 2525 1023 2596; x_wconf 58' lang='lat' dir='ltr'><strong>arictum</strong></span> <span class='ocrx_word' id='word_1_367' title='bbox 1068 2526 1083 2583; x_wconf 89' lang='grc' dir='ltr'>δ</span> <span class='ocrx_word' id='word_1_368' title='bbox 1091 2548 1121 2582; x_wconf 91' lang='grc' dir='ltr'><strong>ια</strong></span> <span class='ocrx_word' id='word_1_369' title='bbox 1131 2525 1187 2603; x_wconf 82' lang='grc' dir='ltr'><strong>ίτῃ</strong></span> <span class='ocrx_word' id='word_1_370' title='bbox 1201 2523 1306 2604; x_wconf 80' lang='grc' dir='ltr'>τρυφὴ</span> <span class='ocrx_word' id='word_1_371' title='bbox 1322 2526 1365 2583; x_wconf 80' lang='grc' dir='ltr'>καὶ</span> <span class='ocrx_word' id='word_1_372' title='bbox 1382 2527 1478 2604; x_wconf 74' lang='grc' dir='ltr'>οὗτος,</span> <span class='ocrx_word' id='word_1_373' title='bbox 1495 2527 1520 2581; x_wconf 78' lang='grc' dir='ltr'><strong>ἐν</strong></span> <span class='ocrx_word' id='word_1_374' title='bbox 1533 2525 1604 2604; x_wconf 80' lang='grc' dir='ltr'>δδτῇ</span> <span class='ocrx_word' id='word_1_375' title='bbox 1620 2525 1729 2600; x_wconf 76' lang='grc' dir='ltr'>δαπάνῃ</span> <span class='ocrx_word' id='word_1_376' title='bbox 1743 2525 1829 2602; x_wconf 75' lang='grc' dir='ltr'>χρημιί·</span> 
     </span>
    </p>

    <p class='ocr_par' dir='ltr' id='par_1_8' title="bbox 249 2610 1830 2691">
     <span class='ocr_line' id='line_1_27' title="bbox 249 2610 1830 2691; baseline -0.006 -17"><span class='ocrx_word' id='word_1_377' title='bbox 249 2614 276 2674; x_wconf 93' lang='grc' dir='ltr'><strong>τί</strong></span> <span class='ocrx_word' id='word_1_378' title='bbox 301 2613 328 2671; x_wconf 83' lang='grc' dir='ltr'><strong>δλ</strong></span> <span class='ocrx_word' id='word_1_379' title='bbox 342 2613 504 2691; x_wconf 81' lang='grc' dir='ltr'>ἄκαθιίρτου,</span> <span class='ocrx_word' id='word_1_380' title='bbox 517 2611 564 2682; x_wconf 81' lang='grc' dir='ltr'><strong>τον</strong></span> <span class='ocrx_word' id='word_1_381' title='bbox 585 2618 631 2683; x_wconf 77' lang='grc' dir='ltr'><strong>τῆς</strong></span> <span class='ocrx_word' id='word_1_382' title='bbox 648 2613 775 2683; x_wconf 79' lang='grc' dir='ltr'>οἰκήσεως</span> <span class='ocrx_word' id='word_1_383' title='bbox 787 2611 878 2691; x_wconf 87' lang='grc' dir='ltr'>χρείαν</span> <span class='ocrx_word' id='word_1_384' title='bbox 900 2615 929 2670; x_wconf 84' lang='grc' dir='ltr'><strong>οὐ</strong></span> <span class='ocrx_word' id='word_1_385' title='bbox 943 2611 1023 2690; x_wconf 80' lang='grc' dir='ltr'>περί·</span> <span class='ocrx_word' id='word_1_386' title='bbox 1067 2612 1248 2686; x_wconf 53' lang='lat' dir='ltr'><strong>emmanuele</strong></span> <span class='ocrx_word' id='word_1_387' title='bbox 1266 2613 1310 2670; x_wconf 82' lang='grc' dir='ltr'>καὶ</span> <span class='ocrx_word' id='word_1_388' title='bbox 1332 2611 1497 2690; x_wconf 89' lang='grc' dir='ltr'>μικρολογία.</span> <span class='ocrx_word' id='word_1_389' title='bbox 1540 2611 1586 2671; x_wconf 77' lang='grc' dir='ltr'><strong>Διὸ</strong></span> <span class='ocrx_word' id='word_1_390' title='bbox 1601 2610 1778 2689; x_wconf 71' lang='grc' dir='ltr'>ἐλευθεριότης</span> <span class='ocrx_word' id='word_1_391' title='bbox 1797 2611 1830 2666; x_wconf 78' lang='lat' dir='ltr'><strong>rai</strong></span> 
     </span>
    </p>

    <p class='ocr_par' dir='ltr' id='par_1_9' title="bbox 251 2697 1829 2780">
     <span class='ocr_line' id='line_1_28' title="bbox 251 2697 1829 2780; baseline -0.003 -22"><span class='ocrx_word' id='word_1_392' title='bbox 251 2720 358 2780; x_wconf 81' lang='grc' dir='ltr'>χοντος;</span> <span class='ocrx_word' id='word_1_393' title='bbox 372 2699 411 2759; x_wconf 78' lang='lat' dir='ltr'><strong>Tb</strong></span> <span class='ocrx_word' id='word_1_394' title='bbox 426 2698 452 2758; x_wconf 79' lang='grc' dir='ltr'><strong>δὲ</strong></span> <span class='ocrx_word' id='word_1_395' title='bbox 468 2699 588 2758; x_wconf 77' lang='grc' dir='ltr'>αὐτὸκαὶ</span> <span class='ocrx_word' id='word_1_396' title='bbox 602 2699 645 2757; x_wconf 77' lang='grc' dir='ltr'><strong>ἐπί</strong></span> <span class='ocrx_word' id='word_1_397' title='bbox 659 2702 710 2758; x_wconf 82' lang='grc' dir='ltr'><strong>τῶν</strong></span> <span class='ocrx_word' id='word_1_398' title='bbox 726 2701 811 2756; x_wconf 76' lang='grc' dir='ltr'>ἄλλων</span> <span class='ocrx_word' id='word_1_399' title='bbox 833 2697 949 2778; x_wconf 77' lang='grc' dir='ltr'>εὑρήσεις</span> <span class='ocrx_word' id='word_1_400' title='bbox 962 2701 1024 2757; x_wconf 83' lang='grc' dir='ltr'>ίκα-</span> <span class='ocrx_word' id='word_1_401' title='bbox 1068 2699 1254 2780; x_wconf 85' lang='grc' dir='ltr'>συμμετρία</span> <span class='ocrx_word' id='word_1_402' title='bbox 1266 2699 1391 2759; x_wconf 75' lang='grc' dir='ltr'>δεικνύτω</span> <span class='ocrx_word' id='word_1_403' title='bbox 1411 2701 1454 2757; x_wconf 78' lang='grc' dir='ltr'><strong>διὰ</strong></span> <span class='ocrx_word' id='word_1_404' title='bbox 1469 2703 1520 2758; x_wconf 86' lang='grc' dir='ltr'><strong>τῶν</strong></span> <span class='ocrx_word' id='word_1_405' title='bbox 1532 2701 1606 2766; x_wconf 83' lang='grc' dir='ltr'>ίκτδς</span> <span class='ocrx_word' id='word_1_406' title='bbox 1619 2700 1734 2757; x_wconf 77' lang='grc' dir='ltr'>πάντων</span> <span class='ocrx_word' id='word_1_407' title='bbox 1744 2697 1829 2773; x_wconf 63' lang='lat' dir='ltr'><strong>riviu-</strong></span> 
     </span>
    </p>
   </div>
   <div class='ocr_carea' id='block_1_4' title="bbox 190 2878 1830 5127">
    <p class='ocr_par' dir='ltr' id='par_1_10' title="bbox 190 2878 1830 5127">
     <span class='ocr_line' id='line_1_29' title="bbox 253 2878 1830 2957; baseline 0.001 -23"><span class='ocrx_word' id='word_1_408' title='bbox 253 2878 341 2934; x_wconf 89' lang='lat' dir='ltr'><strong>litiem</strong></span> <span class='ocrx_word' id='word_1_409' title='bbox 353 2879 413 2934; x_wconf 87' lang='lat' dir='ltr'><strong>abit</strong></span> <span class='ocrx_word' id='word_1_410' title='bbox 425 2879 512 2934; x_wconf 83' lang='lat' dir='ltr'><strong>nimia</strong></span> <span class='ocrx_word' id='word_1_411' title='bbox 526 2879 680 2953; x_wconf 78' lang='lat' dir='ltr'>munditia,</span> <span class='ocrx_word' id='word_1_412' title='bbox 692 2881 720 2934; x_wconf 92' lang='lat' dir='ltr'><strong>in</strong></span> <span class='ocrx_word' id='word_1_413' title='bbox 733 2878 829 2936; x_wconf 86' lang='lat' dir='ltr'><strong>sordes</strong></span> <span class='ocrx_word' id='word_1_414' title='bbox 842 2891 932 2935; x_wconf 71' lang='lat' dir='ltr'><strong>auum</strong></span> <span class='ocrx_word' id='word_1_415' title='bbox 945 2892 1030 2954; x_wconf 88' lang='lat' dir='ltr'><strong>atque</strong></span> <span class='ocrx_word' id='word_1_416' title='bbox 1072 2883 1194 2956; x_wconf 80' lang='lat' dir='ltr'><strong>respuit,</strong></span> <span class='ocrx_word' id='word_1_417' title='bbox 1206 2885 1336 2938; x_wconf 76' lang='lat' dir='ltr'><strong>anundum</strong></span> <span class='ocrx_word' id='word_1_418' title='bbox 1351 2903 1429 2951; x_wconf 82' lang='lat' dir='ltr'><strong>vero,</strong></span> <span class='ocrx_word' id='word_1_419' title='bbox 1444 2884 1550 2957; x_wconf 80' lang='lat' dir='ltr'>quippe</span> <span class='ocrx_word' id='word_1_420' title='bbox 1564 2883 1645 2956; x_wconf 82' lang='lat' dir='ltr'><strong>quod</strong></span> <span class='ocrx_word' id='word_1_421' title='bbox 1662 2885 1727 2938; x_wconf 90' lang='lat' dir='ltr'><strong>usui</strong></span> <span class='ocrx_word' id='word_1_422' title='bbox 1738 2881 1830 2938; x_wconf 81' lang='lat' dir='ltr'><strong>abunde</strong></span> 
     </span>
     <span class='ocr_line' id='line_1_30' title="bbox 253 2967 1828 3048; baseline 0 -19"><span class='ocrx_word' id='word_1_423' title='bbox 253 2973 460 3034; x_wconf 82' lang='lat' dir='ltr'><strong>immunditiam</strong></span> <span class='ocrx_word' id='word_1_424' title='bbox 467 2975 552 3030; x_wconf 86' lang='lat' dir='ltr'><strong>nimia</strong></span> <span class='ocrx_word' id='word_1_425' title='bbox 566 2977 694 3032; x_wconf 87' lang='lat' dir='ltr'><strong>tenuitas.</strong></span> <span class='ocrx_word' id='word_1_426' title='bbox 705 2976 746 3031; x_wconf 89' lang='lat' dir='ltr'><strong>Ut</strong></span> <span class='ocrx_word' id='word_1_427' title='bbox 759 2976 845 3048; x_wconf 85' lang='lat' dir='ltr'><strong>igitur</strong></span> <span class='ocrx_word' id='word_1_428' title='bbox 855 2993 947 3048; x_wconf 87' lang='lat' dir='ltr'><strong>neque</strong></span> <span class='ocrx_word' id='word_1_429' title='bbox 961 2976 1031 3032; x_wconf 89' lang='lat' dir='ltr'><strong>illud</strong></span> <span class='ocrx_word' id='word_1_430' title='bbox 1072 2967 1233 3038; x_wconf 63' lang='lat' dir='ltr'><strong>satisfaciat,</strong></span> <span class='ocrx_word' id='word_1_431' title='bbox 1258 2968 1367 3044; x_wconf 73' lang='lat' dir='ltr'><strong>deligit.</strong></span> <span class='ocrx_word' id='word_1_432' title='bbox 1390 2972 1500 3024; x_wconf 73' lang='lat' dir='ltr'><strong>Etenim</strong></span> <span class='ocrx_word' id='word_1_433' title='bbox 1522 2972 1690 3026; x_wconf 73' lang='lat' dir='ltr'><strong>vestimenta</strong></span> <span class='ocrx_word' id='word_1_434' title='bbox 1705 2982 1733 3024; x_wconf 88' lang='lat' dir='ltr'><strong>et</strong></span> <span class='ocrx_word' id='word_1_435' title='bbox 1749 2969 1828 3024; x_wconf 66' lang='lat' dir='ltr'><strong>domus</strong></span> 
     </span>
     <span class='ocr_line' id='line_1_31' title="bbox 255 3057 1828 3136; baseline 0.003 -20"><span class='ocrx_word' id='word_1_436' title='bbox 255 3061 338 3116; x_wconf 91' lang='lat' dir='ltr'><strong>nobis</strong></span> <span class='ocrx_word' id='word_1_437' title='bbox 360 3061 473 3116; x_wconf 86' lang='lat' dir='ltr'><strong>accidat</strong></span> <span class='ocrx_word' id='word_1_438' title='bbox 498 3073 617 3136; x_wconf 90' lang='lat' dir='ltr'><strong>propter</strong></span> <span class='ocrx_word' id='word_1_439' title='bbox 641 3061 826 3132; x_wconf 76' lang='lat' dir='ltr'><strong>munditiam,</strong></span> <span class='ocrx_word' id='word_1_440' title='bbox 850 3079 942 3134; x_wconf 89' lang='lat' dir='ltr'><strong>neque</strong></span> <span class='ocrx_word' id='word_1_441' title='bbox 974 3063 1030 3118; x_wconf 88' lang='lat' dir='ltr'><strong>hoe</strong></span> <span class='ocrx_word' id='word_1_442' title='bbox 1074 3068 1102 3112; x_wconf 92' lang='lat' dir='ltr'><strong>et</strong></span> <span class='ocrx_word' id='word_1_443' title='bbox 1113 3057 1239 3130; x_wconf 82' lang='lat' dir='ltr'><strong>supellex</strong></span> <span class='ocrx_word' id='word_1_444' title='bbox 1249 3059 1339 3112; x_wconf 88' lang='lat' dir='ltr'><strong>omnis</strong></span> <span class='ocrx_word' id='word_1_445' title='bbox 1350 3068 1408 3112; x_wconf 89' lang='lat' dir='ltr'><strong>tum</strong></span> <span class='ocrx_word' id='word_1_446' title='bbox 1422 3077 1554 3132; x_wconf 79' lang='lat' dir='ltr'><strong>inagnum</strong></span> <span class='ocrx_word' id='word_1_447' title='bbox 1564 3059 1606 3112; x_wconf 89' lang='lat' dir='ltr'><strong>sui</strong></span> <span class='ocrx_word' id='word_1_448' title='bbox 1619 3077 1703 3114; x_wconf 82' lang='lat' dir='ltr'><strong>usum</strong></span> <span class='ocrx_word' id='word_1_449' title='bbox 1714 3057 1828 3130; x_wconf 63' lang='lat' dir='ltr'><strong>pmbffll</strong></span> 
     </span>
     <span class='ocr_line' id='line_1_32' title="bbox 190 3144 1825 3222; baseline -0.003 -21"><span class='ocrx_word' id='word_1_450' title='bbox 190 3193 199 3210; x_wconf 84' lang='grc'>,</span> <span class='ocrx_word' id='word_1_451' title='bbox 254 3156 374 3222; x_wconf 90' lang='lat' dir='ltr'><strong>propter</strong></span> <span class='ocrx_word' id='word_1_452' title='bbox 394 3147 576 3216; x_wconf 79' lang='lat' dir='ltr'><strong>tenuitatem,</strong></span> <span class='ocrx_word' id='word_1_453' title='bbox 595 3145 679 3202; x_wconf 88' lang='lat' dir='ltr'><strong>medii</strong></span> <span class='ocrx_word' id='word_1_454' title='bbox 702 3145 879 3215; x_wconf 83' lang='lat' dir='ltr'><strong>incedamus,</strong></span> <span class='ocrx_word' id='word_1_455' title='bbox 900 3147 1032 3219; x_wconf 84' lang='lat' dir='ltr'><strong>adjuncta</strong></span> <span class='ocrx_word' id='word_1_456' title='bbox 1075 3162 1162 3216; x_wconf 90' lang='lat' dir='ltr'><strong>quum</strong></span> <span class='ocrx_word' id='word_1_457' title='bbox 1186 3145 1383 3199; x_wconf 87' lang='lat' dir='ltr'><strong>convem&#39;entia</strong></span> <span class='ocrx_word' id='word_1_458' title='bbox 1403 3155 1469 3200; x_wconf 91' lang='lat' dir='ltr'><strong>sunt</strong></span> <span class='ocrx_word' id='word_1_459' title='bbox 1491 3156 1520 3199; x_wconf 91' lang='lat' dir='ltr'><strong>et</strong></span> <span class='ocrx_word' id='word_1_460' title='bbox 1541 3145 1752 3216; x_wconf 86' lang='lat' dir='ltr'><strong>munda.de</strong></span> <span class='ocrx_word' id='word_1_461' title='bbox 1772 3144 1825 3197; x_wconf 87' lang='lat' dir='ltr'><strong>enin</strong></span> 
     </span>
     <span class='ocr_line' id='line_1_33' title="bbox 255 3228 1829 3308; baseline -0.005 -20"><span class='ocrx_word' id='word_1_462' title='bbox 255 3234 369 3308; x_wconf 91' lang='lat' dir='ltr'><strong>utrique</strong></span> <span class='ocrx_word' id='word_1_463' title='bbox 379 3234 446 3288; x_wconf 83' lang='lat' dir='ltr'><strong>vitia</strong></span> <span class='ocrx_word' id='word_1_464' title='bbox 459 3233 629 3288; x_wconf 81' lang='lat' dir='ltr'><strong>declinantes</strong></span> <span class='ocrx_word' id='word_1_465' title='bbox 640 3245 668 3289; x_wconf 88' lang='lat' dir='ltr'><strong>et</strong></span> <span class='ocrx_word' id='word_1_466' title='bbox 682 3234 801 3289; x_wconf 91' lang='lat' dir='ltr'><strong>alterum</strong></span> <span class='ocrx_word' id='word_1_467' title='bbox 820 3235 910 3288; x_wconf 89' lang='lat' dir='ltr'><strong>altero</strong></span> <span class='ocrx_word' id='word_1_468' title='bbox 922 3245 1033 3308; x_wconf 89' lang='lat' dir='ltr'><strong>tempe-</strong></span> <span class='ocrx_word' id='word_1_469' title='bbox 1075 3230 1152 3286; x_wconf 89' lang='lat' dir='ltr'><strong>disco</strong></span> <span class='ocrx_word' id='word_1_470' title='bbox 1166 3247 1238 3302; x_wconf 91' lang='lat' dir='ltr'><strong>opus</strong></span> <span class='ocrx_word' id='word_1_471' title='bbox 1252 3242 1293 3286; x_wconf 86' lang='lat' dir='ltr'><strong>est</strong></span> <span class='ocrx_word' id='word_1_472' title='bbox 1302 3249 1415 3304; x_wconf 90' lang='lat' dir='ltr'><strong>magno,</strong></span> <span class='ocrx_word' id='word_1_473' title='bbox 1425 3232 1475 3286; x_wconf 90' lang='lat' dir='ltr'><strong>ubi</strong></span> <span class='ocrx_word' id='word_1_474' title='bbox 1492 3233 1601 3304; x_wconf 86' lang='lat' dir='ltr'><strong>opsonii</strong></span> <span class='ocrx_word' id='word_1_475' title='bbox 1616 3228 1829 3304; x_wconf 77' lang='lat' dir='ltr'><strong>parurniqnidre</strong></span> 
     </span>
     <span class='ocr_line' id='line_1_34' title="bbox 256 3316 1826 3394; baseline -0.001 -21"><span class='ocrx_word' id='word_1_476' title='bbox 256 3329 384 3394; x_wconf 84' lang='lat' dir='ltr'><strong>perantes</strong></span> <span class='ocrx_word' id='word_1_477' title='bbox 400 3338 407 3372; x_wconf 80' lang='grc' dir='ltr'><strong>ε</strong></span> <span class='ocrx_word' id='word_1_478' title='bbox 423 3321 461 3374; x_wconf 90' lang='lat' dir='ltr'><strong>ita</strong></span> <span class='ocrx_word' id='word_1_479' title='bbox 475 3319 554 3374; x_wconf 89' lang='lat' dir='ltr'><strong>tenui</strong></span> <span class='ocrx_word' id='word_1_480' title='bbox 568 3330 678 3374; x_wconf 85' lang='lat' dir='ltr'><strong>utentes</strong></span> <span class='ocrx_word' id='word_1_481' title='bbox 689 3320 782 3392; x_wconf 83' lang='lat' dir='ltr'><strong>victu,</strong></span> <span class='ocrx_word' id='word_1_482' title='bbox 797 3331 830 3373; x_wconf 92' lang='lat' dir='ltr'><strong>ut</strong></span> <span class='ocrx_word' id='word_1_483' title='bbox 842 3320 973 3374; x_wconf 89' lang='lat' dir='ltr'><strong>sordibus</strong></span> <span class='ocrx_word' id='word_1_484' title='bbox 987 3338 1033 3375; x_wconf 87' lang='lat' dir='ltr'><strong>ca·</strong></span> <span class='ocrx_word' id='word_1_485' title='bbox 1075 3316 1237 3389; x_wconf 85' lang='lat' dir='ltr'><strong>immundo,</strong></span> <span class='ocrx_word' id='word_1_486' title='bbox 1254 3319 1302 3390; x_wconf 88' lang='lat' dir='ltr'><strong>qui</strong></span> <span class='ocrx_word' id='word_1_487' title='bbox 1316 3319 1464 3390; x_wconf 90' lang='lat' dir='ltr'><strong>opsonium</strong></span> <span class='ocrx_word' id='word_1_488' title='bbox 1478 3318 1663 3390; x_wconf 83' lang='lat' dir='ltr'><strong>corrumpat?</strong></span> <span class='ocrx_word' id='word_1_489' title='bbox 1675 3317 1747 3387; x_wconf 88' lang='lat' dir='ltr'><strong>Quid</strong></span> <span class='ocrx_word' id='word_1_490' title='bbox 1756 3327 1826 3370; x_wconf 72' lang='lat' dir='ltr'><strong>anun</strong></span> 
     </span>
     <span class='ocr_line' id='line_1_35' title="bbox 257 3402 1827 3478; baseline -0.003 -16"><span class='ocrx_word' id='word_1_491' title='bbox 257 3416 334 3474; x_wconf 91' lang='lat' dir='ltr'><strong>reat,</strong></span> <span class='ocrx_word' id='word_1_492' title='bbox 350 3416 434 3478; x_wconf 87' lang='lat' dir='ltr'><strong>atque</strong></span> <span class='ocrx_word' id='word_1_493' title='bbox 453 3405 492 3460; x_wconf 88' lang='lat' dir='ltr'><strong>ita</strong></span> <span class='ocrx_word' id='word_1_494' title='bbox 512 3405 620 3461; x_wconf 88' lang='lat' dir='ltr'><strong>mundo</strong></span> <span class='ocrx_word' id='word_1_495' title='bbox 628 3446 636 3474; x_wconf 90' lang='lat'><strong>,</strong></span> <span class='ocrx_word' id='word_1_496' title='bbox 659 3417 691 3460; x_wconf 93' lang='lat' dir='ltr'><strong>ut</strong></span> <span class='ocrx_word' id='word_1_497' title='bbox 715 3407 783 3462; x_wconf 86' lang='lat' dir='ltr'><strong>luxu</strong></span> <span class='ocrx_word' id='word_1_498' title='bbox 805 3417 893 3462; x_wconf 84' lang='lat' dir='ltr'><strong>vacet.</strong></span> <span class='ocrx_word' id='word_1_499' title='bbox 916 3405 1032 3461; x_wconf 84' lang='lat' dir='ltr'><strong>Modum</strong></span> <span class='ocrx_word' id='word_1_500' title='bbox 1076 3402 1163 3456; x_wconf 89' lang='lat' dir='ltr'><strong>domo</strong></span> <span class='ocrx_word' id='word_1_501' title='bbox 1176 3421 1277 3478; x_wconf 85' lang='lat' dir='ltr'><strong>magna</strong></span> <span class='ocrx_word' id='word_1_502' title='bbox 1291 3404 1344 3459; x_wconf 88' lang='lat' dir='ltr'><strong>iliis</strong></span> <span class='ocrx_word' id='word_1_503' title='bbox 1353 3423 1425 3477; x_wconf 92' lang='lat' dir='ltr'><strong>opus</strong></span> <span class='ocrx_word' id='word_1_504' title='bbox 1438 3415 1493 3472; x_wconf 78' lang='lat' dir='ltr'><strong>eet,</strong></span> <span class='ocrx_word' id='word_1_505' title='bbox 1506 3405 1555 3477; x_wconf 91' lang='lat' dir='ltr'><strong>qui</strong></span> <span class='ocrx_word' id='word_1_506' title='bbox 1569 3405 1597 3457; x_wconf 93' lang='lat' dir='ltr'><strong>in</strong></span> <span class='ocrx_word' id='word_1_507' title='bbox 1606 3423 1668 3460; x_wconf 91' lang='lat' dir='ltr'><strong>uno</strong></span> <span class='ocrx_word' id='word_1_508' title='bbox 1679 3405 1736 3474; x_wconf 83' lang='lat' dir='ltr'><strong>ejus</strong></span> <span class='ocrx_word' id='word_1_509' title='bbox 1747 3402 1827 3474; x_wconf 80' lang='lat' dir='ltr'><strong>angub</strong></span> 
     </span>
     <span class='ocr_line' id='line_1_36' title="bbox 258 3487 1825 3566; baseline -0.006 -17"><span class='ocrx_word' id='word_1_510' title='bbox 258 3493 344 3566; x_wconf 85' lang='lat' dir='ltr'><strong>igitur</strong></span> <span class='ocrx_word' id='word_1_511' title='bbox 355 3493 383 3545; x_wconf 93' lang='lat' dir='ltr'><strong>in</strong></span> <span class='ocrx_word' id='word_1_512' title='bbox 400 3492 477 3545; x_wconf 91' lang='lat' dir='ltr'><strong>omni</strong></span> <span class='ocrx_word' id='word_1_513' title='bbox 488 3492 563 3546; x_wconf 88' lang='lat' dir='ltr'><strong>circa</strong></span> <span class='ocrx_word' id='word_1_514' title='bbox 574 3510 677 3565; x_wconf 88' lang='lat' dir='ltr'><strong>corpus</strong></span> <span class='ocrx_word' id='word_1_515' title='bbox 685 3503 823 3566; x_wconf 90' lang='lat' dir='ltr'><strong>apparatu</strong></span> <span class='ocrx_word' id='word_1_516' title='bbox 835 3502 1032 3564; x_wconf 81' lang='lat' dir='ltr'><strong>praeoptemus,</strong></span> <span class='ocrx_word' id='word_1_517' title='bbox 1073 3487 1226 3560; x_wconf 78' lang='lat' dir='ltr'><strong>jacebuntr</strong></span> <span class='ocrx_word' id='word_1_518' title='bbox 1240 3491 1345 3564; x_wconf 86' lang='lat' dir='ltr'><strong>quidve</strong></span> <span class='ocrx_word' id='word_1_519' title='bbox 1356 3491 1487 3557; x_wconf 85' lang='lat' dir='ltr'><strong>sordida,</strong></span> <span class='ocrx_word' id='word_1_520' title='bbox 1501 3510 1562 3562; x_wconf 82' lang='lat' dir='ltr'><strong>quae</strong></span> <span class='ocrx_word' id='word_1_521' title='bbox 1577 3492 1756 3546; x_wconf 82' lang='lat' dir='ltr'><strong>habitationis</strong></span> <span class='ocrx_word' id='word_1_522' title='bbox 1767 3505 1825 3542; x_wconf 82' lang='lat' dir='ltr'><strong>asan</strong></span> 
     </span>
     <span class='ocr_line' id='line_1_37' title="bbox 258 3576 1827 3651; baseline -0.002 -20"><span class='ocrx_word' id='word_1_523' title='bbox 258 3579 388 3633; x_wconf 87' lang='lat' dir='ltr'><strong>vestitum</strong></span> <span class='ocrx_word' id='word_1_524' title='bbox 397 3579 529 3651; x_wconf 87' lang='lat' dir='ltr'><strong>eligentes</strong></span> <span class='ocrx_word' id='word_1_525' title='bbox 535 3579 677 3646; x_wconf 83' lang='lat' dir='ltr'><strong>mundum,</strong></span> <span class='ocrx_word' id='word_1_526' title='bbox 686 3597 741 3632; x_wconf 84' lang='lat' dir='ltr'><strong>non</strong></span> <span class='ocrx_word' id='word_1_527' title='bbox 747 3579 904 3643; x_wconf 83' lang='lat' dir='ltr'><strong>delicatum,</strong></span> <span class='ocrx_word' id='word_1_528' title='bbox 918 3577 1034 3632; x_wconf 92' lang='lat' dir='ltr'><strong>domum</strong></span> <span class='ocrx_word' id='word_1_529' title='bbox 1076 3594 1135 3630; x_wconf 89' lang='lat' dir='ltr'><strong>non</strong></span> <span class='ocrx_word' id='word_1_530' title='bbox 1148 3576 1293 3650; x_wconf 83' lang='lat' dir='ltr'><strong>praebeat?</strong></span> <span class='ocrx_word' id='word_1_531' title='bbox 1307 3577 1387 3634; x_wconf 90' lang='lat' dir='ltr'><strong>Idem</strong></span> <span class='ocrx_word' id='word_1_532' title='bbox 1403 3579 1551 3633; x_wconf 75' lang='lat' dir='ltr'><strong>incaeteris</strong></span> <span class='ocrx_word' id='word_1_533' title='bbox 1573 3596 1693 3650; x_wconf 78' lang='lat' dir='ltr'><strong>quoque</strong></span> <span class='ocrx_word' id='word_1_534' title='bbox 1712 3578 1827 3645; x_wconf 82' lang='lat' dir='ltr'><strong>utrimque</strong></span> 
     </span>
     <span class='ocr_line' id='line_1_38' title="bbox 258 3661 1827 3737; baseline -0.004 -19"><span class='ocrx_word' id='word_1_535' title='bbox 258 3665 384 3719; x_wconf 90' lang='lat' dir='ltr'><strong>similiter</strong></span> <span class='ocrx_word' id='word_1_536' title='bbox 398 3666 537 3730; x_wconf 82' lang='lat' dir='ltr'><strong>mundam,</strong></span> <span class='ocrx_word' id='word_1_537' title='bbox 556 3682 614 3719; x_wconf 92' lang='lat' dir='ltr'><strong>non</strong></span> <span class='ocrx_word' id='word_1_538' title='bbox 636 3665 802 3734; x_wconf 83' lang='lat' dir='ltr'><strong>delicatam,</strong></span> <span class='ocrx_word' id='word_1_539' title='bbox 824 3664 965 3736; x_wconf 90' lang='lat' dir='ltr'><strong>quidquid</strong></span> <span class='ocrx_word' id='word_1_540' title='bbox 985 3664 1035 3719; x_wconf 90' lang='lat' dir='ltr'><strong>de·</strong></span> <span class='ocrx_word' id='word_1_541' title='bbox 1077 3662 1175 3718; x_wconf 90' lang='lat' dir='ltr'><strong>inutile</strong></span> <span class='ocrx_word' id='word_1_542' title='bbox 1195 3667 1335 3737; x_wconf 83' lang='lat' dir='ltr'><strong>reperies,</strong></span> <span class='ocrx_word' id='word_1_543' title='bbox 1351 3664 1538 3720; x_wconf 84' lang='lat' dir='ltr'><strong>delectionem</strong></span> <span class='ocrx_word' id='word_1_544' title='bbox 1556 3664 1621 3720; x_wconf 89' lang='lat' dir='ltr'><strong>dico</strong></span> <span class='ocrx_word' id='word_1_545' title='bbox 1642 3667 1711 3720; x_wconf 87' lang='lat' dir='ltr'><strong>luxu</strong></span> <span class='ocrx_word' id='word_1_546' title='bbox 1732 3661 1827 3716; x_wconf 76' lang='lat' dir='ltr'><strong>ramnus</strong></span> 
     </span>
     <span class='ocr_line' id='line_1_39' title="bbox 259 3749 1825 3824; baseline -0.003 -20"><span class='ocrx_word' id='word_1_547' title='bbox 259 3751 346 3822; x_wconf 89' lang='lat' dir='ltr'><strong>nique</strong></span> <span class='ocrx_word' id='word_1_548' title='bbox 359 3751 395 3804; x_wconf 89' lang='lat' dir='ltr'><strong>ad</strong></span> <span class='ocrx_word' id='word_1_549' title='bbox 410 3769 514 3824; x_wconf 85' lang='lat' dir='ltr'><strong>corpus</strong></span> <span class='ocrx_word' id='word_1_550' title='bbox 528 3753 658 3823; x_wconf 81' lang='lat' dir='ltr'><strong>pertinet,</strong></span> <span class='ocrx_word' id='word_1_551' title='bbox 671 3752 808 3816; x_wconf 86' lang='lat' dir='ltr'><strong>mundum,</strong></span> <span class='ocrx_word' id='word_1_552' title='bbox 821 3769 875 3805; x_wconf 85' lang='lat' dir='ltr'><strong>non</strong></span> <span class='ocrx_word' id='word_1_553' title='bbox 887 3751 1035 3804; x_wconf 82' lang='lat' dir='ltr'><strong>delicatum</strong></span> <span class='ocrx_word' id='word_1_554' title='bbox 1077 3749 1240 3820; x_wconf 76' lang='lat' dir='ltr'><strong>munditiae3</strong></span> <span class='ocrx_word' id='word_1_555' title='bbox 1258 3752 1425 3824; x_wconf 81' lang='lat' dir='ltr'><strong>simulatque</strong></span> <span class='ocrx_word' id='word_1_556' title='bbox 1447 3753 1522 3806; x_wconf 89' lang='lat' dir='ltr'><strong>enim</strong></span> <span class='ocrx_word' id='word_1_557' title='bbox 1541 3769 1608 3806; x_wconf 88' lang='lat' dir='ltr'><strong>usus</strong></span> <span class='ocrx_word' id='word_1_558' title='bbox 1621 3753 1738 3808; x_wconf 89' lang='lat' dir='ltr'><strong>modum</strong></span> <span class='ocrx_word' id='word_1_559' title='bbox 1754 3763 1825 3802; x_wconf 82' lang='lat' dir='ltr'><strong>exces-</strong></span> 
     </span>
     <span class='ocr_line' id='line_1_40' title="bbox 261 3836 1825 3913; baseline -0.001 -22"><span class='ocrx_word' id='word_1_560' title='bbox 261 3854 427 3909; x_wconf 87' lang='lat' dir='ltr'><strong>comparare</strong></span> <span class='ocrx_word' id='word_1_561' title='bbox 448 3836 600 3894; x_wconf 87' lang='lat' dir='ltr'><strong>studentes.</strong></span> <span class='ocrx_word' id='word_1_562' title='bbox 619 3839 713 3908; x_wconf 89' lang='lat' dir='ltr'><strong>Quum</strong></span> <span class='ocrx_word' id='word_1_563' title='bbox 726 3837 800 3891; x_wconf 89' lang='lat' dir='ltr'><strong>enim</strong></span> <span class='ocrx_word' id='word_1_564' title='bbox 819 3837 964 3892; x_wconf 89' lang='lat' dir='ltr'><strong>rationalis</strong></span> <span class='ocrx_word' id='word_1_565' title='bbox 978 3838 1038 3892; x_wconf 87' lang='lat' dir='ltr'><strong>ani—</strong></span> <span class='ocrx_word' id='word_1_566' title='bbox 1077 3836 1153 3903; x_wconf 90' lang='lat' dir='ltr'><strong>sisti,</strong></span> <span class='ocrx_word' id='word_1_567' title='bbox 1168 3836 1205 3890; x_wconf 93' lang='lat' dir='ltr'><strong>ad</strong></span> <span class='ocrx_word' id='word_1_568' title='bbox 1219 3837 1386 3913; x_wconf 86' lang='lat' dir='ltr'><strong>cupiditates</strong></span> <span class='ocrx_word' id='word_1_569' title='bbox 1399 3837 1519 3892; x_wconf 84' lang='lat' dir='ltr'><strong>infinitas</strong></span> <span class='ocrx_word' id='word_1_570' title='bbox 1538 3856 1706 3911; x_wconf 87' lang='lat' dir='ltr'><strong>progressus</strong></span> <span class='ocrx_word' id='word_1_571' title='bbox 1718 3855 1752 3892; x_wconf 81' lang='lat' dir='ltr'><strong>es.</strong></span> <span class='ocrx_word' id='word_1_572' title='bbox 1765 3837 1825 3903; x_wconf 69' lang='lat' dir='ltr'><strong>Qus&gt;-</strong></span> 
     </span>
     <span class='ocr_line' id='line_1_41' title="bbox 261 3922 1823 3997; baseline -0.004 -21"><span class='ocrx_word' id='word_1_573' title='bbox 261 3922 1037 3997; x_wconf 83' lang='lat' dir='ltr'><strong>muscorporipraesit,eactiamomniaquaeadcorpus</strong></span> <span class='ocrx_word' id='word_1_574' title='bbox 1079 3923 1154 3977; x_wconf 89' lang='lat' dir='ltr'><strong>circa</strong></span> <span class='ocrx_word' id='word_1_575' title='bbox 1178 3925 1238 3978; x_wconf 83' lang='lat' dir='ltr'><strong>vitae</strong></span> <span class='ocrx_word' id='word_1_576' title='bbox 1261 3943 1305 3980; x_wconf 87' lang='lat' dir='ltr'><strong>res</strong></span> <span class='ocrx_word' id='word_1_577' title='bbox 1329 3943 1426 3980; x_wconf 89' lang='lat' dir='ltr'><strong>omnes</strong></span> <span class='ocrx_word' id='word_1_578' title='bbox 1448 3926 1573 3980; x_wconf 83' lang='lat' dir='ltr'><strong>metiaris</strong></span> <span class='ocrx_word' id='word_1_579' title='bbox 1592 3923 1823 3982; x_wconf 82' lang='lat' dir='ltr'><strong>eamediocritate,</strong></span> 
     </span>
     <span class='ocr_line' id='line_1_42' title="bbox 261 4006 1824 4083; baseline 0.001 -21"><span class='ocrx_word' id='word_1_580' title='bbox 261 4011 420 4081; x_wconf 87' lang='lat' dir='ltr'><strong>pertinent,</strong></span> <span class='ocrx_word' id='word_1_581' title='bbox 444 4009 480 4062; x_wconf 88' lang='lat' dir='ltr'><strong>ad</strong></span> <span class='ocrx_word' id='word_1_582' title='bbox 501 4010 581 4064; x_wconf 88' lang='lat' dir='ltr'><strong>ducis</strong></span> <span class='ocrx_word' id='word_1_583' title='bbox 599 4011 713 4064; x_wconf 88' lang='lat' dir='ltr'><strong>rationis</strong></span> <span class='ocrx_word' id='word_1_584' title='bbox 729 4011 887 4083; x_wconf 88' lang='lat' dir='ltr'><strong>exemplum</strong></span> <span class='ocrx_word' id='word_1_585' title='bbox 904 4013 1038 4083; x_wconf 90' lang='lat' dir='ltr'><strong>componi</strong></span> <span class='ocrx_word' id='word_1_586' title='bbox 1080 4027 1142 4082; x_wconf 81' lang='lat' dir='ltr'><strong>quae</strong></span> <span class='ocrx_word' id='word_1_587' title='bbox 1157 4011 1225 4064; x_wconf 82' lang='lat' dir='ltr'><strong>vitia</strong></span> <span class='ocrx_word' id='word_1_588' title='bbox 1241 4008 1362 4066; x_wconf 88' lang='lat' dir='ltr'><strong>dectinet</strong></span> <span class='ocrx_word' id='word_1_589' title='bbox 1384 4012 1486 4070; x_wconf 87' lang='lat' dir='ltr'><strong>vicina.</strong></span> <span class='ocrx_word' id='word_1_590' title='bbox 1510 4012 1619 4066; x_wconf 81' lang='lat' dir='ltr'><strong>Mundo</strong></span> <span class='ocrx_word' id='word_1_591' title='bbox 1634 4027 1726 4076; x_wconf 64' lang='lat' dir='ltr'><strong>uero,</strong></span> <span class='ocrx_word' id='word_1_592' title='bbox 1741 4006 1824 4077; x_wconf 72' lang='lat' dir='ltr'><strong>inquit.</strong></span> 
     </span>
     <span class='ocr_line' id='line_1_43' title="bbox 262 4094 1823 4170; baseline 0 -24"><span class='ocrx_word' id='word_1_593' title='bbox 262 4102 392 4163; x_wconf 86' lang='lat' dir='ltr'><strong>oportet,</strong></span> <span class='ocrx_word' id='word_1_594' title='bbox 408 4110 469 4162; x_wconf 87' lang='lat' dir='ltr'><strong>quae</strong></span> <span class='ocrx_word' id='word_1_595' title='bbox 491 4111 583 4165; x_wconf 91' lang='lat' dir='ltr'><strong>neque</strong></span> <span class='ocrx_word' id='word_1_596' title='bbox 607 4095 704 4149; x_wconf 86' lang='lat' dir='ltr'><strong>luxum</strong></span> <span class='ocrx_word' id='word_1_597' title='bbox 724 4113 816 4168; x_wconf 91' lang='lat' dir='ltr'><strong>neque</strong></span> <span class='ocrx_word' id='word_1_598' title='bbox 838 4094 935 4152; x_wconf 85' lang='lat' dir='ltr'><strong>sordes</strong></span> <span class='ocrx_word' id='word_1_599' title='bbox 948 4095 1036 4166; x_wconf 82' lang='lat' dir='ltr'><strong>seret,</strong></span> <span class='ocrx_word' id='word_1_600' title='bbox 1080 4100 1155 4150; x_wconf 82' lang='lat' dir='ltr'><strong>victu</strong></span> <span class='ocrx_word' id='word_1_601' title='bbox 1169 4101 1209 4150; x_wconf 85' lang='lat' dir='ltr'><strong>uti</strong></span> <span class='ocrx_word' id='word_1_602' title='bbox 1222 4115 1361 4162; x_wconf 76' lang='lat' dir='ltr'><strong>assuesce3</strong></span> <span class='ocrx_word' id='word_1_603' title='bbox 1375 4096 1477 4152; x_wconf 88' lang='lat' dir='ltr'><strong>deinde</strong></span> <span class='ocrx_word' id='word_1_604' title='bbox 1490 4098 1700 4170; x_wconf 87' lang='lat' dir='ltr'><strong>prolapsionem</strong></span> <span class='ocrx_word' id='word_1_605' title='bbox 1712 4097 1738 4150; x_wconf 89' lang='lat' dir='ltr'><strong>in</strong></span> <span class='ocrx_word' id='word_1_606' title='bbox 1753 4097 1823 4146; x_wconf 82' lang='grc' dir='ltr'>ίιιτυυι</span> 
     </span>
     <span class='ocr_line' id='line_1_44' title="bbox 262 4176 1825 4254; baseline 0.001 -22"><span class='ocrx_word' id='word_1_607' title='bbox 262 4179 359 4232; x_wconf 87' lang='lat' dir='ltr'><strong>omnia</strong></span> <span class='ocrx_word' id='word_1_608' title='bbox 380 4176 509 4248; x_wconf 85' lang='lat' dir='ltr'><strong>judicans</strong></span> <span class='ocrx_word' id='word_1_609' title='bbox 535 4197 591 4234; x_wconf 81' lang='lat' dir='ltr'><strong>suae</strong></span> <span class='ocrx_word' id='word_1_610' title='bbox 614 4180 744 4254; x_wconf 82' lang='lat' dir='ltr'><strong>dignitati</strong></span> <span class='ocrx_word' id='word_1_611' title='bbox 769 4183 965 4236; x_wconf 86' lang='lat' dir='ltr'><strong>convenientia</strong></span> <span class='ocrx_word' id='word_1_612' title='bbox 982 4199 1038 4236; x_wconf 88' lang='lat' dir='ltr'><strong>esse</strong></span> <span class='ocrx_word' id='word_1_613' title='bbox 1081 4181 1306 4237; x_wconf 87' lang='lat' dir='ltr'><strong>animadvertens</strong></span> <span class='ocrx_word' id='word_1_614' title='bbox 1321 4183 1402 4236; x_wconf 91' lang='lat' dir='ltr'><strong>addit</strong></span> <span class='ocrx_word' id='word_1_615' title='bbox 1424 4201 1479 4238; x_wconf 83' lang='lat' dir='ltr'><strong>non</strong></span> <span class='ocrx_word' id='word_1_616' title='bbox 1499 4185 1620 4238; x_wconf 83' lang='lat' dir='ltr'><strong>delicato</strong></span> <span class='ocrx_word' id='word_1_617' title='bbox 1644 4202 1652 4237; x_wconf 78' lang='lat' dir='ltr'>z</span> <span class='ocrx_word' id='word_1_618' title='bbox 1680 4181 1769 4254; x_wconf 81' lang='lat' dir='ltr'><strong>quodsi</strong></span> <span class='ocrx_word' id='word_1_619' title='bbox 1786 4194 1825 4229; x_wconf 78' lang='lat' dir='ltr'><strong>non</strong></span> 
     </span>
     <span class='ocr_line' id='line_1_45' title="bbox 264 4260 1822 4342; baseline -0.001 -26"><span class='ocrx_word' id='word_1_620' title='bbox 264 4260 378 4319; x_wconf 86' lang='lat' dir='ltr'><strong>debere.</strong></span> <span class='ocrx_word' id='word_1_621' title='bbox 393 4261 442 4315; x_wconf 86' lang='lat' dir='ltr'><strong>llis</strong></span> <span class='ocrx_word' id='word_1_622' title='bbox 458 4263 554 4334; x_wconf 90' lang='lat' dir='ltr'><strong>igitur,</strong></span> <span class='ocrx_word' id='word_1_623' title='bbox 576 4283 612 4318; x_wconf 88' lang='lat' dir='ltr'><strong>ne</strong></span> <span class='ocrx_word' id='word_1_624' title='bbox 627 4267 655 4318; x_wconf 95' lang='lat' dir='ltr'><strong>in</strong></span> <span class='ocrx_word' id='word_1_625' title='bbox 671 4268 822 4321; x_wconf 85' lang='lat' dir='ltr'><strong>sumtuosis</strong></span> <span class='ocrx_word' id='word_1_626' title='bbox 843 4268 1039 4340; x_wconf 85' lang='lat' dir='ltr'><strong>comparandis</strong></span> <span class='ocrx_word' id='word_1_627' title='bbox 1080 4269 1200 4324; x_wconf 85' lang='lat' dir='ltr'><strong>delicato</strong></span> <span class='ocrx_word' id='word_1_628' title='bbox 1214 4270 1291 4342; x_wconf 91' lang='lat' dir='ltr'><strong>prius</strong></span> <span class='ocrx_word' id='word_1_629' title='bbox 1308 4269 1439 4338; x_wconf 81' lang='lat' dir='ltr'><strong>dixisset,</strong></span> <span class='ocrx_word' id='word_1_630' title='bbox 1450 4270 1660 4342; x_wconf 87' lang='lat' dir='ltr'><strong>prolapsionem</strong></span> <span class='ocrx_word' id='word_1_631' title='bbox 1686 4267 1743 4322; x_wconf 89' lang='lat' dir='ltr'><strong>inde</strong></span> <span class='ocrx_word' id='word_1_632' title='bbox 1763 4263 1822 4318; x_wconf 84' lang='lat' dir='ltr'><strong>etiam</strong></span> 
     </span>
     <span class='ocr_line' id='line_1_46' title="bbox 263 4346 1824 4428; baseline 0.003 -26"><span class='ocrx_word' id='word_1_633' title='bbox 263 4346 568 4421; x_wconf 88' lang='lat' dir='ltr'><strong>distrahatur,idqnod</strong></span> <span class='ocrx_word' id='word_1_634' title='bbox 576 4351 681 4406; x_wconf 81' lang='lat' dir='ltr'><strong>deliciis</strong></span> <span class='ocrx_word' id='word_1_635' title='bbox 689 4353 892 4408; x_wconf 82' lang='lat' dir='ltr'><strong>caretstudiose</strong></span> <span class='ocrx_word' id='word_1_636' title='bbox 900 4355 1037 4427; x_wconf 90' lang='lat' dir='ltr'><strong>sequitur,</strong></span> <span class='ocrx_word' id='word_1_637' title='bbox 1082 4357 1111 4410; x_wconf 89' lang='lat' dir='ltr'><strong>in</strong></span> <span class='ocrx_word' id='word_1_638' title='bbox 1125 4358 1218 4410; x_wconf 83' lang='lat' dir='ltr'><strong>sordes</strong></span> <span class='ocrx_word' id='word_1_639' title='bbox 1230 4356 1327 4411; x_wconf 87' lang='lat' dir='ltr'><strong>videns</strong></span> <span class='ocrx_word' id='word_1_640' title='bbox 1340 4356 1492 4412; x_wconf 84' lang='lat' dir='ltr'><strong>addidisset</strong></span> <span class='ocrx_word' id='word_1_641' title='bbox 1502 4356 1616 4422; x_wconf 82' lang='lat' dir='ltr'><strong>mundo,</strong></span> <span class='ocrx_word' id='word_1_642' title='bbox 1629 4355 1730 4428; x_wconf 88' lang='lat' dir='ltr'><strong>alapsu</strong></span> <span class='ocrx_word' id='word_1_643' title='bbox 1742 4363 1824 4418; x_wconf 79' lang='lat' dir='ltr'><strong>serpet</strong></span> 
     </span>
     <span class='ocr_line' id='line_1_47' title="bbox 263 4433 1823 4515; baseline 0.004 -27"><span class='ocrx_word' id='word_1_644' title='bbox 263 4452 299 4488; x_wconf 88' lang='lat' dir='ltr'><strong>ne</strong></span> <span class='ocrx_word' id='word_1_645' title='bbox 311 4451 379 4488; x_wconf 80' lang='lat' dir='ltr'><strong>vero</strong></span> <span class='ocrx_word' id='word_1_646' title='bbox 392 4435 420 4487; x_wconf 92' lang='lat' dir='ltr'><strong>in</strong></span> <span class='ocrx_word' id='word_1_647' title='bbox 441 4433 570 4489; x_wconf 89' lang='lat' dir='ltr'><strong>sordibus</strong></span> <span class='ocrx_word' id='word_1_648' title='bbox 584 4447 668 4509; x_wconf 90' lang='lat' dir='ltr'><strong>atque</strong></span> <span class='ocrx_word' id='word_1_649' title='bbox 681 4439 711 4491; x_wconf 93' lang='lat' dir='ltr'><strong>in</strong></span> <span class='ocrx_word' id='word_1_650' title='bbox 725 4457 814 4494; x_wconf 84' lang='lat' dir='ltr'><strong>crassa</strong></span> <span class='ocrx_word' id='word_1_651' title='bbox 827 4458 922 4494; x_wconf 87' lang='lat' dir='ltr'><strong>rerum</strong></span> <span class='ocrx_word' id='word_1_652' title='bbox 944 4439 1038 4496; x_wconf 85' lang='lat' dir='ltr'><strong>delor·</strong></span> <span class='ocrx_word' id='word_1_653' title='bbox 1081 4461 1177 4499; x_wconf 88' lang='lat' dir='ltr'><strong>arcens</strong></span> <span class='ocrx_word' id='word_1_654' title='bbox 1190 4443 1308 4498; x_wconf 88' lang='lat' dir='ltr'><strong>alterum</strong></span> <span class='ocrx_word' id='word_1_655' title='bbox 1322 4444 1401 4498; x_wconf 87' lang='lat' dir='ltr'><strong>alteri</strong></span> <span class='ocrx_word' id='word_1_656' title='bbox 1414 4443 1604 4515; x_wconf 88' lang='lat' dir='ltr'><strong>opponendo,</strong></span> <span class='ocrx_word' id='word_1_657' title='bbox 1619 4451 1652 4495; x_wconf 90' lang='lat' dir='ltr'><strong>ut</strong></span> <span class='ocrx_word' id='word_1_658' title='bbox 1669 4460 1705 4496; x_wconf 84' lang='lat' dir='ltr'><strong>ex</strong></span> <span class='ocrx_word' id='word_1_659' title='bbox 1717 4435 1823 4494; x_wconf 53' lang='lat' dir='ltr'><strong>embol&amp;</strong></span> 
     </span>
     <span class='ocr_line' id='line_1_48' title="bbox 263 4520 1823 4600; baseline 0.003 -26"><span class='ocrx_word' id='word_1_660' title='bbox 263 4521 360 4574; x_wconf 83' lang='lat' dir='ltr'><strong>mitate</strong></span> <span class='ocrx_word' id='word_1_661' title='bbox 372 4521 464 4588; x_wconf 86' lang='lat' dir='ltr'><strong>vivat,</strong></span> <span class='ocrx_word' id='word_1_662' title='bbox 479 4522 645 4577; x_wconf 91' lang='lat' dir='ltr'><strong>munditiam</strong></span> <span class='ocrx_word' id='word_1_663' title='bbox 658 4525 735 4598; x_wconf 82' lang='lat' dir='ltr'><strong>eligit</strong></span> <span class='ocrx_word' id='word_1_664' title='bbox 750 4545 757 4579; x_wconf 92' lang='lat'><strong>:</strong></span> <span class='ocrx_word' id='word_1_665' title='bbox 771 4525 852 4581; x_wconf 86' lang='lat' dir='ltr'><strong>verbi</strong></span> <span class='ocrx_word' id='word_1_666' title='bbox 866 4527 971 4600; x_wconf 85' lang='lat' dir='ltr'><strong>gratia,</strong></span> <span class='ocrx_word' id='word_1_667' title='bbox 988 4545 1038 4583; x_wconf 90' lang='lat' dir='ltr'><strong>ve·</strong></span> <span class='ocrx_word' id='word_1_668' title='bbox 1081 4527 1171 4582; x_wconf 83' lang='lat' dir='ltr'><strong>victus</strong></span> <span class='ocrx_word' id='word_1_669' title='bbox 1196 4529 1284 4583; x_wconf 89' lang='lat' dir='ltr'><strong>virilis</strong></span> <span class='ocrx_word' id='word_1_670' title='bbox 1306 4538 1468 4600; x_wconf 85' lang='lat' dir='ltr'><strong>naturaeque</strong></span> <span class='ocrx_word' id='word_1_671' title='bbox 1491 4528 1656 4600; x_wconf 81' lang='lat' dir='ltr'><strong>intelligenti</strong></span> <span class='ocrx_word' id='word_1_672' title='bbox 1690 4520 1823 4580; x_wconf 69' lang='lat' dir='ltr'><strong>corruettittt⁵</strong></span> 
     </span>
     <span class='ocr_line' id='line_1_49' title="bbox 263 4605 1822 4682; baseline 0.004 -24"><span class='ocrx_word' id='word_1_673' title='bbox 263 4605 1037 4682; x_wconf 77' lang='lat' dir='ltr'><strong>stemnonbyssinarn,mundamvero,rasanouaurea,</strong></span> <span class='ocrx_word' id='word_1_674' title='bbox 1082 4625 1199 4671; x_wconf 89' lang='lat' dir='ltr'><strong>constet.</strong></span> <span class='ocrx_word' id='word_1_675' title='bbox 1225 4613 1268 4672; x_wconf 89' lang='lat' dir='ltr'><strong>Ita</strong></span> <span class='ocrx_word' id='word_1_676' title='bbox 1290 4633 1358 4670; x_wconf 85' lang='lat' dir='ltr'><strong>vero</strong></span> <span class='ocrx_word' id='word_1_677' title='bbox 1380 4617 1466 4670; x_wconf 86' lang='lat' dir='ltr'><strong>vitam</strong></span> <span class='ocrx_word' id='word_1_678' title='bbox 1489 4624 1614 4670; x_wconf 86' lang='lat' dir='ltr'><strong>nostram</strong></span> <span class='ocrx_word' id='word_1_679' title='bbox 1639 4613 1822 4669; x_wconf 76' lang='lat' dir='ltr'><strong>instituentestt</strong></span> 
     </span>
     <span class='ocr_line' id='line_1_50' title="bbox 264 4693 1819 4776; baseline 0.004 -32"><span class='ocrx_word' id='word_1_680' title='bbox 264 4709 323 4745; x_wconf 90' lang='lat' dir='ltr'><strong>non</strong></span> <span class='ocrx_word' id='word_1_681' title='bbox 345 4703 490 4766; x_wconf 88' lang='lat' dir='ltr'><strong>argentea,</strong></span> <span class='ocrx_word' id='word_1_682' title='bbox 509 4693 557 4748; x_wconf 89' lang='lat' dir='ltr'><strong>scd</strong></span> <span class='ocrx_word' id='word_1_683' title='bbox 582 4713 616 4750; x_wconf 87' lang='lat' dir='ltr'><strong>ex</strong></span> <span class='ocrx_word' id='word_1_684' title='bbox 638 4697 758 4769; x_wconf 85' lang='lat' dir='ltr'><strong>parabili</strong></span> <span class='ocrx_word' id='word_1_685' title='bbox 777 4699 894 4753; x_wconf 87' lang='lat' dir='ltr'><strong>materia</strong></span> <span class='ocrx_word' id='word_1_686' title='bbox 914 4701 1036 4769; x_wconf 74' lang='lat' dir='ltr'><strong>mitade,</strong></span> <span class='ocrx_word' id='word_1_687' title='bbox 1082 4701 1160 4755; x_wconf 87' lang='lat' dir='ltr'><strong>aliud</strong></span> <span class='ocrx_word' id='word_1_688' title='bbox 1174 4701 1317 4774; x_wconf 85' lang='lat' dir='ltr'><strong>quoddam</strong></span> <span class='ocrx_word' id='word_1_689' title='bbox 1333 4705 1430 4776; x_wconf 88' lang='lat' dir='ltr'><strong>ingens</strong></span> <span class='ocrx_word' id='word_1_690' title='bbox 1453 4703 1562 4757; x_wconf 90' lang='lat' dir='ltr'><strong>bonum</strong></span> <span class='ocrx_word' id='word_1_691' title='bbox 1577 4701 1768 4758; x_wconf 83' lang='lat' dir='ltr'><strong>nanciscemur.</strong></span> <span class='ocrx_word' id='word_1_692' title='bbox 1788 4695 1819 4746; x_wconf 80' lang='lat' dir='ltr'><strong>ln·</strong></span> 
     </span>
     <span class='ocr_line' id='line_1_51' title="bbox 265 4777 1822 4862; baseline 0.001 -30"><span class='ocrx_word' id='word_1_693' title='bbox 265 4777 383 4832; x_wconf 88' lang='lat' dir='ltr'><strong>domum</strong></span> <span class='ocrx_word' id='word_1_694' title='bbox 396 4799 455 4834; x_wconf 90' lang='lat' dir='ltr'><strong>non</strong></span> <span class='ocrx_word' id='word_1_695' title='bbox 466 4781 607 4856; x_wconf 90' lang='lat' dir='ltr'><strong>lapidibus</strong></span> <span class='ocrx_word' id='word_1_696' title='bbox 619 4785 748 4858; x_wconf 88' lang='lat' dir='ltr'><strong>pretiosis</strong></span> <span class='ocrx_word' id='word_1_697' title='bbox 758 4785 936 4855; x_wconf 91' lang='lat' dir='ltr'><strong>decoratam,</strong></span> <span class='ocrx_word' id='word_1_698' title='bbox 947 4804 1040 4858; x_wconf 89' lang='lat' dir='ltr'><strong>neque</strong></span> <span class='ocrx_word' id='word_1_699' title='bbox 1082 4789 1187 4844; x_wconf 73' lang='lat' dir='ltr'><strong>sidiam</strong></span> <span class='ocrx_word' id='word_1_700' title='bbox 1200 4791 1292 4858; x_wconf 90' lang='lat' dir='ltr'><strong>enim,</strong></span> <span class='ocrx_word' id='word_1_701' title='bbox 1307 4809 1369 4862; x_wconf 86' lang='lat' dir='ltr'><strong>quae</strong></span> <span class='ocrx_word' id='word_1_702' title='bbox 1383 4789 1478 4846; x_wconf 86' lang='lat' dir='ltr'><strong>nimiis</strong></span> <span class='ocrx_word' id='word_1_703' title='bbox 1490 4790 1576 4846; x_wconf 85' lang='lat' dir='ltr'><strong>rebus</strong></span> <span class='ocrx_word' id='word_1_704' title='bbox 1591 4790 1760 4855; x_wconf 82' lang='lat' dir='ltr'><strong>adhaerescit,</strong></span> <span class='ocrx_word' id='word_1_705' title='bbox 1772 4782 1822 4836; x_wconf 74' lang='lat' dir='ltr'><strong>vir·</strong></span> 
     </span>
     <span class='ocr_line' id='line_1_52' title="bbox 266 4867 1818 4949; baseline -0.001 -29"><span class='ocrx_word' id='word_1_706' title='bbox 266 4868 374 4940; x_wconf 81' lang='lat' dir='ltr'><strong>egregie</strong></span> <span class='ocrx_word' id='word_1_707' title='bbox 388 4867 605 4940; x_wconf 89' lang='lat' dir='ltr'><strong>pulchritudinis</strong></span> <span class='ocrx_word' id='word_1_708' title='bbox 616 4880 644 4926; x_wconf 90' lang='lat' dir='ltr'><strong>et</strong></span> <span class='ocrx_word' id='word_1_709' title='bbox 655 4872 847 4946; x_wconf 88' lang='lat' dir='ltr'><strong>amplitudinis</strong></span> <span class='ocrx_word' id='word_1_710' title='bbox 864 4873 952 4945; x_wconf 86' lang='lat' dir='ltr'><strong>gratia</strong></span> <span class='ocrx_word' id='word_1_711' title='bbox 966 4884 1041 4928; x_wconf 84' lang='lat' dir='ltr'><strong>stru·</strong></span> <span class='ocrx_word' id='word_1_712' title='bbox 1083 4874 1192 4944; x_wconf 85' lang='lat' dir='ltr'><strong>bimus,</strong></span> <span class='ocrx_word' id='word_1_713' title='bbox 1207 4875 1386 4949; x_wconf 82' lang='lat' dir='ltr'><strong>providenda</strong></span> <span class='ocrx_word' id='word_1_714' title='bbox 1400 4895 1436 4931; x_wconf 84' lang='lat' dir='ltr'><strong>ne</strong></span> <span class='ocrx_word' id='word_1_715' title='bbox 1449 4877 1519 4949; x_wconf 84' lang='lat' dir='ltr'><strong>quid</strong></span> <span class='ocrx_word' id='word_1_716' title='bbox 1536 4881 1619 4932; x_wconf 61' lang='lat' dir='ltr'><strong>neniis</strong></span> <span class='ocrx_word' id='word_1_717' title='bbox 1632 4879 1669 4932; x_wconf 68' lang='lat' dir='ltr'><strong>sit</strong></span> <span class='ocrx_word' id='word_1_718' title='bbox 1682 4877 1769 4931; x_wconf 70' lang='lat' dir='ltr'><strong>civium</strong></span> <span class='ocrx_word' id='word_1_719' title='bbox 1783 4885 1818 4921; x_wconf 88' lang='lat' dir='ltr'><strong>m·</strong></span> 
     </span>
     <span class='ocr_line' id='line_1_53' title="bbox 266 4951 1820 5034; baseline -0.003 -23"><span class='ocrx_word' id='word_1_720' title='bbox 266 4962 356 5021; x_wconf 76' lang='lat' dir='ltr'><strong>ctam,</strong></span> <span class='ocrx_word' id='word_1_721' title='bbox 370 4953 419 5008; x_wconf 76' lang='lat' dir='ltr'><strong>sed</strong></span> <span class='ocrx_word' id='word_1_722' title='bbox 429 4957 560 5031; x_wconf 79' lang='lat' dir='ltr'><strong>corporis</strong></span> <span class='ocrx_word' id='word_1_723' title='bbox 569 4959 630 5012; x_wconf 87' lang='lat' dir='ltr'><strong>usui</strong></span> <span class='ocrx_word' id='word_1_724' title='bbox 640 4969 732 5033; x_wconf 87' lang='lat' dir='ltr'><strong>aptam</strong></span> <span class='ocrx_word' id='word_1_725' title='bbox 744 4971 772 5014; x_wconf 88' lang='lat' dir='ltr'><strong>et</strong></span> <span class='ocrx_word' id='word_1_726' title='bbox 784 4959 917 5015; x_wconf 90' lang='lat' dir='ltr'><strong>mundam</strong></span> <span class='ocrx_word' id='word_1_727' title='bbox 932 4976 940 5016; x_wconf 77' lang='grc' dir='ltr'><strong>ε</strong></span> <span class='ocrx_word' id='word_1_728' title='bbox 956 4971 1040 5034; x_wconf 89' lang='lat' dir='ltr'><strong>atque</strong></span> <span class='ocrx_word' id='word_1_729' title='bbox 1082 4972 1205 5020; x_wconf 72' lang='lat' dir='ltr'><strong>atrorum</strong></span> <span class='ocrx_word' id='word_1_730' title='bbox 1219 4965 1250 5020; x_wconf 92' lang='lat' dir='ltr'><strong>in</strong></span> <span class='ocrx_word' id='word_1_731' title='bbox 1267 4982 1321 5020; x_wconf 90' lang='lat' dir='ltr'><strong>nos</strong></span> <span class='ocrx_word' id='word_1_732' title='bbox 1336 4963 1402 5020; x_wconf 87' lang='lat' dir='ltr'><strong>odia</strong></span> <span class='ocrx_word' id='word_1_733' title='bbox 1424 4981 1483 5018; x_wconf 89' lang='lat' dir='ltr'><strong>non</strong></span> <span class='ocrx_word' id='word_1_734' title='bbox 1497 4964 1536 5018; x_wconf 89' lang='lat' dir='ltr'><strong>ita</strong></span> <span class='ocrx_word' id='word_1_735' title='bbox 1550 4964 1713 5030; x_wconf 70' lang='lat' dir='ltr'><strong>exciuntes,</strong></span> <span class='ocrx_word' id='word_1_736' title='bbox 1727 4951 1820 5013; x_wconf 78' lang='lat' dir='ltr'><strong>utnebis</strong></span> 
     </span>
     <span class='ocr_line' id='line_1_54' title="bbox 268 5041 1817 5127; baseline 0.006 -31"><span class='ocrx_word' id='word_1_737' title='bbox 268 5041 384 5096; x_wconf 85' lang='lat' dir='ltr'><strong>omnino</strong></span> <span class='ocrx_word' id='word_1_738' title='bbox 398 5043 428 5097; x_wconf 88' lang='lat' dir='ltr'><strong>in</strong></span> <span class='ocrx_word' id='word_1_739' title='bbox 444 5053 503 5100; x_wconf 90' lang='lat' dir='ltr'><strong>toto</strong></span> <span class='ocrx_word' id='word_1_740' title='bbox 517 5047 594 5102; x_wconf 81' lang='lat' dir='ltr'><strong>victu</strong></span> <span class='ocrx_word' id='word_1_741' title='bbox 611 5047 762 5104; x_wconf 81' lang='lat' dir='ltr'><strong>delicatum</strong></span> <span class='ocrx_word' id='word_1_742' title='bbox 777 5047 865 5118; x_wconf 90' lang='lat' dir='ltr'><strong>illud,</strong></span> <span class='ocrx_word' id='word_1_743' title='bbox 879 5057 912 5102; x_wconf 91' lang='lat' dir='ltr'><strong>ut</strong></span> <span class='ocrx_word' id='word_1_744' title='bbox 924 5047 1039 5122; x_wconf 89' lang='lat' dir='ltr'><strong>inutile,</strong></span> <span class='ocrx_word' id='word_1_745' title='bbox 1083 5051 1171 5108; x_wconf 86' lang='lat' dir='ltr'><strong>modo</strong></span> <span class='ocrx_word' id='word_1_746' title='bbox 1196 5052 1362 5127; x_wconf 82' lang='lat' dir='ltr'><strong>irascantur,</strong></span> <span class='ocrx_word' id='word_1_747' title='bbox 1390 5063 1523 5126; x_wconf 84' lang='lat' dir='ltr'><strong>tanquan</strong></span> <span class='ocrx_word' id='word_1_748' title='bbox 1550 5053 1618 5108; x_wconf 64' lang='lat' dir='ltr'><strong>aaa</strong></span> <span class='ocrx_word' id='word_1_749' title='bbox 1642 5043 1817 5122; x_wconf 61' lang='lat' dir='ltr'><strong>diffluentibus,</strong></span> 
     </span>
    </p>
   </div>
   <div class='ocr_carea' id='block_1_5' title="bbox 0 0 1897 5908">
    <p class='ocr_par' dir='ltr' id='par_1_11' title="bbox 0 0 1897 5908">
     <span class='ocr_line' id='line_1_55' title="bbox 0 0 1897 5908; baseline 0 0"><span class='ocrx_word' id='word_1_750' title='bbox 0 0 1897 5908; x_wconf 95' lang='lat' dir='ltr'><strong> </strong></span> 
     </span>
    </p>
   </div>
  </div>
 </body>
</html>
