3838 5926
272 345 326 402 Ιθθ

365 467 409 529 καλ
424 466 536 536 κύλικες·
550 466 674 536 πλεκτοθς
684 469 707 528 δ’
716 468 861 548 ἀμφιτιθελς
872 471 1024 554 στεφάνους,

324 555 401 622 ἀλλος
413 557 435 614 δ’
448 555 540 622 εὐῶδες
554 555 633 636 μύρον
647 557 673 614 έν
685 557 765 637 φιάλῃ
780 560 942 638 παρατείνει·

362 642 462 723 κρητὴρ
476 644 498 701 δ’
514 643 622 714 ἕστηκεν
637 643 729 717 μεστὸς
745 645 916 724 ἐϋφροσύνης·

322 722 388 798 οἶνος
403 730 426 789 δ’
440 729 508 788 ἀστίν
524 733 625 806 έτοῖμος
636 729 663 798 ὃς
674 729 767 790 ούποτέ
783 753 847 811 φησι
860 731 1021 812 προδώσειν,

362 819 494 897 μείλιχος,
506 819 532 875 έν
545 818 681 896 κεράμοις,
691 818 779 886 ἄνθεος
788 819 907 896 ὀζόμενος

321 907 347 964 ίν
362 905 390 962 δέ
401 905 488 979 μέσοις
502 903 583 980 ἁγνὴν
593 906 676 980 ὀδμήν
691 904 834 973 λιόανωτδς
847 904 916 978 ίησι·

359 991 458 1071 ψυχρὸν
472 991 496 1048 δ’
515 989 583 1050 ίστιν
597 988 667 1068 ὕδωρ
678 991 723 1050 καὶ
737 991 818 1069 γλυκύ
829 993 875 1051 καλ
888 993 1016 1071 καθαρόν·

319 1079 472 1158 πάρκεινται
486 1078 509 1134 δ’
521 1077 594 1156 άρτοι
606 1076 691 1146 ξανθολ
701 1078 800 1157 γεραρή
812 1103 840 1138 τε
853 1081 968 1159 τράπεζα

359 1171 438 1245 τυροῦ
451 1164 496 1223 καὶ
506 1166 610 1241 μέλιτος
621 1163 706 1232 πίονος
721 1166 868 1243 ἀχθομένη·

320 1240 410 1333 βωμὸς
421 1251 443 1310 δ’
454 1251 555 1310 ἄνθεσιν
568 1251 631 1310 αὐτὸ
647 1251 725 1327 μέσον
740 1254 826 1332 πάντη
848 1254 1031 1325 πεπύκασται,

359 1337 447 1416 μολπὴ
461 1336 484 1396 δ’
499 1337 579 1417 ἀμφὶς
593 1335 649 1415 ἔχει
661 1338 773 1413 δώματα·
781 1341 825 1398 καὶ
840 1341 930 1413 θαλίη.

318 1425 378 1504 Χρὴ
389 1425 416 1484 δέ
430 1428 533 1504 πρῶτον
547 1424 595 1502 μὲν
608 1424 665 1483 θεὸν
679 1429 768 1500 ὑμνεῖν
783 1423 907 1506 εύφρονας
921 1427 1015 1508 ἀνδρας

357 1511 480 1590 εὐφήμοις
493 1510 581 1587 μύθοις
592 1509 638 1568 καλ
651 1512 786 1590 καθαροῖσι
796 1513 881 1589 λύγοις

317 1599 475 1664 σπείσαντάς
488 1621 516 1657 τε
529 1597 574 1656 καί
582 1597 737 1675 εὐξαμένους
748 1597 781 1656 τά
793 1598 880 1656 δίκαια
896 1598 1021 1659 δύνασθαι

306 1729 309 1739 ,
356 1685 497 1764 πρήσσειν·
510 1689 594 1743 ταῦτα
608 1683 658 1763 γάρ
673 1674 709 1742 ὦν
722 1687 776 1742 tort
794 1684 912 1762 πρότιμ’,
928 1684 1025 1764 ἕταροι,

315 1772 365 1850 uix
377 1769 477 1848 ύόρεις·
488 1769 569 1827 πίνειν
583 1770 605 1827 δ’
617 1771 711 1828 ὁπόσον
726 1793 769 1826 κεν
783 1769 850 1848 έχων
866 1770 967 1851 ἀφίκοιο

355 1857 438 1916 οἴκαδ’
452 1858 512 1916 ἀνευ
526 1857 676 1936 προπόλου,
688 1856 725 1933 μή
740 1855 807 1916 πάνυ
821 1859 956 1938 γηραλέος.

317 1943 429 2024 ’ἀνδρῶν
440 1945 463 2002 δ’
476 1945 555 2002 αἰνεῖν
565 1947 653 2002 τοῦτον
668 1943 694 2009 ὃς
706 1943 784 2002 tatii
793 1944 859 2002 πιὼν
874 1943 1010 2025 ἀναφαίνει

352 2031 388 2099 ὥς
400 2034 423 2090 οἱ
439 2029 590 2107 μνημοσύνη
605 2029 650 2088 καλ
664 2029 737 2105 μένος
748 2031 813 2108 ἀμφ’
828 2033 930 2109 άρετῆς.

314 2119 385 2180 Οὔτε
401 2119 490 2198 μάχας
502 2119 598 2178 διέπειν
613 2117 732 2188 Τιτήνων
746 2119 804 2178 οὐδὲ
820 2118 948 2194 γιγάντων

352 2210 410 2268 otti
425 2207 459 2265 td
472 2205 640 2286 Κενταύρων,
653 2208 799 2279 πλάσματα
810 2209 861 2264 τῶν
872 2204 1016 2284 προτέρων,

312 2295 330 2367 ἢ
346 2296 469 2370 στάσιας,
481 2295 603 2374 φλεδόνας
619 2301 675 2359 ταῖς
688 2293 759 2351 attin
770 2293 883 2371 χρηστὸν
901 2293 998 2352 ένεστι·

352 2385 415 2441 θεῶν
428 2381 455 2440 δέ
466 2381 627 2460 προμηθείην
639 2380 693 2440 αἰὲν
703 2379 772 2459 ἔχειν
789 2383 897 2456 ἀγαθήν.

224 2471 225 2474 '
260 2487 296 2529 aa·
319 2468 431 2546 Πέμψας
440 2463 491 2546 γάρ
505 2468 592 2537 κωλῆν
607 2465 709 2545 ἐρίφου,
722 2467 811 2532 σκέλος
826 2466 893 2544 ἥροιο
909 2475 967 2524 πῖον

350 2557 446 2632 ταύρου
457 2556 561 2631 λαρινοῦ
576 2553 661 2629 τίμιον
671 2554 745 2630 άνδρλ
759 2555 866 2632 λαχεῖν,

310 2646 356 2702 τοῦ
368 2642 441 2708 κλέος
454 2639 570 2700 Ἑλλάδα
583 2650 671 2698 πᾶσαν
687 2641 804 2720 ἀφίξεται
816 2643 867 2699 οὐδ’
882 2639 1006 2712 ἀπολήξει

350 2729 374 2796 ές
385 2729 408 2787 τ’
422 2727 454 2786 ἀν
472 2729 582 2788 ἀοιδάων
596 2721 613 2806 ᾖ
626 2727 698 2805 γένος
707 2727 870 2788 Ἑλλαδικόν.

259 2839 294 2878 aa·
316 2816 387 2877 Ούδέ
400 2841 443 2875 κεν
456 2818 482 2874 έν
501 2817 587 2874 κύλικι
599 2815 724 2894 πρότερον
735 2817 854 2894 κεράσειέ
868 2840 905 2882 τις
919 2806 985 2874 siros

350 2901 453 2982 έγχέας,
465 2905 523 2960 ἀλλ’
535 2901 613 2980 ύδωρ,
624 2901 668 2959 καλ
681 2903 823 2983 καθύπερθε
840 2901 914 2979 μέθυ.

259 3009 294 3048 κε.
315 2988 386 3060 Ἤδη
403 2988 425 3047 δ’
440 2990 508 3048 έπτά
520 2989 542 3046 τ’
554 2987 612 3046 ἔασι
628 2987 672 3046 καὶ
689 2987 805 3057 ἑξήκοντ’
814 2989 926 3048 ἐνιαυτοὶ

350 3077 547 3157 βληστρίζοντες
560 3076 625 3154 ἐμήν
636 3077 749 3155 φροντίδ’
760 3081 801 3135 ἀν’
816 3075 935 3137 Ἐλλάδα
948 3080 1011 3155 γῆν·

309 3169 339 3224 έκ
349 3169 454 3243 γενετῆς
464 3163 490 3222 δέ
501 3164 554 3222 τότ’
562 3157 728 3235 ήσανέείκοσι
737 3164 815 3223 πέντε
825 3188 853 3222 τε
862 3164 926 3242 πρὸς
935 3175 998 3234 τοῖς,

348 3252 420 3330 είπερ
434 3251 485 3329 ἐγὼ
498 3252 557 3329 περί
574 3251 649 3309 τῶνδ’
664 3242 721 3311 οἶδα
732 3251 816 3326 λέγειν
831 3250 941 3327 έτύμως.

257 3359 293 3400 σε.
313 3341 372 3400 Ούκ
382 3339 427 3409 ίση
440 3338 582 3418 πρόκλησις
595 3335 677 3409 αθτη,
691 3337 782 3397 ἀσεόεῖ
791 3337 854 3416 πρὸς
868 3337 973 3407 eiorih.

247 3567 340 3645 μένος,
354 3589 417 3643 φατε
434 3579 558 3626 extrema
577 3568 665 3623 verba
680 3567 753 3622 idem
768 3564 868 3622 sonarit
885 3566 964 3639 quod
985 3565 1021 3628 ὥς

247 3656 318 3732 αύτῷ
325 3655 416 3731 μνήμη
422 3653 466 3710 καὶ
477 3651 546 3732 ὁρμή
555 3655 600 3709 vel
609 3654 643 3718 ὡς
654 3651 710 3728 ἔχει
721 3649 860 3727 μνήμηςτε
870 3649 915 3708 καὶ
926 3652 1019 3726 ὁρμῆς.

246 3747 364 3799 Versum
378 3743 541 3796 vicesimum
551 3740 706 3796 seeundum
723 3742 847 3812 itemque
859 3749 1020 3810 sequentem

245 3827 386 3885 edidimus
401 3827 527 3900 probatis
537 3845 572 3881 ex
583 3837 662 3899 parte
675 3826 797 3900 Bergkii,
811 3825 1021 3899 Schweighaeu-

245 3917 301 3971 seri
311 3925 340 3970 et
348 3914 480 3987 scaligeri
490 3913 747 3970 emendationibus.
759 3914 830 3968 Nam
838 3915 868 3968 in
878 3913 1019 3969 Casaubo·

245 4003 329 4058 triana
346 3999 473 4056 editione
485 3999 525 4052 sio
538 3998 703 4072 legebatur:

285 4125 356 4186 Ούδέ
366 4149 393 4184 τε
409 4125 563 4206 Κενταύρων
578 4123 595 4195 ἢ
610 4125 719 4190 στάσιας
730 4123 863 4204 προτέρων

283 4215 341 4245 '‘¹'‘
357 4214 493 4293 φενδόνας,
504 4216 558 4278 τοῖς
571 4212 645 4269 οὐδέν
659 4213 774 4292 χρηστὸν
785 4211 877 4270 ἔνεστι.

283 4363 332 4405 πο.
347 4348 407 4401 Hos
422 4355 556 4417 quattuor
567 4361 663 4400 versus
677 4347 797 4400 servarit
811 4345 957 4399 Athenaeus
969 4347 1013 4402 tx

999 2995 1005 3006 “
1069 2998 1107 3045 tl.
1128 2997 1223 3057 Septem
1234 2995 1283 3054 jam
1300 2999 1323 3042 et
1337 2993 1460 3054 sexaginte
1470 2995 1526 3043 sunt
1541 2994 1596 3042 anul

846 355 848 362 ’
937 341 1184 407 xuttot’fltttts

1175 475 1350 540 (mnriramm)
1362 479 1386 528 et
1395 479 1479 531 taliaes
1490 495 1497 530 ε
1510 479 1617 544 plectiles
1628 483 1732 549 imponit
1742 499 1844 540 ooronas

1142 562 1212 626 alim,
1229 565 1289 615 alius
1303 565 1428 616 odoratum
1440 575 1589 629 unguentum
1599 573 1623 621 ln
1635 573 1714 636 phiala
1726 577 1858 640 ministram

1173 654 1250 702 mater
1262 653 1340 703 adstat
1350 655 1429 716 gaudii
1439 660 1464 705 et
1475 656 1612 708 deliniamm
1629 661 1715 723 plenus
1723 678 1731 724 ς
1786 664 1858 728 [ficiet

1090 755 1092 762 ·
1142 738 1225 788 uuum
1242 745 1329 802 prosto
1346 743 1394 803 est,
1407 743 1472 803 quud
1486 745 1599 796 oonriras
1614 748 1676 797 haud
1690 751 1799 812 prolecto
1814 754 1856 800 de·

1172 826 1253 884 dulae.
1265 829 1290 878 ln
1296 828 1366 878 doliis
1375 835 1500 893 paratum,
1511 845 1610 883 suarem
1617 836 1855 896 spiritumeshalans

1142 914 1279 978 tladiosque
1288 915 1351 966 inter
1361 917 1474 966 oonriras
1487 924 1579 968 eastum
1589 921 1688 972 odorem
1703 923 1776 972 thura
1787 929 1857 976 emit·

1171 1001 1254 1062 frigida
1262 1015 1359 1066 quoque
1370 1004 1439 1055 adest
1450 1018 1513 1068 aqua
1523 1008 1549 1055 et
1559 1007 1637 1058 dulois
1647 1011 1672 1059 et
1684 1023 1760 1074 pura;
1777 1011 1856 1075 [tunt;

1140 1089 1241 1151 appositi
1258 1093 1314 1140 sunl
1327 1103 1402 1152 panes
1412 1091 1469 1140 llari
1481 1105 1610 1156 mensaque
1623 1095 1689 1145 lauta

1170 1176 1251 1238 pingui
1261 1189 1330 1226 osseo
1341 1181 1367 1227 et
1382 1179 1452 1228 melle
1462 1182 1556 1230 onusta.

1139 1264 1268 1324 sufflatus
1284 1263 1309 1314 in
1328 1263 1407 1314 medio
1425 1268 1461 1314 est
1477 1266 1576 1316 tlorihus
1591 1268 1681 1318 circum
1697 1270 1820 1332 stipatus,

1149 1351 1154 1358 '
1168 1354 1239 1401 cantu
1251 1355 1332 1402 autern
1350 1358 1462 1404 resonant
1475 1357 1539 1404 eudes
1549 1362 1574 1406 et
1586 1359 1690 1407 oonririi
1704 1359 1799 1411 taetitia.

1137 1441 1191 1488 lam
1201 1439 1304 1501 primunt
1316 1439 1384 1490 deoot
1396 1441 1484 1502 probos
1497 1442 1561 1492 rlros
1570 1444 1641 1493 deum
1652 1447 1761 1496 tenuari

1169 1527 1252 1576 larrslis
1267 1527 1345 1577 terhis
1362 1529 1483 1590 castisque
1496 1530 1594 1579 rombus

1138 1613 1238 1663 libentes
1249 1616 1274 1664 et
1286 1617 1408 1674 precantes
1424 1617 1451 1666 ut
1466 1629 1520 1678 quae
1530 1617 1595 1678 justa
1606 1618 1654 1668 sint
1666 1619 1738 1669 liceat

1168 1703 1268 1750 Facere:
1279 1700 1332 1750 hmo
1343 1701 1407 1751 enim
1417 1702 1486 1763 longa
1497 1705 1644 1766 preferenda
1657 1711 1728 1766 sunt,
1740 1707 1850 1766 mutiles,

1136 1800 1183 1836 non
1196 1787 1296 1848 injusta3
1307 1791 1400 1838 tantum
1412 1792 1493 1839 autern
1510 1789 1590 1840 hibere
1598 1794 1726 1852 convenit,
1736 1797 1765 1841 ut
1776 1797 1853 1854 possis

1165 1873 1257 1920 domurn
1265 1875 1312 1920 είενε
1321 1876 1402 1921 oomite
1410 1877 1499 1931 reverti.
1508 1876 1550 1922 niel
1558 1878 1587 1920 sis
1595 1877 1716 1924 admodum
1728 1880 1825 1925 vetulos

1135 1955 1279 2004 Laudandus
1293 1969 1350 2006 vero
1364 1955 1384 2005 is
1393 1962 1429 2006 est
1438 1958 1480 2020 qul
1494 1958 1555 2008 inter
1565 1959 1695 2008 bibendum
1709 1973 1748 2009 res
1765 1962 1852 2022 utiles,

1165 2047 1281 2103 qrranlum
1293 2045 1314 2092 el
1326 2044 1431 2105 suppetit
1439 2045 1553 2094 memoria
1568 2059 1596 2095 εο
1605 2047 1708 2108 animus,
1721 2049 1752 2096 de
1761 2049 1852 2098 virtute

1134 2133 1168 2181 lle
1185 2129 1266 2190 pretia
1278 2130 1407 2180 referamus
1417 2133 1529 2182 Titanum
1540 2133 1700 2195 Gigantumrs
1748 2134 1849 2197 [narret.

1164 2215 1205 2262 aut
1216 2225 1253 2260 res
1268 2214 1458 2274 centauromm,
1471 2213 1561 2263 subules
1574 2227 1588 2262 a
1600 2217 1723 2264 veteribus
1742 2216 1826 2276 fretu,

1132 2312 1210 2362 neque
1217 2298 1308 2362 jurgia,
1319 2311 1393 2361 nugas
1402 2299 1579 2360 inlmotuosas.

1161 2385 1202 2436 sed
1216 2385 1274 2436 deos
1282 2387 1346 2448 justa
1360 2399 1454 2448 semper
1468 2379 1617 2436 obseruantia
1629 2388 1745 2438 colamus.

1071 2479 1109 2523 εκ.
1133 2475 1204 2523 hlissa
1215 2473 1278 2522 enim
1294 2473 1358 2522 lroedi
1370 2486 1459 2535 perna,
1469 2475 1578 2536 tooepistl
1590 2487 1645 2524 erus
1661 2477 1747 2538 pingue

1162 2561 1231 2610 bovis
1243 2561 1342 2622 saginati
1352 2596 1359 2621 ,
1370 2560 1528 2610 honorificum
1542 2563 1595 2612 tiro
1604 2576 1707 2623 munus,

1132 2648 1210 2710 (ouius
1220 2648 1275 2696 laeti
1290 2645 1350 2708 laus)
1366 2648 1502 2696 universam
1513 2649 1626 2709 pervadet
1637 2651 1755 2699 Graeciam
1772 2665 1849 2714 neqrre

1161 2732 1274 2793 quamdiu
1285 2732 1709 2794 Gratoaegentisearminarigehunt.
1732 2734 1847 2797 [cessabit

1070 2823 1108 2868 23.
1127 2822 1210 2881 Neque
1225 2817 1351 2882 quisquam
1362 2817 1386 2867 in
1402 2819 1487 2880 poculo
1496 2820 1562 2882 prius
1573 2821 1695 2871 misouerit
1706 2823 1792 2871 sinum

1162 2908 1281 2967 intusum,
1292 2908 1333 2956 sed
1343 2919 1446 2969 aquam,
1456 2906 1644 2968 iusuperautem
1656 2921 1760 2958 merum.

1719 2995 1844 3060 [agitan15
1882 3001 1890 3012 '

1159 3085 1201 3144 qul
1211 3095 1248 3131 me
1257 3079 1848 3144 rogitationihmourisquelnteotumperGraroiam

1128 3174 1199 3218 natus
1212 3170 1291 3217 autem
1302 3172 1353 3216 tum
1365 3179 1431 3217 eram
1444 3167 1549 3230 quinque
1562 3173 1586 3216 et
1599 3168 1685 3230 viginti
1696 3183 1791 3229 annos,

1159 3256 1180 3304 si
1190 3269 1244 3304 tere
1254 3253 1283 3302 de
1292 3254 1329 3303 his
1337 3267 1381 3315 ego
1391 3265 1489 3316 possum
1498 3253 1585 3303 dloere.

1067 3348 1105 3392 25.
1129 3339 1848 3404 Nonoequalrmopostulatiolmplihominlsadsersuspium.

1066 3563 1224 3635 Schweigh.
1237 3558 1262 3636 λ,
1276 3579 1392 3618 narrans
1404 3563 1492 3616 moris
1506 3559 1588 3616 fuisse
1610 3562 1699 3638 olim,
1717 3575 1752 3618 ut
1765 3567 1847 3638 prius

1065 3668 1148 3722 aqua,
1160 3647 1262 3703 deinde
1272 3649 1367 3703 vinum
1376 3648 1482 3722 poculo
1493 3646 1699 3706 infunderetur.
1714 3651 1748 3706 ld
1759 3654 1848 3708 etiarn

1065 3738 1272 3810 Theophrastus
1301 3737 1386 3791 docet
1412 3737 1488 3810 apud
1512 3735 1642 3792 eumdem
1672 3740 1847 3813 scriptorem

1064 3827 1123 3883 vol.
1135 3829 1156 3880 V
1166 3845 1198 3898 p.
1214 3824 1267 3898 196
1278 3824 1323 3880 od.
1339 3825 1495 3898 Schweigh.
1511 3843 1516 3876 :
1530 3819 1608 3883 Ἐπεὶ
1619 3822 1664 3880 καί
1676 3824 1710 3881 τὰ
1720 3826 1783 3902 περλ
1795 3827 1845 3896 τήν

1064 3919 1156 3989 κρᾶσιν
1166 3909 1285 3974 ἐναντίως
1296 3897 1350 3987 εἶχε
1364 3907 1394 3967 τδ
1404 3907 1515 3966 παλαιδν
1526 3910 1564 3986 τῷ
1578 3914 1623 3966 νῦν
1634 3909 1697 3988 παρ’
1707 3909 1846 3984 Ἕλλησιν

1065 3997 1220 4074 ὑπάρχοντι·
1243 3997 1272 4053 ού
1290 3997 1342 4073 γὰρ
1364 3994 1394 4052 τὸ
1415 3995 1484 4074 ὕδωρ
1500 3993 1544 4054 ἐπὶ
1570 3993 1614 4054 τδν
1633 3986 1700 4053 οἶνον
1719 3997 1842 4075 ἐπέχεον,

1063 4082 1121 4141 ἀλλ’
1133 4085 1176 4140 ἐπὶ
1186 4082 1215 4140 τὸ
1226 4080 1295 4160 ὕδωρ
1305 4083 1347 4142 τὸν
1358 4071 1436 4142 οἶνον.
1450 4087 1595 4141 Neminem
1606 4097 1741 4158 praeterea
1751 4088 1848 4143 ofsen-

1063 4172 1111 4227 det
1123 4173 1250 4244 synizesis
1260 4173 1290 4225 in
1301 4190 1371 4226 voce
1381 4171 1484 4250 ἐγχέας,
1497 4173 1546 4247 qui
1560 4175 1719 4228 meminerit
1733 4174 1844 4229 {lome-

1063 4259 1187 4313 ricorum
1212 4257 1296 4330 hujus
1326 4257 1423 4333 figurae
1449 4260 1646 4334 exemplorum
1675 4278 1736 4332 que
1775 4263 1845 4316 satis

1061 4345 1149 4399 multa
1160 4354 1233 4402 sunt.

243 4453 275 4509 p.
293 4433 362 4503 368,
373 4435 404 4503 E,
413 4433 570 4506 praepositis
582 4432 694 4490 verbis:
708 4429 860 4508 Ξενοφάνης
871 4429 894 4486 δ’
908 4432 922 4486 δ
937 4433 1016 4490 Κολο·
1101 4439 1149 4498 αἱ..
1161 4435 1228 4488 ‘llaec
1242 4433 1394 4508 aDiogene
1404 4435 1519 4489 Laertio
1530 4432 1582 4503 tx,
1598 4451 1633 4506 ¹9
1645 4431 1758 4488 laudata
1771 4434 1842 4506 plu-

244 4517 337 4600 φύινιος
355 4520 445 4583 ἐντοῖς
460 4515 579 4594 ἐλεγείοις
591 4513 664 4595 φησί.
677 4519 819 4574 Sententia
831 4519 890 4572 haec
902 4518 1016 4574 videtur
1060 4521 1163 4574 rimum
1175 4520 1269 4574 valent
1282 4520 1320 4575 ad
1333 4521 1560 4596 cognoscendam
1573 4522 1637 4576 vitae
1650 4519 1843 4599 Xenophanis

242 4627 299 4663 esse
311 4607 464 4678 :Quamvis
475 4605 616 4660 levidense
626 4604 710 4659 fuerit
720 4622 820 4658 munus
831 4603 910 4677 quod
922 4607 1015 4660 amico
1060 4605 1277 4680 longitudinem.
1290 4607 1339 4662 Ait
1351 4618 1444 4663 autern
1460 4627 1490 4664 se
1503 4627 1518 4664 a
1535 4609 1637 4681 quinto
1659 4617 1687 4660 et
1700 4607 1841 4662 vicesimo

243 4696 339 4750 neseio
357 4693 402 4748 eui
416 4692 527 4760 misisti,
549 4691 596 4745 ille
609 4703 702 4746 tamen
720 4691 920 4766 pretiosissimo
935 4691 1012 4748 dono
1059 4712 1133 4748 anno
1148 4711 1237 4765 usque
1249 4692 1286 4748 ad
1300 4695 1514 4766 nonagesimum
1525 4683 1663 4756 alterum,
1678 4705 1838 4764 querutum

242 4789 271 4836 te
285 4787 480 4836 remuneratus
492 4787 544 4833 est.
568 4779 732 4833 Karstenius
747 4797 802 4853 pro
818 4773 935 4854 ἀφίξεται
959 4779 1013 4853 legi
1059 4779 1432 4852 agebat‚negotiiscurisque
1445 4781 1582 4836 intentum
1593 4778 1756 4851 atquealias
1768 4780 1841 4835 alibi

240 4871 303 4926 vult
316 4865 438 4946 ἀφίξεται,
447 4864 526 4939 quod
537 4883 595 4918 non
606 4866 801 4940 reprobemus.
813 4866 868 4921 Pro
880 4863 1013 4923 έλλαδικόν
1059 4877 1281 4922 commorantem
1307 4885 1360 4941 per
1381 4868 1540 4924 universam
1561 4868 1698 4925 Graeciam
1724 4877 1841 4943 tempo-

242 4957 272 5014 in
285 4957 407 5031 epitome
420 4949 687 5028 Ιεγςὶεαεέλλοιδικιῗιν.
1056 4972 1120 5008 rum
1135 4953 1269 5027 procellis
1275 4952 1411 5025 jactatum
1425 4973 1492 5012 esse.

282 5043 330 5100 23.
357 5041 566 5115 Xenophanem
588 5039 647 5094 haee
667 5039 770 5095 dixisse
791 5049 906 5094 testatur
926 5040 1013 5095 Athe·
1096 5037 1143 5096 αδ.
1159 5029 1320 5096 Aristoteles
1329 5041 1447 5099 Rhetor.
1460 5040 1486 5113 l,
1503 5037 1535 5094 15
1553 5057 1584 5113 p.
1598 5045 1669 5108 lma,
1687 5039 1723 5113 E,
1739 5037 1777 5096 de
1788 5041 1837 5112 ju·

160 5131 166 5144 “
243 5149 319 5186 naeus
343 5129 386 5186 XI
405 5147 435 5204 p.
459 5126 515 5198 782
534 5127 580 5184 ed.
598 5127 716 5186 Casaub.
733 5127 780 5204 (p.
803 5130 858 5186 213
881 5149 939 5202 seq.
965 5129 1009 5184 cd.
1056 5126 1210 5200 rejurando
1229 5127 1526 5202 disputans:Siquis,
1544 5127 1837 5202 intprdt‚postulante
