3708 5916
658 374 699 432 ΙΝ
724 374 892 434 λλλίλΕΠΜ
919 377 1088 438 CARMEN.
1354 405 1359 415 ·
1605 391 1658 438 tat

55 506 121 577 γῆν
138 506 207 580 πέσῃ
216 549 225 575 ,
237 502 294 560 τότε
304 501 381 578 νόμος
397 502 476 572 αὐτὴν
487 505 596 580 τίςζῷον
613 501 703 572 θνητὸν
715 503 848 571 εἶσοικίζε-
895 505 1049 582 βουλόμενον
1064 507 1097 564 τλ
1117 505 1186 566 κακθ
1208 506 1255 578 alp
1272 506 1366 577 θνητὴν
1380 505 1455 586 φύσιν
1469 509 1571 585 πρῶτον
1593 510 1664 566 ἀπο-

56 595 143 647 σθοιι.
190 590 256 668 Περὶ
275 589 302 647 δὲ
326 594 372 660 τῆς
396 590 487 649 ἀνόδου
508 595 607 647 ταῦτα·
623 589 663 648 ὅτι
678 591 721 648 τόν
742 592 848 668 ὕστερον
893 595 1037 670 στραφῆναι
1052 595 1098 650 δεῖ·
1113 595 1141 651 οὗ
1158 593 1209 672 γὰρ
1227 586 1278 652 οἷόν
1295 617 1324 650 τε
1337 594 1420 670 ταύτῃ
1435 593 1666 673 συμπερυρμένους

56 676 226 822 προσράνθτα
244 675 322 753 ὄχλον
336 680 366 735 ἐκ
382 681 443 753 γῆς,
459 678 503 734 καὶ
517 675 626 748 ὕδατος,
640 677 685 734 καλ
699 677 787 755 ἀέρος,
804 679 849 735 καλ
894 676 930 752 μὴ
941 679 1047 736 καὶτῶν
1063 678 1195 754 ἑπομένων
1209 681 1275 757 αὐτῇ
1288 681 1374 737 κακῶν
1385 680 1410 747 θξ
1422 681 1536 757 ἀνάγκης
1550 682 1666 754 ἀναπίμ-

58 764 215 840 πυρός,ο
187 757 320 842 θορυόόνδη
335 763 382 822 καὶ
400 763 522 870 ἀλογον
508 786 584 834 οντα,
605 763 850 874 λόγονκρατήσαςθ
892 767 979 822 πλασθ
967 771 1019 824 θαι.
1060 759 1211 844 Ὥσπερ
1182 789 1225 824 ουν
1242 771 1257 838 ἡ
1274 768 1358 823 θεόθεν
1378 767 1446 846 ρυγὴ
1460 789 1504 824 και
1518 773 1535 838 '8
1554 770 1665 846 πτερορ-

59 853 100 904 ἄ
73 852 273 940 θρωπος,ἐις
286 851 315 909 τό
326 855 371 920 τῆς
385 851 510 929 προτέρας
524 850 568 908 καὶ
583 850 659 929 ulpio
650 875 690 920 ης
705 856 850 927 ἀφικνεῖται
897 852 986 928 tritaet
1010 854 1061 908 τῶν
1085 853 1257 931 κουριζόντων
1279 856 1386 928 ἡμᾶςπ
1366 853 1430 929 πρὸς
1445 851 1509 910 τά
1493 875 1546 910 ανω
1566 857 1665 929 πτερῶν

58 927 140 1000 εἶδος
154 937 243 1004 ἕξεως·
255 939 297 995 ὅτε
316 939 362 996 καὶ
375 940 408 1003 είς
423 937 452 994 τό
467 936 590 1013 σύννομον
614 937 708 1016 ἄστρον
727 936 850 1012 ἀνάγεται
896 939 968 1002 εἰς
944 961 989 995 τον
1003 941 1055 996 τῶν
1070 943 1169 1008 θνητῶν
1181 939 1273 1016 ἤνεγκε
1288 940 1365 996 τόπον
1370 961 1423 1007 ,αις
1398 930 1469 997 τά
1483 939 1552 996 κακά
1567 962 1667 998 συναισ-

60 1024 211 1099 ὑγελςκαλ
232 1025 529 1102 ὁλόκληροςγενόμενος.
571 1022 775 1098 ε”Υγιθ,ςμὲν
743 1045 775 1101 τῃ
798 1027 850 1080 τῶν
894 1024 1012 1102 ἔρχεται·
1036 1025 1103 1082 οὕτω
1125 1025 1256 1094 tait*
1223 1049 1270 1094 της
1290 1024 1577 1103 θνητῆςπροσπαθείας
1598 1028 1665 1084 ἀπο

59 1116 166 1167 παθῶν
178 1117 234 1184 ὡς
245 1112 421 1188 νοσημάτων
435 1111 618 1188 ἀπαλλαγῇ,ὃ
634 1112 736 1180 διίεττς
747 1114 850 1170 πολιτι
895 1108 977 1184 tota,
993 1111 1132 1182 καλὴτῶν
1148 1114 1260 1213 ἀρετῶν,
1274 1102 1326 1168 οἷον
1340 1114 1440 1188 πτερῶν
1460 1133 1536 1168 τινων
1544 1113 1668 1190 ,ἔκφυσις

60 1219 122 1265 xa<
140 1200 236 1274 ἀρετῆς
257 1197 445 1310 παραγίνεται·
462 1199 573 1275 ὁλόκληρ
576 1198 667 1269 otte,
689 1203 721 1276 τῇ
743 1204 787 1255 νοῶ
806 1197 850 1256 καὶ
894 1197 956 1274 πρὸς
978 1197 1021 1253 τόν
1038 1201 1089 1255 τῶν
1106 1201 1194 1254 κακῶν
1216 1197 1435 1274 xuflup8uc8n082
1449 1220 1468 1252 π
1471 1197 1512 1275 ρος
1531 1196 1578 1266 τὴν
1597 1197 1667 1254 θείαν

60 1285 276 1359 ἐπιστήμης,
263 1309 298 1350 ως
322 1285 422 1343 οἰκείων
438 1308 537 1361 μερων,
552 1284 723 1364 αναληψει
747 1283 836 1342 διά
804 1308 850 1355 της
894 1281 1017 1350 εὗζονίαν,
1034 1283 1212 1358 ἠμάςάνάξει.
1257 1220 1653 1360 Μέσηγάροθσαρὴτοῶάνθρκυ

61 1375 234 1448 θωρητικςς
249 1372 369 1442 αληθειας
383 1376 540 1451 κατορθουα
544 1393 570 1427 αι
582 1393 690 1450 utpute
725 1370 785 1430 Κατ
799 1394 851 1428 πα
894 1393 944 1428 που
958 1370 1081 1427 ουσία
1047 1394 1097 1427 των
1109 1369 1190 1430 εαελ
1202 1392 1326 1428 νοουντων
1339 1391 1383 1428 τον
1396 1369 1452 1427 θεον
1467 1392 1511 1426 και
1523 1392 1574 1427 των
1587 1371 1666 1443 uate

61 1457 131 1528 λιν,
147 1460 183 1523 ῶς
197 1459 249 1516 δέοι
270 1462 304 1536 τῇ
325 1461 440 1516 ἐντεῦθεν
455 1463 523 1537 φυγῇ
538 1456 584 1526 τὴν
599 1457 651 1516 ἀπὸ
665 1461 716 1515 τῶν
732 1457 850 1535 κρειττό-
895 1479 956 1513 ποτε
969 1465 1034 1514 νοεῖν
1056 1461 1206 1534 περυκότων
1220 1456 1302 1514 ἀνεισί
1315 1479 1342 1514 τε
1355 1456 1418 1564 πρός
1435 1457 1536 1530 ίκεῖνκ,
1558 1457 1604 1514 καί
1617 1457 1667 1514 κά·

62 1567 126 1601 νων
151 1543 291 1623 γενομένην
314 1545 458 1604 ἀπόστασιν
474 1543 637 1612 ἐξιάσασθαι,
659 1546 747 1622 σαφῶς
772 1543 851 1616 παρί-
894 1565 958 1602 τεισι
976 1565 1040 1620 προς
1053 1565 1152 1613 ταυτα
1171 1549 1215 1602 νοῦ
1236 1545 1327 1614 κτήσει
1344 1565 1389 1600 και
1379 1542 1521 1620 ἀποθολῇ
1536 1541 1599 1620 πρὸς
1619 1543 1666 1612 τὴν

63 1654 173 1708 στησι,
189 1631 322 1710 φυγὴν“
287 1655 338 1690 των
353 1633 414 1710 τῇδε
428 1636 515 1690 κακῶν
538 1630 851 1774 τὴνφγλωορίανθμόζ
894 1629 964 1686 θείαν
979 1629 1102 1704 θιαοιονσιν
1115 1652 1160 1689 και
1150 1629 1219 1700 τλν
1231 1629 1332 1706 θηρειον
1346 1629 1425 1687 οιά
1401 1653 1431 1688 το
1443 1653 1488 1698 τας
1476 1652 1604 1718 pactast
1614 1653 1665 1704 αμ

63 1741 163 1792 μενος.
207 1717 410 1798 Συμπερυκίναε
444 1716 495 1797 γάρ
519 1719 552 1776 sd
584 1719 654 1787 πάθη
681 1717 766 1792 μόνοις
798 1726 851 1783 τοῖς
895 1714 996 1792 ρίθιον,
1008 1712 1059 1772 ἀνθ
1075 1737 1107 1792 με
1100 1714 1330 1826 ροςέπειγρμίνη.
1366 1715 1488 1775 Ἰαυτ’ἱ
1461 1707 1531 1772 οὖνὸ
1550 1715 1667 1793 περὶτῆς

62 1807 219 1874 θνητοῖς’.
194 1805 364 1885 απυραίνεται
378 1805 421 1865 διθι
434 1805 479 1864 τού
482 1828 546 1864 τ·ονν
565 1807 623 1864 ἀλλ’
637 1805 695 1863 0888
709 1801 851 1860 ἀπολέσθαι
895 1800 1131 1877 ἀνθρωπίνης’
1119 1800 1268 1878 εγνωκὼς
1282 1802 1394 1867 οὐσίας
1411 1793 1514 1860 οἶδε
1475 1824 1529 1866 πως
1546 1801 1667 1859 αὐθαί·

63 1895 107 1950 τὰ
122 1882 850 1969 κακὰδυνατόν,οὗτεἐνθεοῖςεῖναι,περλδέτόνδετὸν
896 1909 974 1966 ριτα
996 1888 1122 1964 πήματ’
1144 1891 1323 1968 έχουσινοὶ
1346 1888 1590 1966 ἀνθρωποε,καὶ
1611 1891 1667 1953 πῶς

62 1982 156 2038 τόπον
174 1981 252 2039 καλτ
237 1981 284 2051 τὴν
312 1979 407 2048 θνητὴν
430 1979 569 2057 ρόσινρ
521 2001 569 2056 περ
572 1978 655 2036 τιτολεῖ
678 1975 703 2044 ἐξ
724 1976 848 2051 ἀνάγκης.
894 1971 1114 2047 τλήμονεςκαλ
1124 1973 1233 2038 ταλανες
1242 1976 1403 2038 ταιςέαυτων
1415 1973 1529 2051 αἱρεσεαι
1540 1972 1664 2048 γίνονται

62 2071 136 2134 Τοῖς
161 2066 211 2146 γάρ
225 2071 251 2126 ἓν
273 2065 372 2144 γενέσει
389 2065 434 2124 καὶ
449 2070 532 2144 ρθορα
554 2065 657 2129 πάν-ως
682 2086 732 2120 που
757 2061 851 2120 καὶτὸ
895 2062 964 2118 ssed
983 2057 1077 2134 μέν
1044 2083 1103 2138 γαρ
1118 2083 1157 2118 ετι
1171 2061 1308 2136 αυναμενοτ
1331 2064 1416 2136 μένειν
1440 2064 1542 2128 έκεῖ,π
1522 2059 1666 2140 προπετείοι

64 2151 151 2231 παρὰ
174 2153 249 2232 ptiust
271 2155 419 2222 διατεθῆναι
434 2150 558 2210 δύνασθαι
571 2172 638 2227 παρε
631 2149 728 2206 ’·πεται
742 2139 835 2226 ὅπερ
818 2171 849 2218 ην
893 2149 975 2222 ὁρμῆς
989 2145 1072 2210 είς
1042 2169 1142 2224 γενεσιν
1166 2147 1370 2225 κατασύρανται·
1390 2169 1453 2204 ποτε
1443 2147 1509 2217 88,
1529 2145 1666 2222 δυνάμενοι

62 2244 126 2298 τῶν
142 2262 230 2296 κακων
244 2241 324 2316 apsa
367 2238 467 2304 Πῶςδέ
482 2238 521 2295 bat
533 2259 618 2296 ταυτα
631 2259 731 2313 ρευγειν
746 2237 847 2312 ἀπάγει·
894 2237 990 2290 θᾶσσον
1012 2234 1126 2291 ἐντεῦθεν
1141 2232 1316 2305 ἀπολύεσθαι,
1329 2235 1401 2291 αυτοι
1392 2231 1518 2298 έιιυτους
1531 2255 1588 2298 ταις
1599 2234 1667 2306 ἅμα

63 2323 142 2382 διὸ
127 2343 167 2382 σει
180 2326 233 2380 ενθ
223 2323 278 2381 :tte
292 2327 376 2382 ἐκεῖσε
399 2323 516 2468 ρεόγειν·
539 2323 607 2432 <popel
623 2323 650 2380 88
664 2322 813 2396 ὁμοίωσιςθ
815 2343 849 2398 τῳ
892 2343 975 2400 ριαις
987 2343 1039 2378 τονν
1055 2323 1144 2379 παθῶν
1164 2280 1370 2381 καταπλίκάυσι.
1411 2320 1469 2380 Kal
1492 2325 1569 2378 τοῦτο
1587 2311 1619 2390 ην
1634 2319 1664 2378 τό

61 2410 189 2469 κατίετο
203 2411 309 2468 δυνατον
334 2409 506 2489 &nepteo-t
508 2411 615 2485 μοίωσις
635 2407 678 2479 88,
695 2409 792 2466 δικαιον
805 2408 849 2464 και
893 2412 945 2466 τῶν
967 2409 1095 2486 ἀγαθῶν
1120 2406 1345 2473 πέλαςόντων
1374 2407 1458 2482 μήτε
1483 2407 1497 2465 8
1504 2415 1559 2484 ρὶν
1584 2406 1665 2482 μήτε

62 2495 145 2555 ὅσιον
161 2493 531 2576 μετάρρονήσεωςγενέσθαι.
572 2493 669 2556 Tou
641 2517 692 2574 γαρ
707 2496 850 2572 ἀποσρᾶναι
894 2493 1102 2554 excusantia
1116 2491 1285 2570 αγαθθιμέν
1299 2491 1378 2572 ἀρετ
1361 2491 1433 2564 καὶ
1444 2493 1554 2563 αληθιια
1565 2498 1608 2550 ν’ῦν
1623 2493 1665 2550 λέ·

612 2618 900 2634 Μ

138 2691 182 2739 ubi
196 2691 281 2740 caedes
291 2694 315 2740 et
327 2691 441 2739 Simitttas
452 2693 477 2739 et
485 2690 587 2739 aliorum
598 2689 693 2750 agnina
702 2661 833 2748 Fatommt
893 2699 1043 2742 versantur.
1062 2689 1189 2760 Namque
1200 2688 1250 2754 iis,
1261 2703 1323 2760 quae
1334 2686 1508 2760 generationi
1527 2694 1555 2740 et
1569 2703 1668 2742 corru-

64 2765 103 2816 ifl
116 2782 203 2835 quam
223 2765 271 2836 ‘lui
285 2763 437 2818 5¹¹⁰id⁰fl¹¹l
599 2795 604 2806 ·
894 2774 987 2845 ptioni
1010 2774 1130 2827 obnoxia
1150 2784 1229 2841 sunt,
1241 2773 1357 2826 omniuo
1381 2770 1499 2844 accidit,
1514 2779 1546 2823 ut
1567 2781 1669 2844 praeter

139 2850 213 2896 ΝΜ
225 2860 265 2908 ¹³⁶¹
276 2848 368 2908 mlum
380 2858 469 2908 pesque
482 2843 591 2894 “news
604 2845 726 2907 '³8³⁰8'f·
893 2870 1024 2914 naturam
1037 2859 1112 2914 affici
1125 2861 1247 2932 possint,
1261 2858 1340 2930 quod
1354 2858 1493 2912 malornm
1507 2867 1547 2910 est
1559 2857 1667 2930 princi-

65 2942 252 2998 Desideriurn
280 2953 373 2997 autem
390 2941 479 3012 ejus,
506 2941 555 3014 qui
582 2940 653 3014 fugit
674 2942 767 2995 Nosce
781 2957 848 3012 pru·
892 2947 982 3018 pium.
998 2947 1222 3019 Sedquopacto
1240 2946 1299 2999 baec
1321 2943 1453 3018 fugienda
1463 2945 1522 2997 sant
1531 2942 1666 3013 ‚subjun-

66 3041 148 3096 tum,
164 3029 201 3083 ad
214 3027 849 3102 ueritatispratump1·operecontcndit;quod
893 3032 969 3104 git:
992 3033 1167 3105 Quapropter
1194 3032 1260 3086 laiac
1283 3033 1349 3086 illuc
1375 3027 1524 3102 confregere
1544 3042 1665 3104 oportet,

67 3135 167 3188 quum
181 3117 306 3190 reliquit,
323 3133 477 3190 pennarum
489 3112 624 3170 defluvii'
617 3124 724 3187 impetu
742 3116 771 3167 in
793 3125 848 3169 ter·
886 3115 965 3188 stiga
975 3131 1067 3173 cutem
1078 3131 1119 3172 est
1130 3119 1283 3172 similitudo
1302 3135 1362 3170 cum
1377 3119 1450 3183 Deo,
1462 3127 1595 3186 quatenus
1614 3113 1668 3168 ho-

66 3221 178 3256 renum
206 3221 309 3275 corpus
339 3204 430 3268 venit,
457 3201 530 3256 felici
554 3207 617 3254 vita
637 3205 772 3272 privatus.
802 3201 849 3256 llis
895 3204 1023 3275 ririuisas
1041 3219 1096 3272 est,
1110 3207 1263 3260 similitudo
1281 3223 1359 3270 atero,
1374 3208 1483 3274 justitia
1496 3207 1669 3256 etsauctt'tus

68 3299 266 3343 coissentanea
281 3289 367 3343 babet
382 3290 466 3342 etiarn
481 3289 575 3355 Plato,
591 3286 626 3342 de
639 3287 772 3340 descensu
791 3287 848 3341 haec
893 3311 954 3347 cestu
966 3296 1114 3366 prudentia
1132 3300 1287 3363 consancta.
1312 3292 1453 3362 Imprimis
1474 3290 1547 3344 enim
1565 3300 1668 3343 morta·

68 3373 189 3430 tradens
216 3377 330 3446 :Quum
353 3394 419 3429 vero
452 3375 560 3454 viribus
591 3375 632 3427 ud
654 3375 850 3446 assequendum
894 3380 949 3434 lem
963 3392 1091 3435 natm-am
1114 3398 1177 3435 eum
1200 3379 1320 3434 aversari
1335 3373 1432 3445 dcccl,
1447 3376 1495 3447 qui
1518 3375 1592 3429 mala
1606 3377 1666 3429 vult

69 3480 132 3516 non
157 3461 500 3537 votens-[ananus]1>cum
520 3465 636 3514 ocissime
656 3462 746 3526 vider,
765 3473 793 3514 ct
808 3465 851 3512 in·
896 3467 1036 3540 effugere,
1050 3485 1136 3538 quum
1160 3485 1218 3520 non
1242 3466 1349 3537 possint
1369 3462 1512 3518 commixti
1531 3479 1596 3516 cum
1616 3461 1668 3516 hac

58 3545 199 3618 siricinio
221 3551 317 3619 aliquo
340 3567 494 3620 pennarum
517 3547 662 3616 defluvium
690 3565 789 3619 passm·
822 3551 850 3598 1'11
894 3569 951 3606 non
961 3553 1070 3626 impleri
1082 3553 1237 3607 necessario
1250 3551 1328 3606 malis
1337 3567 1400 3622 quoe
1409 3565 1471 3604 eam
1484 3549 1665 3606 comitantur.

69 3646 179 3688 terrum
201 3636 320 3702 decidit,
342 3646 397 3688 tum
422 3637 468 3688 lex
489 3651 550 3687 curu
570 3635 652 3703 jubet
680 3639 707 3686 iu
736 3637 851 3688 mortale
896 3639 1138 3709 Quemadmodum
1152 3641 1238 3712 igitur
1255 3639 1321 3710 suga
1341 3655 1357 3690 a
1377 3639 1438 3691 Deo
1453 3645 1480 3690 et
1494 3652 1665 3706 pennarum,

69 3723 186 3774 animai
202 3723 305 3774 induci.
319 3723 361 3775 De
376 3739 489 3775 ascensu
501 3730 593 3774 autem
605 3720 663 3774 baec
675 3735 682 3776 τ
696 3721 845 3784 Hominem,
895 3745 957 3798 quae
964 3726 1000 3781 ad
1010 3728 1156 3799 superiora
1164 3743 1215 3779 nos
1223 3725 1353 3791 evehunt,
1364 3721 1516 3777 defluvium
1531 3722 1560 3774 in
1573 3717 1667 3775 tocim

69 3827 159 3879 quum
175 3809 273 3862 avolem
283 3819 381 3883 postea
396 3819 512 3862 treiciam
526 3818 664 3875 exterra,
680 3825 768 3878 aqua,
787 3825 852 3861 artu
894 3816 1055 3869 mortalium
1065 3852 1073 3881 ‚
1084 3812 1187 3884 quibus
1200 3811 1273 3865 mala
1286 3808 1447 3876 adhaerent,
1458 3825 1510 3861 nos
1525 3806 1643 3863 deduxit
1658 3828 1665 3861 :

69 3907 101 3948 et
115 3900 182 3965 igue
189 3936 197 3965 ,
214 3896 437 3949 turbulentaru'et
449 3899 562 3948 rationis
575 3906 732 3965 expertem,
745 3899 851 3947 ratione
895 3901 934 3954 sie
956 3903 1038 3956 etiam
1051 3900 1210 3953 mortalium
1224 3897 1404 3951 affectionum
1418 3894 1548 3966 rejectio,
1562 3903 1590 3949 et
1607 3895 1667 3950 vir.

68 3985 255 4051 superaverit,
271 3981 422 4053 adstrictis
438 3983 583 4058 optimique
603 3979 711 4056 liabitcis
723 3976 851 4046 sormam
896 3997 1002 4055 tutum,
1027 3997 1159 4059 tanquam
1180 4001 1355 4058 pennarum,
1379 3993 1457 4036 ortus
1479 3981 1515 4035 ad
1537 3983 1630 4035 locum
1651 3999 1667 4036 a

68 4071 230 4140 pervenire;
248 4069 357 4139 qmmd‘t
368 4072 453 4121 ellam
465 4068 505 4120 ad
518 4078 621 4120 “slsum
638 4070 853 4138 ''1151'00113'71085
895 4075 974 4128 malis
987 4091 1089 4147 purum
1104 4073 1262 4144 divinaeque
1282 4073 1345 4125 vitae
1365 4069 1528 4126 felicitatem
1549 4085 1601 4122 nos
1623 4085 1667 4122 re·

70 4154 160 4219 redu,
174 4171 257 4206 sanus
274 4167 356 4226 atque
375 4159 481 4226 integer
493 4151 600 4222 jactus.
614 4155 706 4206 Satius
725 4152 850 4224 quidem,
896 4159 991 4216 ducet.
1009 4161 1103 4230 Quum
1116 4177 1189 4213 emm
1205 4159 1292 4212 homo
1304 4167 1406 4210 natura
1424 4155 1533 4208 medius
1547 4154 1583 4207 stt
1595 4153 1668 4206 anter

73 4241 147 4311 quia
166 4236 204 4293 ab
217 4240 364 4296 affectibus
378 4252 512 4312 tanquam
526 4239 635 4294 morbis
652 4240 786 4293 liberatus
798 4241 850 4308 sit,
896 4265 927 4302 tt
944 4265 1005 4320 quae
1019 4249 1107 4302 Deum
1120 4263 1229 4319 semper
1241 4253 1383 4300 noverunt
1401 4252 1429 4296 ct
1450 4259 1482 4295 ca
1497 4257 1558 4312 (μιαν
1572 4239 1608 4294 αθ
1622 4258 1669 4294 co·

73 4315 162 4398 quod
184 4327 294 4382 virtutis
314 4329 402 4382 civilis
425 4345 526 4380 munus
546 4337 603 4394 est,
625 4332 850 4399 integerauteru,
895 4332 1086 4406 gnomendttm
1101 4341 1323 4404 nunquamapta
1337 4339 1416 4394 sunt
1431 4327 1467 4382 ad
1481 4327 1528 4382 illa
1543 4326 1668 4382 ascendit

70 4415 178 4468 ruentis
191 4415 350 4469 etscientiae
357 4425 513 4485 ,tanquam
525 4415 706 4488 propriarum
718 4415 849 4486 piandum,
897 4431 925 4474 et
943 4419 981 4474 ad
1001 4420 1057 4474 haec
1076 4417 1223 4474 descendit
1225 4413 1549 4492 ,proutinteltigentiam
1562 4424 1611 4468 aut
1623 4432 1669 4469 re·

72 4503 312 4574 recuperatione,
327 4501 405 4573 quod
420 4502 645 4576 contemplativae
657 4501 781 4555 veritatis
797 4518 852 4574 ope
898 4507 967 4559 tinet
987 4507 1167 4572 antemittit,
1185 4515 1270 4576 atque
1289 4503 1326 4558 αθ
1341 4502 1465 4557 divinam
1482 4499 1669 4555 belluinamsc

72 4593 131 4645 rite
145 4588 301 4661 perficitur.
317 4590 352 4642 Et
365 4605 460 4642 rursus
480 4588 557 4644 idem
572 4590 652 4642 Plato
666 4587 851 4642 desectionem
895 4591 1105 4647 similitudinem
1114 4600 1369 4665 propternaturam
1378 4589 1528 4660 ancipitem
1536 4587 1669 4657 pervices

72 4697 91 4734 a
114 4678 170 4731 diis
191 4678 286 4731 nostr8
307 4675 372 4731 ltinc
393 4675 457 4749 sug8
479 4677 682 4749 personandum
698 4693 755 4730 esse
769 4676 851 4748 plane
895 4677 1051 4736 contendit.
1066 4679 1093 4732 Is
1106 4679 1193 4752 igitur
1206 4678 1256 4750 qui
1268 4675 1430 4747 hujusmodi
1446 4691 1502 4728 esse
1515 4672 1668 4726 humanam

73 4763 185 4835 docet,'
203 4764 411 4839 philosophiam
432 4765 588 4837 malorum,
610 4783 671 4837 quae
696 4763 743 4817 hic
771 4773 851 4834 suut,
894 4775 1026 4819 naturam
1037 4766 1186 4830 irretierit,
1203 4765 1254 4818 scit
1269 4763 1414 4836 quonwdo
1435 4762 1518 4814 malis
1534 4761 1605 4813 ultm
1617 4777 1668 4812 αν·-

74 4853 171 4927 fugam
187 4871 246 4908 esse
260 4850 404 4908 definiens.
420 4850 515 4907 Animi
534 4854 610 4907 enirn
624 4850 851 4926 perturbationes
895 4857 997 4907 cessitis
1013 4853 1164 4907 obruantur
1177 4850 1313 4916 homiues,
1333 4861 1361 4905 et
1380 4847 1526 4921 quomodo
1542 4841 1669 4916 infelices

73 4941 243 4996 mortalibus
262 4940 329 4995 solis
340 4941 436 4994 insitas
457 4959 514 4995 esse
534 4938 684 4994 tisserius
702 4937 824 4994 declarat
842 4957 848 4992 :
895 4949 923 4995 et
934 4940 1029 4994 miseri
1047 4940 1103 4994 suis
1116 4940 1242 5012 ipsorum
1266 4937 1389 4992 consiliis
1402 4934 1481 4991 fiant.
1505 4931 1667 5004 Aliquando

73 5029 210 5100 Atriaque
219 5029 297 5082 atala
309 5033 400 5101 perire
409 5041 533 5100 possunt,
547 5045 598 5082 nec
610 5032 639 5080 in
653 5029 707 5081 diis
717 5043 789 5092 esse,
803 5028 854 5080 sed
895 5027 985 5093 enim,
1000 5044 1088 5098 quum
1098 5025 1191 5081 adhuc
1205 5025 1245 5080 ibi
1258 5041 1372 5078 manere
1386 5029 1514 5096 possent,
1529 5019 1670 5093 praecipiti

73 5119 149 5170 eirca
164 5114 237 5170 Ινευιε
252 5116 340 5171 Iocum
352 5127 380 5171 et
398 5127 527 5170 naturam
544 5117 687 5172 escurialem
699 5118 851 5168 necessario
896 5111 1036 5168 desiderio
1063 5115 1092 5166 in
1117 5113 1192 5168 bunc
1224 5111 1361 5167 mundum
1386 5107 1585 5176 detraltuntur5
1610 5107 1669 5160 ali-
