<?xml version="1.0" encoding="UTF-8"?>
<!DOCTYPE html PUBLIC "-//W3C//DTD XHTML 1.0 Transitional//EN"
    "http://www.w3.org/TR/xhtml1/DTD/xhtml1-transitional.dtd">
<html xmlns="http://www.w3.org/1999/xhtml" xml:lang="en" lang="en">
 <head>
  <title>
</title>
<meta http-equiv="Content-Type" content="text/html;charset=utf-8" />
  <meta name='ocr-system' content='tesseract 3.04.00' />
  <meta name='ocr-capabilities' content='ocr_page ocr_carea ocr_par ocr_line ocrx_word'/>
</head>
<body>
  <div class='ocr_page' id='page_1' title='image "./fragmentaphilos03mullgoog/fragmentaphilos03mullgoog_0089.png"; bbox 0 0 3838 5926; ppageno 0'>
   <div class='ocr_carea' id='block_1_1' title="bbox 271 374 1219 477">
    <p class='ocr_par' dir='ltr' id='par_1_1' title="bbox 271 374 1219 477">
     <span class='ocr_line' id='line_1_1' title="bbox 271 374 1219 477; baseline -0.004 -9"><span class='ocrx_word' id='word_1_1' title='bbox 271 427 310 477; x_wconf 64' lang='grc' dir='ltr'>ια</span> <span class='ocrx_word' id='word_1_2' title='bbox 910 374 1219 466; x_wconf 78' lang='lat' dir='ltr'>conunnrrmus</span> 
     </span>
    </p>
   </div>
   <div class='ocr_carea' id='block_1_2' title="bbox 197 531 1894 5160">
    <p class='ocr_par' dir='ltr' id='par_1_2' title="bbox 197 531 1894 5160">
     <span class='ocr_line' id='line_1_2' title="bbox 272 531 1894 622; baseline -0.007 -18"><span class='ocrx_word' id='word_1_3' title='bbox 272 545 371 622; x_wconf 86' lang='grc' dir='ltr'>Αίγλης</span> <span class='ocrx_word' id='word_1_4' title='bbox 385 543 461 622; x_wconf 89' lang='lat' dir='ltr'>apud</span> <span class='ocrx_word' id='word_1_5' title='bbox 475 539 668 601; x_wconf 76' lang='lat' dir='ltr'><strong>Alexandrum</strong></span> <span class='ocrx_word' id='word_1_6' title='bbox 686 538 793 616; x_wconf 76' lang='lat' dir='ltr'>legitur</span> <span class='ocrx_word' id='word_1_7' title='bbox 806 536 936 610; x_wconf 79' lang='grc' dir='ltr'>Νῆστιδος</span> <span class='ocrx_word' id='word_1_8' title='bbox 953 535 1042 613; x_wconf 87' lang='grc' dir='ltr'>αίγλη.</span> <span class='ocrx_word' id='word_1_9' title='bbox 1087 535 1160 608; x_wconf 82' lang='grc' dir='ltr'>κοινῆ</span> <span class='ocrx_word' id='word_1_10' title='bbox 1185 535 1231 594; x_wconf 87' lang='grc' dir='ltr'>καὸ</span> <span class='ocrx_word' id='word_1_11' title='bbox 1250 535 1303 602; x_wconf 78' lang='grc' dir='ltr'>τοῖς</span> <span class='ocrx_word' id='word_1_12' title='bbox 1319 533 1408 600; x_wconf 66' lang='lat' dir='ltr'>dolote</span> <span class='ocrx_word' id='word_1_13' title='bbox 1424 535 1487 592; x_wconf 86' lang='grc' dir='ltr'>κατ’</span> <span class='ocrx_word' id='word_1_14' title='bbox 1506 531 1584 592; x_wconf 78' lang='grc' dir='ltr'>αὐτόν</span> <span class='ocrx_word' id='word_1_15' title='bbox 1601 531 1652 610; x_wconf 87' lang='grc' dir='ltr'>(τὸ</span> <span class='ocrx_word' id='word_1_16' title='bbox 1672 531 1725 614; x_wconf 86' lang='grc' dir='ltr'>γὸρ</span> <span class='ocrx_word' id='word_1_17' title='bbox 1748 531 1849 616; x_wconf 82' lang='grc' dir='ltr'>τέσσαρα</span> <span class='ocrx_word' id='word_1_18' title='bbox 1892 559 1894 564; x_wconf 96' lang='grc'><strong><em>·</em></strong></span> 
     </span>
     <span class='ocr_line' id='line_1_3' title="bbox 274 620 1851 703; baseline -0.007 -12"><span class='ocrx_word' id='word_1_19' title='bbox 274 633 332 691; x_wconf 78' lang='lat' dir='ltr'>Alii</span> <span class='ocrx_word' id='word_1_20' title='bbox 347 631 511 690; x_wconf 80' lang='lat' dir='ltr'>minuscula</span> <span class='ocrx_word' id='word_1_21' title='bbox 524 628 619 686; x_wconf 88' lang='lat' dir='ltr'>littera</span> <span class='ocrx_word' id='word_1_22' title='bbox 632 625 763 685; x_wconf 87' lang='lat' dir='ltr'>scribunt</span> <span class='ocrx_word' id='word_1_23' title='bbox 781 625 885 703; x_wconf 85' lang='grc' dir='ltr'>αῐγλης,</span> <span class='ocrx_word' id='word_1_24' title='bbox 899 643 953 700; x_wconf 78' lang='lat' dir='ltr'>ego</span> <span class='ocrx_word' id='word_1_25' title='bbox 975 625 1046 682; x_wconf 85' lang='lat' dir='ltr'>Kar-</span> <span class='ocrx_word' id='word_1_26' title='bbox 1090 620 1236 701; x_wconf 77' lang='grc' dir='ltr'>στοιχεῖα),</span> <span class='ocrx_word' id='word_1_27' title='bbox 1250 623 1341 680; x_wconf 77' lang='grc' dir='ltr'>ὀστοῦν</span> <span class='ocrx_word' id='word_1_28' title='bbox 1356 621 1383 679; x_wconf 79' lang='lat' dir='ltr'>ll</span> <span class='ocrx_word' id='word_1_29' title='bbox 1397 623 1422 680; x_wconf 84' lang='grc' dir='ltr'>ὀν</span> <span class='ocrx_word' id='word_1_30' title='bbox 1435 625 1468 700; x_wconf 81' lang='grc' dir='ltr'>τῇ</span> <span class='ocrx_word' id='word_1_31' title='bbox 1483 628 1547 700; x_wconf 65' lang='grc' dir='ltr'>ποιᾷ</span> <span class='ocrx_word' id='word_1_32' title='bbox 1557 620 1654 680; x_wconf 82' lang='grc' dir='ltr'>τούτων</span> <span class='ocrx_word' id='word_1_33' title='bbox 1667 621 1714 678; x_wconf 78' lang='lat' dir='ltr'>aad</span> <span class='ocrx_word' id='word_1_34' title='bbox 1725 623 1851 701; x_wconf 76' lang='grc' dir='ltr'>ποσῇκρί-</span> 
     </span>
     <span class='ocr_line' id='line_1_4' title="bbox 272 705 1848 796; baseline -0.007 -19"><span class='ocrx_word' id='word_1_35' title='bbox 272 719 366 777; x_wconf 85' lang='lat' dir='ltr'>stenio</span> <span class='ocrx_word' id='word_1_36' title='bbox 385 729 530 796; x_wconf 78' lang='lat' dir='ltr'>praeunte</span> <span class='ocrx_word' id='word_1_37' title='bbox 547 714 708 792; x_wconf 80' lang='lat' dir='ltr'>majuscula</span> <span class='ocrx_word' id='word_1_38' title='bbox 721 731 790 772; x_wconf 78' lang='lat' dir='ltr'>usus</span> <span class='ocrx_word' id='word_1_39' title='bbox 808 731 883 770; x_wconf 84' lang='lat' dir='ltr'>sum.</span> <span class='ocrx_word' id='word_1_40' title='bbox 899 711 1044 768; x_wconf 78' lang='lat' dir='ltr'>Prellerua</span> <span class='ocrx_word' id='word_1_41' title='bbox 1089 733 1129 769; x_wconf 92' lang='grc' dir='ltr'>σει</span> <span class='ocrx_word' id='word_1_42' title='bbox 1141 705 1206 788; x_wconf 87' lang='grc' dir='ltr'>φησὸ</span> <span class='ocrx_word' id='word_1_43' title='bbox 1222 708 1370 786; x_wconf 87' lang='grc' dir='ltr'>γίγνεσθαι,</span> <span class='ocrx_word' id='word_1_44' title='bbox 1383 707 1466 785; x_wconf 87' lang='grc' dir='ltr'>λέγων</span> <span class='ocrx_word' id='word_1_45' title='bbox 1476 728 1484 742; x_wconf 91' lang='grc'><em>·</em></span> <span class='ocrx_word' id='word_1_46' title='bbox 1496 710 1514 776; x_wconf 80' lang='grc' dir='ltr'>ἡ</span> <span class='ocrx_word' id='word_1_47' title='bbox 1528 705 1555 764; x_wconf 83' lang='lat' dir='ltr'>ll</span> <span class='ocrx_word' id='word_1_48' title='bbox 1567 705 1637 786; x_wconf 80' lang='grc' dir='ltr'>χθὼν</span> <span class='ocrx_word' id='word_1_49' title='bbox 1654 706 1715 766; x_wconf 88' lang='grc' dir='ltr'>κτλ.</span> <span class='ocrx_word' id='word_1_50' title='bbox 1731 709 1754 765; x_wconf 84' lang='grc' dir='ltr'>εί</span> <span class='ocrx_word' id='word_1_51' title='bbox 1766 706 1791 764; x_wconf 84' lang='lat' dir='ltr'>tt</span> <span class='ocrx_word' id='word_1_52' title='bbox 1803 710 1848 774; x_wconf 86' lang='grc' dir='ltr'>τοῖς</span> 
     </span>
     <span class='ocr_line' id='line_1_5' title="bbox 271 784 1850 884; baseline -0.007 -20"><span class='ocrx_word' id='word_1_53' title='bbox 271 806 343 864; x_wconf 78' lang='lat' dir='ltr'>tim.</span> <span class='ocrx_word' id='word_1_54' title='bbox 356 805 428 884; x_wconf 91' lang='lat' dir='ltr'>phil.</span> <span class='ocrx_word' id='word_1_55' title='bbox 444 825 474 882; x_wconf 91' lang='lat' dir='ltr'>p.</span> <span class='ocrx_word' id='word_1_56' title='bbox 493 822 620 874; x_wconf 77' lang='lat' dir='ltr'>127non</span> <span class='ocrx_word' id='word_1_57' title='bbox 639 813 774 880; x_wconf 86' lang='lat' dir='ltr'>percepta</span> <span class='ocrx_word' id='word_1_58' title='bbox 790 811 883 877; x_wconf 83' lang='lat' dir='ltr'>poetae</span> <span class='ocrx_word' id='word_1_59' title='bbox 897 811 991 856; x_wconf 91' lang='lat' dir='ltr'>mente</span> <span class='ocrx_word' id='word_1_60' title='bbox 1004 797 1046 854; x_wconf 84' lang='lat' dir='ltr'>lo-</span> <span class='ocrx_word' id='word_1_61' title='bbox 1090 799 1173 862; x_wconf 83' lang='grc' dir='ltr'><strong>ὀστοῖς</strong></span> <span class='ocrx_word' id='word_1_62' title='bbox 1186 795 1254 854; x_wconf 86' lang='grc' dir='ltr'>κατὸ</span> <span class='ocrx_word' id='word_1_63' title='bbox 1268 795 1311 854; x_wconf 88' lang='grc' dir='ltr'>τὸν</span> <span class='ocrx_word' id='word_1_64' title='bbox 1327 794 1403 872; x_wconf 89' lang='grc' dir='ltr'>λόγον</span> <span class='ocrx_word' id='word_1_65' title='bbox 1414 793 1549 866; x_wconf 90' lang='grc' dir='ltr'>,τουτέστι</span> <span class='ocrx_word' id='word_1_66' title='bbox 1564 795 1632 852; x_wconf 87' lang='grc' dir='ltr'>κατὸι</span> <span class='ocrx_word' id='word_1_67' title='bbox 1649 792 1679 851; x_wconf 93' lang='grc' dir='ltr'>τὸ</span> <span class='ocrx_word' id='word_1_68' title='bbox 1694 784 1762 859; x_wconf 84' lang='grc' dir='ltr'>ε’ίὸος</span> <span class='ocrx_word' id='word_1_69' title='bbox 1778 793 1850 853; x_wconf 83' lang='grc' dir='ltr'>καίτὸ</span> 
     </span>
     <span class='ocr_line' id='line_1_6' title="bbox 270 871 1851 966; baseline -0.008 -15"><span class='ocrx_word' id='word_1_70' title='bbox 270 894 384 952; x_wconf 82' lang='lat' dir='ltr'>cumsic</span> <span class='ocrx_word' id='word_1_71' title='bbox 395 893 535 966; x_wconf 82' lang='lat' dir='ltr'>relingete</span> <span class='ocrx_word' id='word_1_72' title='bbox 542 889 680 948; x_wconf 85' lang='lat' dir='ltr'>tentabat:</span> <span class='ocrx_word' id='word_1_73' title='bbox 690 886 723 946; x_wconf 88' lang='grc' dir='ltr'>τὸ</span> <span class='ocrx_word' id='word_1_74' title='bbox 735 885 780 944; x_wconf 86' lang='grc' dir='ltr'>δύο</span> <span class='ocrx_word' id='word_1_75' title='bbox 790 889 843 944; x_wconf 80' lang='grc' dir='ltr'>τῶν</span> <span class='ocrx_word' id='word_1_76' title='bbox 853 883 922 943; x_wconf 86' lang='grc' dir='ltr'>ὀκτὼ</span> <span class='ocrx_word' id='word_1_77' title='bbox 935 883 1044 961; x_wconf 78' lang='grc' dir='ltr'>μοιρέων</span> <span class='ocrx_word' id='word_1_78' title='bbox 1088 883 1114 942; x_wconf 92' lang='grc' dir='ltr'>τί</span> <span class='ocrx_word' id='word_1_79' title='bbox 1128 873 1159 954; x_wconf 76' lang='grc' dir='ltr'>ῆν</span> <span class='ocrx_word' id='word_1_80' title='bbox 1173 873 1240 941; x_wconf 72' lang='grc' dir='ltr'>εἶναι</span> <span class='ocrx_word' id='word_1_81' title='bbox 1256 886 1345 958; x_wconf 88' lang='grc' dir='ltr'>(τοῦτο</span> <span class='ocrx_word' id='word_1_82' title='bbox 1356 880 1408 960; x_wconf 92' lang='grc' dir='ltr'>γσίρ</span> <span class='ocrx_word' id='word_1_83' title='bbox 1422 883 1492 940; x_wconf 79' lang='grc' dir='ltr'>ἔστιν</span> <span class='ocrx_word' id='word_1_84' title='bbox 1503 883 1517 939; x_wconf 87' lang='grc' dir='ltr'>ὸ</span> <span class='ocrx_word' id='word_1_85' title='bbox 1529 879 1637 958; x_wconf 82' lang='grc' dir='ltr'>λόγος),</span> <span class='ocrx_word' id='word_1_86' title='bbox 1651 879 1681 940; x_wconf 87' lang='grc' dir='ltr'>τὸ</span> <span class='ocrx_word' id='word_1_87' title='bbox 1692 883 1782 942; x_wconf 87' lang='grc' dir='ltr'>ὀστοῦν</span> <span class='ocrx_word' id='word_1_88' title='bbox 1795 871 1851 939; x_wconf 74' lang='grc' dir='ltr'>εἶναι</span> 
     </span>
     <span class='ocr_line' id='line_1_7' title="bbox 270 965 1851 1056; baseline -0.008 -20"><span class='ocrx_word' id='word_1_89' title='bbox 270 979 336 1056; x_wconf 82' lang='grc' dir='ltr'>λόχι</span> <span class='ocrx_word' id='word_1_90' title='bbox 351 979 497 1050; x_wconf 78' lang='grc' dir='ltr'>Νῆστιὸος,</span> <span class='ocrx_word' id='word_1_91' title='bbox 511 977 598 1052; x_wconf 83' lang='grc' dir='ltr'>Αὸγῆς</span> <span class='ocrx_word' id='word_1_92' title='bbox 611 971 717 1051; x_wconf 89' lang='grc' dir='ltr'>τέσσαρ’</span> <span class='ocrx_word' id='word_1_93' title='bbox 732 974 763 1030; x_wconf 79' lang='grc' dir='ltr'>ἰδ’</span> <span class='ocrx_word' id='word_1_94' title='bbox 779 971 949 1051; x_wconf 77' lang='grc' dir='ltr'>Ἡφαίστοιο,</span> <span class='ocrx_word' id='word_1_95' title='bbox 963 969 1045 1048; x_wconf 79' lang='grc' dir='ltr'>αιίγήν</span> <span class='ocrx_word' id='word_1_96' title='bbox 1090 969 1149 1028; x_wconf 86' lang='grc' dir='ltr'>κατ’</span> <span class='ocrx_word' id='word_1_97' title='bbox 1163 969 1254 1042; x_wconf 76' lang='grc' dir='ltr'>αὐτόν,</span> <span class='ocrx_word' id='word_1_98' title='bbox 1268 969 1347 1038; x_wconf 84' lang='grc' dir='ltr'>δῆλον</span> <span class='ocrx_word' id='word_1_99' title='bbox 1360 971 1394 1034; x_wconf 80' lang='grc' dir='ltr'>ὥς</span> <span class='ocrx_word' id='word_1_100' title='bbox 1411 967 1457 1027; x_wconf 85' lang='grc' dir='ltr'>καὸ</span> <span class='ocrx_word' id='word_1_101' title='bbox 1470 971 1503 1047; x_wconf 80' lang='grc' dir='ltr'>τῇ</span> <span class='ocrx_word' id='word_1_102' title='bbox 1518 966 1596 1044; x_wconf 87' lang='grc' dir='ltr'>σαρκὸ</span> <span class='ocrx_word' id='word_1_103' title='bbox 1609 965 1654 1025; x_wconf 79' lang='grc' dir='ltr'>καί</span> <span class='ocrx_word' id='word_1_104' title='bbox 1666 969 1705 1046; x_wconf 83' lang='grc' dir='ltr'>τῷ</span> <span class='ocrx_word' id='word_1_105' title='bbox 1719 971 1797 1046; x_wconf 82' lang='grc' dir='ltr'>νεαρῷ</span> <span class='ocrx_word' id='word_1_106' title='bbox 1814 969 1851 1025; x_wconf 82' lang='grc' dir='ltr'>καί</span> 
     </span>
     <span class='ocr_line' id='line_1_8' title="bbox 197 1045 1850 1139; baseline -0.006 -17"><span class='ocrx_word' id='word_1_107' title='bbox 197 1049 201 1058; x_wconf 61' lang='grc'><em>’</em></span> <span class='ocrx_word' id='word_1_108' title='bbox 272 1065 308 1122; x_wconf 90' lang='lat' dir='ltr'>de</span> <span class='ocrx_word' id='word_1_109' title='bbox 318 1069 385 1123; x_wconf 69' lang='lat' dir='ltr'>aere</span> <span class='ocrx_word' id='word_1_110' title='bbox 400 1063 436 1122; x_wconf 90' lang='lat' dir='ltr'>ab</span> <span class='ocrx_word' id='word_1_111' title='bbox 461 1061 634 1139; x_wconf 85' lang='lat' dir='ltr'>Empedocle</span> <span class='ocrx_word' id='word_1_112' title='bbox 654 1059 712 1118; x_wconf 91' lang='lat' dir='ltr'>dici</span> <span class='ocrx_word' id='word_1_113' title='bbox 729 1059 915 1118; x_wconf 85' lang='lat' dir='ltr'>contendens.</span> <span class='ocrx_word' id='word_1_114' title='bbox 932 1056 995 1115; x_wconf 86' lang='lat' dir='ltr'>vid.</span> <span class='ocrx_word' id='word_1_115' title='bbox 1009 1059 1045 1116; x_wconf 87' lang='lat' dir='ltr'>ad</span> <span class='ocrx_word' id='word_1_116' title='bbox 1090 1055 1192 1136; x_wconf 84' lang='grc' dir='ltr'>ίκοίστῳ</span> <span class='ocrx_word' id='word_1_117' title='bbox 1206 1059 1257 1116; x_wconf 83' lang='grc' dir='ltr'>τῶν</span> <span class='ocrx_word' id='word_1_118' title='bbox 1274 1055 1371 1127; x_wconf 87' lang='grc' dir='ltr'>ὀντων,</span> <span class='ocrx_word' id='word_1_119' title='bbox 1384 1045 1436 1114; x_wconf 77' lang='grc' dir='ltr'>οἷον</span> <span class='ocrx_word' id='word_1_120' title='bbox 1452 1054 1517 1134; x_wconf 90' lang='grc' dir='ltr'>λίθῳ</span> <span class='ocrx_word' id='word_1_121' title='bbox 1537 1052 1618 1134; x_wconf 77' lang='grc' dir='ltr'>ξύλῳ,</span> <span class='ocrx_word' id='word_1_122' title='bbox 1638 1053 1706 1111; x_wconf 87' lang='grc' dir='ltr'>κατὸι</span> <span class='ocrx_word' id='word_1_123' title='bbox 1723 1051 1764 1111; x_wconf 88' lang='grc' dir='ltr'>τὸν</span> <span class='ocrx_word' id='word_1_124' title='bbox 1786 1051 1850 1132; x_wconf 87' lang='grc' dir='ltr'>λόγον</span> 
     </span>
     <span class='ocr_line' id='line_1_9' title="bbox 272 1129 1851 1221; baseline -0.005 -17"><span class='ocrx_word' id='word_1_125' title='bbox 272 1171 348 1210; x_wconf 81' lang='lat' dir='ltr'>vers.</span> <span class='ocrx_word' id='word_1_126' title='bbox 368 1151 431 1209; x_wconf 84' lang='lat'>123.</span> <span class='ocrx_word' id='word_1_127' title='bbox 453 1152 489 1208; x_wconf 80' lang='lat' dir='ltr'>At</span> <span class='ocrx_word' id='word_1_128' title='bbox 512 1149 585 1206; x_wconf 88' lang='lat' dir='ltr'><strong>nihil</strong></span> <span class='ocrx_word' id='word_1_129' title='bbox 604 1146 780 1205; x_wconf 89' lang='lat' dir='ltr'>mutandum.</span> <span class='ocrx_word' id='word_1_130' title='bbox 797 1143 867 1203; x_wconf 87' lang='lat' dir='ltr'>Nam</span> <span class='ocrx_word' id='word_1_131' title='bbox 891 1163 994 1221; x_wconf 86' lang='lat' dir='ltr'>aquam</span> <span class='ocrx_word' id='word_1_132' title='bbox 1018 1157 1046 1202; x_wconf 93' lang='lat' dir='ltr'>et</span> <span class='ocrx_word' id='word_1_133' title='bbox 1090 1142 1135 1201; x_wconf 82' lang='grc' dir='ltr'>καί</span> <span class='ocrx_word' id='word_1_134' title='bbox 1146 1141 1177 1200; x_wconf 92' lang='grc' dir='ltr'>τὸ</span> <span class='ocrx_word' id='word_1_135' title='bbox 1190 1131 1268 1208; x_wconf 70' lang='grc' dir='ltr'>εἶδος·</span> <span class='ocrx_word' id='word_1_136' title='bbox 1287 1141 1304 1212; x_wconf 84' lang='grc' dir='ltr'>ῆ</span> <span class='ocrx_word' id='word_1_137' title='bbox 1325 1140 1375 1218; x_wconf 80' lang='grc' dir='ltr'>γὰρ</span> <span class='ocrx_word' id='word_1_138' title='bbox 1388 1140 1431 1199; x_wconf 69' lang='lat' dir='ltr'>ert</span> <span class='ocrx_word' id='word_1_139' title='bbox 1448 1141 1553 1197; x_wconf 82' lang='grc' dir='ltr'>πάντων</span> <span class='ocrx_word' id='word_1_140' title='bbox 1569 1139 1600 1198; x_wconf 85' lang='grc' dir='ltr'>τὸ</span> <span class='ocrx_word' id='word_1_141' title='bbox 1620 1129 1686 1204; x_wconf 76' lang='grc' dir='ltr'>εἶδος</span> <span class='ocrx_word' id='word_1_142' title='bbox 1701 1138 1773 1197; x_wconf 82' lang='grc' dir='ltr'>καὶὸ</span> <span class='ocrx_word' id='word_1_143' title='bbox 1789 1139 1851 1218; x_wconf 88' lang='grc' dir='ltr'>λόγος</span> 
     </span>
     <span class='ocr_line' id='line_1_10' title="bbox 271 1221 1818 1312; baseline -0.004 -18"><span class='ocrx_word' id='word_1_144' title='bbox 271 1238 366 1294; x_wconf 69' lang='lat' dir='ltr'>adrem</span> <span class='ocrx_word' id='word_1_145' title='bbox 376 1236 552 1312; x_wconf 77' lang='lat' dir='ltr'>conjunctim</span> <span class='ocrx_word' id='word_1_146' title='bbox 564 1236 693 1293; x_wconf 85' lang='lat' dir='ltr'>nominat</span> <span class='ocrx_word' id='word_1_147' title='bbox 705 1237 805 1303; x_wconf 90' lang='grc' dir='ltr'>Νῆστιν</span> <span class='ocrx_word' id='word_1_148' title='bbox 815 1232 932 1310; x_wconf 79' lang='grc' dir='ltr'>Αἴγλην,</span> <span class='ocrx_word' id='word_1_149' title='bbox 945 1251 1046 1309; x_wconf 89' lang='lat' dir='ltr'>quem·</span> <span class='ocrx_word' id='word_1_150' title='bbox 1090 1230 1170 1297; x_wconf 85' lang='grc' dir='ltr'>αίτιος</span> <span class='ocrx_word' id='word_1_151' title='bbox 1179 1235 1224 1289; x_wconf 89' lang='grc' dir='ltr'>τοῦ</span> <span class='ocrx_word' id='word_1_152' title='bbox 1236 1230 1344 1288; x_wconf 71' lang='grc' dir='ltr'>ἕκαστον</span> <span class='ocrx_word' id='word_1_153' title='bbox 1357 1221 1422 1288; x_wconf 77' lang='grc' dir='ltr'>εἶναι</span> <span class='ocrx_word' id='word_1_154' title='bbox 1434 1227 1448 1288; x_wconf 80' lang='grc' dir='ltr'>ὀ</span> <span class='ocrx_word' id='word_1_155' title='bbox 1461 1226 1544 1297; x_wconf 80' lang='grc' dir='ltr'>ἔστιν,</span> <span class='ocrx_word' id='word_1_156' title='bbox 1557 1225 1574 1297; x_wconf 85' lang='grc' dir='ltr'>ῆ</span> <span class='ocrx_word' id='word_1_157' title='bbox 1591 1228 1633 1285; x_wconf 74' lang='grc' dir='ltr'>ἐπ’</span> <span class='ocrx_word' id='word_1_158' title='bbox 1643 1225 1755 1302; x_wconf 80' lang='grc' dir='ltr'>αόδινός,</span> <span class='ocrx_word' id='word_1_159' title='bbox 1764 1229 1818 1288; x_wconf 78' lang='grc' dir='ltr'>κτλ.</span> 
     </span>
     <span class='ocr_line' id='line_1_11' title="bbox 273 1311 1852 1396; baseline -0.003 -18"><span class='ocrx_word' id='word_1_160' title='bbox 273 1321 428 1379; x_wconf 80' lang='lat' dir='ltr'>admodum</span> <span class='ocrx_word' id='word_1_161' title='bbox 440 1319 917 1395; x_wconf 78' lang='grc' dir='ltr'>ΦοῑῦσςἈπολλοιν,·ΠαλλὸςἈθέ,νη</span> <span class='ocrx_word' id='word_1_162' title='bbox 926 1318 1044 1390; x_wconf 79' lang='lat' dir='ltr'>dicitur,</span> <span class='ocrx_word' id='word_1_163' title='bbox 1128 1318 1176 1377; x_wconf 82' lang='lat' dir='ltr'>Vs.</span> <span class='ocrx_word' id='word_1_164' title='bbox 1189 1319 1255 1375; x_wconf 76' lang='grc' dir='ltr'>τιό.</span> <span class='ocrx_word' id='word_1_165' title='bbox 1266 1321 1301 1383; x_wconf 77' lang='grc' dir='ltr'>ὡς</span> <span class='ocrx_word' id='word_1_166' title='bbox 1314 1318 1336 1375; x_wconf 89' lang='grc' dir='ltr'>δ’</span> <span class='ocrx_word' id='word_1_167' title='bbox 1349 1317 1387 1374; x_wconf 80' lang='grc' dir='ltr'>ὅτ’</span> <span class='ocrx_word' id='word_1_168' title='bbox 1399 1317 1460 1382; x_wconf 88' lang='grc' dir='ltr'>ὀπὸς</span> <span class='ocrx_word' id='word_1_169' title='bbox 1474 1311 1544 1396; x_wconf 84' lang='grc' dir='ltr'>κτλ]</span> <span class='ocrx_word' id='word_1_170' title='bbox 1557 1315 1688 1372; x_wconf 79' lang='lat' dir='ltr'>serravit</span> <span class='ocrx_word' id='word_1_171' title='bbox 1697 1313 1852 1373; x_wconf 77' lang='lat' dir='ltr'>Plutarchus</span> 
     </span>
     <span class='ocr_line' id='line_1_12' title="bbox 275 1400 1852 1486; baseline -0.007 -18"><span class='ocrx_word' id='word_1_172' title='bbox 275 1411 377 1476; x_wconf 88' lang='grc' dir='ltr'>Νῆστιν</span> <span class='ocrx_word' id='word_1_173' title='bbox 390 1407 436 1486; x_wconf 87' lang='grc' dir='ltr'>μὸν</span> <span class='ocrx_word' id='word_1_174' title='bbox 447 1407 490 1464; x_wconf 89' lang='grc' dir='ltr'>διὸ</span> <span class='ocrx_word' id='word_1_175' title='bbox 499 1407 529 1465; x_wconf 92' lang='grc' dir='ltr'>τὸ</span> <span class='ocrx_word' id='word_1_176' title='bbox 545 1407 638 1485; x_wconf 81' lang='grc' dir='ltr'>ὑγρόν,</span> <span class='ocrx_word' id='word_1_177' title='bbox 655 1407 707 1465; x_wconf 78' lang='grc' dir='ltr'>ἀπὸ</span> <span class='ocrx_word' id='word_1_178' title='bbox 725 1413 769 1464; x_wconf 88' lang='grc' dir='ltr'>τοῦ</span> <span class='ocrx_word' id='word_1_179' title='bbox 783 1405 854 1465; x_wconf 88' lang='grc' dir='ltr'>νόιιν</span> <span class='ocrx_word' id='word_1_180' title='bbox 868 1403 914 1462; x_wconf 83' lang='grc' dir='ltr'>καί</span> <span class='ocrx_word' id='word_1_181' title='bbox 929 1407 980 1484; x_wconf 67' lang='grc' dir='ltr'>δεῖν</span> <span class='ocrx_word' id='word_1_182' title='bbox 997 1404 1044 1479; x_wconf 82' lang='lat' dir='ltr'>(cf.</span> <span class='ocrx_word' id='word_1_183' title='bbox 1090 1405 1126 1463; x_wconf 88' lang='lat' dir='ltr'>de</span> <span class='ocrx_word' id='word_1_184' title='bbox 1137 1405 1228 1462; x_wconf 80' lang='lat' dir='ltr'>Amic.</span> <span class='ocrx_word' id='word_1_185' title='bbox 1239 1405 1321 1464; x_wconf 89' lang='lat' dir='ltr'>mult.</span> <span class='ocrx_word' id='word_1_186' title='bbox 1333 1423 1400 1482; x_wconf 83' lang='lat' dir='ltr'>pag.</span> <span class='ocrx_word' id='word_1_187' title='bbox 1410 1404 1460 1480; x_wconf 85' lang='lat'>95,</span> <span class='ocrx_word' id='word_1_188' title='bbox 1471 1403 1533 1462; x_wconf 83' lang='lat' dir='ltr'>vol.</span> <span class='ocrx_word' id='word_1_189' title='bbox 1545 1401 1582 1458; x_wconf 83' lang='lat' dir='ltr'>vl</span> <span class='ocrx_word' id='word_1_190' title='bbox 1594 1422 1622 1479; x_wconf 88' lang='lat' dir='ltr'>p.</span> <span class='ocrx_word' id='word_1_191' title='bbox 1636 1401 1692 1473; x_wconf 82' lang='lat'>357</span> <span class='ocrx_word' id='word_1_192' title='bbox 1706 1422 1713 1458; x_wconf 84' lang='grc' dir='ltr'>ι</span> <span class='ocrx_word' id='word_1_193' title='bbox 1728 1400 1797 1476; x_wconf 79' lang='grc' dir='ltr'>ἡμίν</span> <span class='ocrx_word' id='word_1_194' title='bbox 1811 1403 1852 1481; x_wconf 87' lang='grc' dir='ltr'>γὸρ</span> 
     </span>
     <span class='ocr_line' id='line_1_13' title="bbox 273 1485 1852 1573; baseline -0.006 -21"><span class='ocrx_word' id='word_1_195' title='bbox 273 1495 309 1553; x_wconf 88' lang='lat' dir='ltr'>ad</span> <span class='ocrx_word' id='word_1_196' title='bbox 323 1513 401 1554; x_wconf 77' lang='lat' dir='ltr'>tere.</span> <span class='ocrx_word' id='word_1_197' title='bbox 421 1497 472 1551; x_wconf 81' lang='lat'>161</span> <span class='ocrx_word' id='word_1_198' title='bbox 488 1497 510 1570; x_wconf 90' lang='grc'>),</span> <span class='ocrx_word' id='word_1_199' title='bbox 527 1492 627 1570; x_wconf 84' lang='grc' dir='ltr'>Αίγλην</span> <span class='ocrx_word' id='word_1_200' title='bbox 646 1493 687 1563; x_wconf 85' lang='grc' dir='ltr'>δι’,</span> <span class='ocrx_word' id='word_1_201' title='bbox 703 1497 736 1560; x_wconf 81' lang='grc' dir='ltr'>ίις</span> <span class='ocrx_word' id='word_1_202' title='bbox 751 1495 881 1573; x_wconf 88' lang='grc' dir='ltr'>διαφανῆ,</span> <span class='ocrx_word' id='word_1_203' title='bbox 896 1510 961 1568; x_wconf 83' lang='lat' dir='ltr'>quae</span> <span class='ocrx_word' id='word_1_204' title='bbox 980 1503 1048 1549; x_wconf 78' lang='lat' dir='ltr'>sunt</span> <span class='ocrx_word' id='word_1_205' title='bbox 1090 1487 1204 1566; x_wconf 73' lang='grc' dir='ltr'>(φιλία)</span> <span class='ocrx_word' id='word_1_206' title='bbox 1225 1486 1330 1565; x_wconf 75' lang='grc' dir='ltr'>συνάγει</span> <span class='ocrx_word' id='word_1_207' title='bbox 1348 1487 1394 1545; x_wconf 84' lang='grc' dir='ltr'>καί</span> <span class='ocrx_word' id='word_1_208' title='bbox 1415 1486 1551 1558; x_wconf 77' lang='grc' dir='ltr'>συνίστησι</span> <span class='ocrx_word' id='word_1_209' title='bbox 1563 1485 1609 1542; x_wconf 74' lang='lat' dir='ltr'>rol</span> <span class='ocrx_word' id='word_1_210' title='bbox 1626 1485 1730 1564; x_wconf 75' lang='grc' dir='ltr'>συνέχει</span> <span class='ocrx_word' id='word_1_211' title='bbox 1743 1507 1852 1543; x_wconf 89' lang='grc' dir='ltr'>καταπυ-</span> 
     </span>
     <span class='ocr_line' id='line_1_14' title="bbox 273 1571 1853 1658; baseline -0.005 -20"><span class='ocrx_word' id='word_1_212' title='bbox 273 1581 417 1658; x_wconf 85' lang='lat' dir='ltr'>Simplicii</span> <span class='ocrx_word' id='word_1_213' title='bbox 431 1580 521 1639; x_wconf 85' lang='lat' dir='ltr'>verba</span> <span class='ocrx_word' id='word_1_214' title='bbox 533 1581 569 1638; x_wconf 90' lang='lat' dir='ltr'>ad</span> <span class='ocrx_word' id='word_1_215' title='bbox 584 1583 671 1641; x_wconf 80' lang='lat' dir='ltr'>Arist.</span> <span class='ocrx_word' id='word_1_216' title='bbox 684 1581 719 1640; x_wconf 89' lang='lat' dir='ltr'>de</span> <span class='ocrx_word' id='word_1_217' title='bbox 734 1580 829 1639; x_wconf 75' lang='lat' dir='ltr'>duim.</span> <span class='ocrx_word' id='word_1_218' title='bbox 843 1581 982 1638; x_wconf 83' lang='lat' dir='ltr'>utstatim</span> <span class='ocrx_word' id='word_1_219' title='bbox 997 1579 1047 1635; x_wconf 88' lang='lat' dir='ltr'>vi·</span> <span class='ocrx_word' id='word_1_220' title='bbox 1091 1581 1185 1634; x_wconf 88' lang='grc' dir='ltr'>κυοῦσα</span> <span class='ocrx_word' id='word_1_221' title='bbox 1198 1577 1256 1642; x_wconf 82' lang='grc' dir='ltr'>ταῖς</span> <span class='ocrx_word' id='word_1_222' title='bbox 1267 1573 1381 1650; x_wconf 76' lang='grc' dir='ltr'>ὁμιλίαις</span> <span class='ocrx_word' id='word_1_223' title='bbox 1394 1573 1439 1632; x_wconf 82' lang='grc' dir='ltr'>καὶ</span> <span class='ocrx_word' id='word_1_224' title='bbox 1447 1572 1658 1652; x_wconf 78' lang='grc' dir='ltr'>φιλοφροσύναις,</span> <span class='ocrx_word' id='word_1_225' title='bbox 1669 1575 1704 1638; x_wconf 79' lang='grc' dir='ltr'>ὡς</span> <span class='ocrx_word' id='word_1_226' title='bbox 1718 1573 1741 1630; x_wconf 83' lang='grc' dir='ltr'>δ’</span> <span class='ocrx_word' id='word_1_227' title='bbox 1750 1571 1786 1630; x_wconf 75' lang='grc' dir='ltr'>ὅτ’</span> <span class='ocrx_word' id='word_1_228' title='bbox 1800 1573 1853 1639; x_wconf 91' lang='grc' dir='ltr'>ὀπὸς</span> 
     </span>
     <span class='ocr_line' id='line_1_15' title="bbox 274 1659 1851 1746; baseline -0.006 -20"><span class='ocrx_word' id='word_1_229' title='bbox 274 1669 417 1728; x_wconf 80' lang='lat' dir='ltr'>debimus.</span> <span class='ocrx_word' id='word_1_230' title='bbox 433 1668 467 1725; x_wconf 88' lang='lat' dir='ltr'>ln</span> <span class='ocrx_word' id='word_1_231' title='bbox 481 1689 540 1744; x_wconf 92' lang='lat' dir='ltr'>quo</span> <span class='ocrx_word' id='word_1_232' title='bbox 554 1666 645 1735; x_wconf 80' lang='grc' dir='ltr'>ὕδατος</span> <span class='ocrx_word' id='word_1_233' title='bbox 660 1669 705 1726; x_wconf 89' lang='grc' dir='ltr'>καί</span> <span class='ocrx_word' id='word_1_234' title='bbox 720 1667 794 1746; x_wconf 77' lang='grc' dir='ltr'>ἀέρος</span> <span class='ocrx_word' id='word_1_235' title='bbox 813 1665 858 1726; x_wconf 87' lang='grc' dir='ltr'>δύο</span> <span class='ocrx_word' id='word_1_236' title='bbox 873 1665 963 1744; x_wconf 81' lang='grc' dir='ltr'>μοίρας</span> <span class='ocrx_word' id='word_1_237' title='bbox 982 1666 1046 1724; x_wconf 78' lang='grc' dir='ltr'>σίνε</span> <span class='ocrx_word' id='word_1_238' title='bbox 1090 1667 1187 1720; x_wconf 62' lang='grc' dir='ltr'>-κατ</span> <span class='ocrx_word' id='word_1_239' title='bbox 1202 1661 1397 1736; x_wconf 81' lang='grc' dir='ltr'>Ἐμπεδοκλέα.</span> <span class='ocrx_word' id='word_1_240' title='bbox 1414 1661 1486 1718; x_wconf 85' lang='lat' dir='ltr'>Cum</span> <span class='ocrx_word' id='word_1_241' title='bbox 1501 1660 1558 1720; x_wconf 90' lang='lat' dir='ltr'>hoc</span> <span class='ocrx_word' id='word_1_242' title='bbox 1573 1659 1742 1736; x_wconf 84' lang='lat' dir='ltr'>jungendus</span> <span class='ocrx_word' id='word_1_243' title='bbox 1756 1661 1851 1717; x_wconf 73' lang='lat' dir='ltr'>Aristo·</span> 
     </span>
     <span class='ocr_line' id='line_1_16' title="bbox 274 1745 1853 1834; baseline -0.004 -21"><span class='ocrx_word' id='word_1_244' title='bbox 274 1754 399 1834; x_wconf 76' lang='grc' dir='ltr'>ἑκατέρας</span> <span class='ocrx_word' id='word_1_245' title='bbox 423 1753 471 1812; x_wconf 75' lang='lat' dir='ltr'>dol</span> <span class='ocrx_word' id='word_1_246' title='bbox 495 1753 556 1830; x_wconf 87' lang='grc' dir='ltr'>μίαν</span> <span class='ocrx_word' id='word_1_247' title='bbox 582 1755 684 1833; x_wconf 84' lang='grc' dir='ltr'>μοῖραν,</span> <span class='ocrx_word' id='word_1_248' title='bbox 708 1754 873 1832; x_wconf 85' lang='lat' dir='ltr'>Philopono</span> <span class='ocrx_word' id='word_1_249' title='bbox 891 1753 1047 1830; x_wconf 83' lang='lat' dir='ltr'>interprete</span> <span class='ocrx_word' id='word_1_250' title='bbox 1091 1750 1161 1808; x_wconf 82' lang='lat' dir='ltr'>teles</span> <span class='ocrx_word' id='word_1_251' title='bbox 1176 1749 1212 1807; x_wconf 89' lang='lat' dir='ltr'>de</span> <span class='ocrx_word' id='word_1_252' title='bbox 1227 1750 1300 1809; x_wconf 88' lang='lat' dir='ltr'>Gen.</span> <span class='ocrx_word' id='word_1_253' title='bbox 1315 1745 1401 1806; x_wconf 86' lang='lat' dir='ltr'>anim.</span> <span class='ocrx_word' id='word_1_254' title='bbox 1415 1747 1494 1817; x_wconf 60' lang='lat' dir='ltr'>Im</span> <span class='ocrx_word' id='word_1_255' title='bbox 1516 1767 1547 1825; x_wconf 87' lang='lat' dir='ltr'>p.</span> <span class='ocrx_word' id='word_1_256' title='bbox 1564 1767 1617 1819; x_wconf 87' lang='lat'>771</span> <span class='ocrx_word' id='word_1_257' title='bbox 1640 1745 1670 1804; x_wconf 90' lang='lat' dir='ltr'>b.</span> <span class='ocrx_word' id='word_1_258' title='bbox 1688 1747 1733 1806; x_wconf 88' lang='lat' dir='ltr'>ed.</span> <span class='ocrx_word' id='word_1_259' title='bbox 1748 1747 1853 1807; x_wconf 74' lang='lat' dir='ltr'>betto.</span> 
     </span>
     <span class='ocr_line' id='line_1_17' title="bbox 274 1833 1853 1918; baseline -0.008 -17"><span class='ocrx_word' id='word_1_260' title='bbox 274 1861 336 1901; x_wconf 78' lang='lat' dir='ltr'>esse</span> <span class='ocrx_word' id='word_1_261' title='bbox 346 1843 564 1904; x_wconf 81' lang='lat' dir='ltr'>vult.Caeterum</span> <span class='ocrx_word' id='word_1_262' title='bbox 576 1855 715 1918; x_wconf 84' lang='lat' dir='ltr'>quatenus</span> <span class='ocrx_word' id='word_1_263' title='bbox 725 1841 911 1918; x_wconf 84' lang='lat' dir='ltr'>Empedocles</span> <span class='ocrx_word' id='word_1_264' title='bbox 922 1841 1046 1898; x_wconf 88' lang='lat' dir='ltr'>aliorum</span> <span class='ocrx_word' id='word_1_265' title='bbox 1090 1838 1120 1896; x_wconf 89' lang='grc' dir='ltr'>τὸ</span> <span class='ocrx_word' id='word_1_266' title='bbox 1135 1837 1162 1896; x_wconf 81' lang='lat' dir='ltr'>ll</span> <span class='ocrx_word' id='word_1_267' title='bbox 1175 1835 1280 1915; x_wconf 85' lang='grc' dir='ltr'>σπέρμα</span> <span class='ocrx_word' id='word_1_268' title='bbox 1294 1836 1325 1894; x_wconf 89' lang='grc' dir='ltr'>τὸ</span> <span class='ocrx_word' id='word_1_269' title='bbox 1339 1841 1386 1895; x_wconf 90' lang='grc' dir='ltr'>τοῦ</span> <span class='ocrx_word' id='word_1_270' title='bbox 1407 1835 1529 1914; x_wconf 77' lang='grc' dir='ltr'>ἄρρενος,</span> <span class='ocrx_word' id='word_1_271' title='bbox 1542 1833 1594 1893; x_wconf 76' lang='lat' dir='ltr'>rita</span> <span class='ocrx_word' id='word_1_272' title='bbox 1609 1833 1787 1909; x_wconf 83' lang='grc' dir='ltr'>συμῦοίλλεται</span> <span class='ocrx_word' id='word_1_273' title='bbox 1799 1833 1853 1910; x_wconf 78' lang='grc' dir='ltr'>πρὸς</span> 
     </span>
     <span class='ocr_line' id='line_1_18' title="bbox 276 1921 1853 2004; baseline -0.004 -19"><span class='ocrx_word' id='word_1_274' title='bbox 276 1930 474 1986; x_wconf 80' lang='lat' dir='ltr'>anctoritatem</span> <span class='ocrx_word' id='word_1_275' title='bbox 488 1929 598 1986; x_wconf 85' lang='lat' dir='ltr'>curarit</span> <span class='ocrx_word' id='word_1_276' title='bbox 612 1929 662 2004; x_wconf 90' lang='lat' dir='ltr'>qui</span> <span class='ocrx_word' id='word_1_277' title='bbox 677 1927 776 2003; x_wconf 85' lang='grc' dir='ltr'>Αἴγλην</span> <span class='ocrx_word' id='word_1_278' title='bbox 787 1947 872 1986; x_wconf 88' lang='lat' dir='ltr'>unam</span> <span class='ocrx_word' id='word_1_279' title='bbox 882 1927 1046 1985; x_wconf 87' lang='lat' dir='ltr'>Gratiarum</span> <span class='ocrx_word' id='word_1_280' title='bbox 1091 1925 1139 1996; x_wconf 77' lang='grc' dir='ltr'>τὸν</span> <span class='ocrx_word' id='word_1_281' title='bbox 1155 1925 1218 1996; x_wconf 83' lang='grc' dir='ltr'>ῦλην</span> <span class='ocrx_word' id='word_1_282' title='bbox 1234 1923 1324 2003; x_wconf 89' lang='grc' dir='ltr'>μόριον</span> <span class='ocrx_word' id='word_1_283' title='bbox 1345 1923 1478 2002; x_wconf 90' lang='grc' dir='ltr'>γινόμενον</span> <span class='ocrx_word' id='word_1_284' title='bbox 1493 1927 1539 1980; x_wconf 89' lang='grc' dir='ltr'>τοῦ</span> <span class='ocrx_word' id='word_1_285' title='bbox 1556 1922 1691 1997; x_wconf 78' lang='grc' dir='ltr'>κυήματος</span> <span class='ocrx_word' id='word_1_286' title='bbox 1711 1921 1754 1978; x_wconf 84' lang='grc' dir='ltr'>καὶ</span> <span class='ocrx_word' id='word_1_287' title='bbox 1772 1923 1806 2000; x_wconf 81' lang='grc' dir='ltr'>τῷ</span> <span class='ocrx_word' id='word_1_288' title='bbox 1816 1925 1853 1978; x_wconf 89' lang='grc' dir='ltr'>τοῦ</span> 
     </span>
     <span class='ocr_line' id='line_1_19' title="bbox 274 2006 1852 2095; baseline -0.004 -23"><span class='ocrx_word' id='word_1_289' title='bbox 274 2016 320 2074; x_wconf 78' lang='lat' dir='ltr'>vel</span> <span class='ocrx_word' id='word_1_290' title='bbox 337 2036 435 2074; x_wconf 89' lang='lat' dir='ltr'>earum</span> <span class='ocrx_word' id='word_1_291' title='bbox 451 2029 568 2074; x_wconf 84' lang='lat' dir='ltr'>matrem</span> <span class='ocrx_word' id='word_1_292' title='bbox 584 2016 706 2095; x_wconf 80' lang='lat' dir='ltr'>conjuge</span> <span class='ocrx_word' id='word_1_293' title='bbox 719 2016 786 2074; x_wconf 85' lang='lat' dir='ltr'>Sole</span> <span class='ocrx_word' id='word_1_294' title='bbox 803 2035 865 2074; x_wconf 83' lang='lat' dir='ltr'>esse</span> <span class='ocrx_word' id='word_1_295' title='bbox 885 2027 1046 2073; x_wconf 87' lang='lat' dir='ltr'>statuerunt</span> <span class='ocrx_word' id='word_1_296' title='bbox 1093 2013 1183 2085; x_wconf 82' lang='grc' dir='ltr'>θήλεος</span> <span class='ocrx_word' id='word_1_297' title='bbox 1197 2013 1330 2090; x_wconf 81' lang='grc' dir='ltr'>σπέρματι</span> <span class='ocrx_word' id='word_1_298' title='bbox 1353 2011 1524 2090; x_wconf 79' lang='grc' dir='ltr'>μιγνύμενον,</span> <span class='ocrx_word' id='word_1_299' title='bbox 1541 2009 1592 2069; x_wconf 78' lang='lat' dir='ltr'>alre</span> <span class='ocrx_word' id='word_1_300' title='bbox 1606 2009 1651 2068; x_wconf 89' lang='grc' dir='ltr'>καὸ</span> <span class='ocrx_word' id='word_1_301' title='bbox 1666 2006 1705 2086; x_wconf 80' lang='grc' dir='ltr'>μὴ</span> <span class='ocrx_word' id='word_1_302' title='bbox 1720 2015 1802 2069; x_wconf 88' lang='grc' dir='ltr'>τοῦτον</span> <span class='ocrx_word' id='word_1_303' title='bbox 1815 2007 1852 2066; x_wconf 89' lang='grc' dir='ltr'>τὸν</span> 
     </span>
     <span class='ocr_line' id='line_1_20' title="bbox 276 2096 1853 2178; baseline -0.003 -19"><span class='ocrx_word' id='word_1_304' title='bbox 276 2101 354 2176; x_wconf 85' lang='lat' dir='ltr'>(vid.</span> <span class='ocrx_word' id='word_1_305' title='bbox 372 2102 492 2178; x_wconf 87' lang='lat' dir='ltr'>llesych.</span> <span class='ocrx_word' id='word_1_306' title='bbox 509 2103 538 2160; x_wconf 90' lang='lat' dir='ltr'>in</span> <span class='ocrx_word' id='word_1_307' title='bbox 550 2101 611 2178; x_wconf 84' lang='lat' dir='ltr'>v.),</span> <span class='ocrx_word' id='word_1_308' title='bbox 626 2114 767 2178; x_wconf 78' lang='lat' dir='ltr'>quatenus</span> <span class='ocrx_word' id='word_1_309' title='bbox 781 2101 886 2178; x_wconf 86' lang='lat' dir='ltr'>ipsein</span> <span class='ocrx_word' id='word_1_310' title='bbox 901 2100 946 2159; x_wconf 87' lang='lat' dir='ltr'>bis</span> <span class='ocrx_word' id='word_1_311' title='bbox 961 2100 1048 2159; x_wconf 88' lang='lat' dir='ltr'>rebus</span> <span class='ocrx_word' id='word_1_312' title='bbox 1093 2100 1205 2178; x_wconf 84' lang='grc' dir='ltr'>τρόπον,</span> <span class='ocrx_word' id='word_1_313' title='bbox 1220 2099 1280 2158; x_wconf 75' lang='grc' dir='ltr'>ἀλλ’</span> <span class='ocrx_word' id='word_1_314' title='bbox 1295 2098 1385 2176; x_wconf 77' lang='grc' dir='ltr'>ὥσπερ</span> <span class='ocrx_word' id='word_1_315' title='bbox 1398 2097 1484 2178; x_wconf 67' lang='lat' dir='ltr'>paple</span> <span class='ocrx_word' id='word_1_316' title='bbox 1498 2098 1609 2176; x_wconf 81' lang='grc' dir='ltr'>συνάγον</span> <span class='ocrx_word' id='word_1_317' title='bbox 1628 2096 1673 2154; x_wconf 88' lang='grc' dir='ltr'>καὸ</span> <span class='ocrx_word' id='word_1_318' title='bbox 1698 2097 1853 2174; x_wconf 79' lang='grc' dir='ltr'>δημιουργοῦν</span> 
     </span>
     <span class='ocr_line' id='line_1_21' title="bbox 274 2183 1853 2265; baseline -0.001 -21"><span class='ocrx_word' id='word_1_319' title='bbox 274 2188 385 2265; x_wconf 86' lang='lat' dir='ltr'>aliquid</span> <span class='ocrx_word' id='word_1_320' title='bbox 400 2187 534 2262; x_wconf 82' lang='lat' dir='ltr'>novarit,</span> <span class='ocrx_word' id='word_1_321' title='bbox 550 2207 609 2245; x_wconf 92' lang='lat' dir='ltr'>non</span> <span class='ocrx_word' id='word_1_322' title='bbox 624 2187 736 2245; x_wconf 87' lang='lat' dir='ltr'>laboro.</span> <span class='ocrx_word' id='word_1_323' title='bbox 754 2187 897 2244; x_wconf 79' lang='lat' dir='ltr'>Praeterea</span> <span class='ocrx_word' id='word_1_324' title='bbox 913 2187 987 2244; x_wconf 88' lang='lat' dir='ltr'>nihil</span> <span class='ocrx_word' id='word_1_325' title='bbox 1003 2205 1048 2243; x_wconf 90' lang='lat' dir='ltr'>re-</span> <span class='ocrx_word' id='word_1_326' title='bbox 1092 2185 1139 2255; x_wconf 77' lang='grc' dir='ltr'>τὴν</span> <span class='ocrx_word' id='word_1_327' title='bbox 1150 2185 1213 2257; x_wconf 82' lang='grc' dir='ltr'>ίλην</span> <span class='ocrx_word' id='word_1_328' title='bbox 1229 2185 1275 2256; x_wconf 72' lang='grc' dir='ltr'>τὴν</span> <span class='ocrx_word' id='word_1_329' title='bbox 1290 2187 1316 2243; x_wconf 82' lang='grc' dir='ltr'>έν</span> <span class='ocrx_word' id='word_1_330' title='bbox 1337 2189 1374 2264; x_wconf 82' lang='grc' dir='ltr'>τῷ</span> <span class='ocrx_word' id='word_1_331' title='bbox 1391 2186 1463 2256; x_wconf 83' lang='grc' dir='ltr'>θήλει</span> <span class='ocrx_word' id='word_1_332' title='bbox 1477 2185 1522 2243; x_wconf 87' lang='grc' dir='ltr'>καὸ</span> <span class='ocrx_word' id='word_1_333' title='bbox 1532 2185 1563 2244; x_wconf 90' lang='grc' dir='ltr'>τὸ</span> <span class='ocrx_word' id='word_1_334' title='bbox 1574 2183 1726 2262; x_wconf 88' lang='grc' dir='ltr'>περίττωμα</span> <span class='ocrx_word' id='word_1_335' title='bbox 1745 2183 1773 2242; x_wconf 86' lang='grc' dir='ltr'>τὸ</span> <span class='ocrx_word' id='word_1_336' title='bbox 1785 2207 1853 2264; x_wconf 86' lang='grc' dir='ltr'>στερ·</span> 
     </span>
     <span class='ocr_line' id='line_1_22' title="bbox 276 2270 1852 2354; baseline -0.001 -24"><span class='ocrx_word' id='word_1_337' title='bbox 276 2275 345 2345; x_wconf 86' lang='lat' dir='ltr'>lert,</span> <span class='ocrx_word' id='word_1_338' title='bbox 358 2287 453 2334; x_wconf 85' lang='lat' dir='ltr'>utrum</span> <span class='ocrx_word' id='word_1_339' title='bbox 466 2279 564 2344; x_wconf 83' lang='grc' dir='ltr'>Νῆστιν</span> <span class='ocrx_word' id='word_1_340' title='bbox 578 2273 678 2351; x_wconf 87' lang='grc' dir='ltr'>Αίγλην</span> <span class='ocrx_word' id='word_1_341' title='bbox 689 2295 791 2350; x_wconf 81' lang='lat' dir='ltr'>uquam</span> <span class='ocrx_word' id='word_1_342' title='bbox 799 2277 972 2350; x_wconf 81' lang='lat' dir='ltr'>pellucidam</span> <span class='ocrx_word' id='word_1_343' title='bbox 986 2275 1049 2332; x_wconf 81' lang='lat' dir='ltr'>sive</span> <span class='ocrx_word' id='word_1_344' title='bbox 1092 2273 1219 2350; x_wconf 79' lang='grc' dir='ltr'>ματικόν,</span> <span class='ocrx_word' id='word_1_345' title='bbox 1230 2273 1348 2354; x_wconf 77' lang='grc' dir='ltr'>καθάπερ</span> <span class='ocrx_word' id='word_1_346' title='bbox 1363 2277 1376 2332; x_wconf 88' lang='grc' dir='ltr'>ὸ</span> <span class='ocrx_word' id='word_1_347' title='bbox 1390 2273 1452 2339; x_wconf 81' lang='grc' dir='ltr'>ὀπὸς</span> <span class='ocrx_word' id='word_1_348' title='bbox 1465 2270 1513 2342; x_wconf 80' lang='grc' dir='ltr'>τὴν</span> <span class='ocrx_word' id='word_1_349' title='bbox 1523 2273 1653 2351; x_wconf 76' lang='grc' dir='ltr'>ὑγρότητα</span> <span class='ocrx_word' id='word_1_350' title='bbox 1667 2277 1714 2330; x_wconf 87' lang='grc' dir='ltr'>τοῦ</span> <span class='ocrx_word' id='word_1_351' title='bbox 1728 2271 1852 2349; x_wconf 82' lang='grc' dir='ltr'>γάλακτος,</span> 
     </span>
     <span class='ocr_line' id='line_1_23' title="bbox 274 2357 1854 2439; baseline -0.001 -23"><span class='ocrx_word' id='word_1_352' title='bbox 274 2369 396 2430; x_wconf 82' lang='lat' dir='ltr'>aeriam,</span> <span class='ocrx_word' id='word_1_353' title='bbox 416 2381 452 2419; x_wconf 88' lang='lat' dir='ltr'>an</span> <span class='ocrx_word' id='word_1_354' title='bbox 461 2365 580 2436; x_wconf 78' lang='lat' dir='ltr'>fluidum</span> <span class='ocrx_word' id='word_1_355' title='bbox 597 2361 703 2437; x_wconf 74' lang='lat' dir='ltr'>(aeris)</span> <span class='ocrx_word' id='word_1_356' title='bbox 715 2364 889 2434; x_wconf 79' lang='lat' dir='ltr'>splendorem</span> <span class='ocrx_word' id='word_1_357' title='bbox 911 2379 1047 2439; x_wconf 79' lang='lat' dir='ltr'>exponas.</span> <span class='ocrx_word' id='word_1_358' title='bbox 1093 2359 1135 2417; x_wconf 83' lang='grc' dir='ltr'>διὸ</span> <span class='ocrx_word' id='word_1_359' title='bbox 1157 2360 1214 2418; x_wconf 90' lang='grc' dir='ltr'>τίνα</span> <span class='ocrx_word' id='word_1_360' title='bbox 1229 2360 1288 2418; x_wconf 85' lang='grc' dir='ltr'>ποτ’</span> <span class='ocrx_word' id='word_1_361' title='bbox 1310 2359 1396 2418; x_wconf 84' lang='grc' dir='ltr'>αἰτίαν</span> <span class='ocrx_word' id='word_1_362' title='bbox 1419 2361 1469 2438; x_wconf 74' lang='grc' dir='ltr'>οὐχ</span> <span class='ocrx_word' id='word_1_363' title='bbox 1484 2358 1510 2417; x_wconf 81' lang='grc' dir='ltr'>έν</span> <span class='ocrx_word' id='word_1_364' title='bbox 1535 2361 1660 2418; x_wconf 78' lang='grc' dir='ltr'>ἀποτελεῖ</span> <span class='ocrx_word' id='word_1_365' title='bbox 1676 2361 1741 2438; x_wconf 81' lang='grc' dir='ltr'>ζῷον</span> <span class='ocrx_word' id='word_1_366' title='bbox 1761 2357 1854 2434; x_wconf 84' lang='grc' dir='ltr'>μέγεθος</span> 
     </span>
     <span class='ocr_line' id='line_1_24' title="bbox 314 2445 1853 2526; baseline 0 -24"><span class='ocrx_word' id='word_1_367' title='bbox 314 2446 362 2505; x_wconf 81' lang='lat' dir='ltr'>Va.</span> <span class='ocrx_word' id='word_1_368' title='bbox 389 2449 445 2504; x_wconf 77' lang='lat'>213</span> <span class='ocrx_word' id='word_1_369' title='bbox 475 2446 556 2506; x_wconf 84' lang='grc' dir='ltr'>λευκὸ</span> <span class='ocrx_word' id='word_1_370' title='bbox 581 2446 685 2524; x_wconf 89' lang='grc' dir='ltr'>γένοντο</span> <span class='ocrx_word' id='word_1_371' title='bbox 712 2448 846 2526; x_wconf 83' lang='lat' dir='ltr'>plerique</span> <span class='ocrx_word' id='word_1_372' title='bbox 874 2448 1046 2525; x_wconf 56' lang='lat' dir='ltr'>scriptorem</span> <span class='ocrx_word' id='word_1_373' title='bbox 1093 2445 1169 2524; x_wconf 74' lang='grc' dir='ltr'>ἔχον,</span> <span class='ocrx_word' id='word_1_374' title='bbox 1184 2447 1324 2516; x_wconf 85' lang='lat' dir='ltr'>Quamvis</span> <span class='ocrx_word' id='word_1_375' title='bbox 1338 2459 1432 2505; x_wconf 87' lang='lat' dir='ltr'>autem</span> <span class='ocrx_word' id='word_1_376' title='bbox 1449 2447 1591 2505; x_wconf 86' lang='lat' dir='ltr'>incertum</span> <span class='ocrx_word' id='word_1_377' title='bbox 1609 2447 1664 2522; x_wconf 84' lang='lat' dir='ltr'>sit,</span> <span class='ocrx_word' id='word_1_378' title='bbox 1681 2445 1713 2504; x_wconf 92' lang='lat' dir='ltr'>in</span> <span class='ocrx_word' id='word_1_379' title='bbox 1727 2465 1781 2522; x_wconf 88' lang='lat' dir='ltr'>qua</span> <span class='ocrx_word' id='word_1_380' title='bbox 1797 2465 1853 2502; x_wconf 86' lang='lat' dir='ltr'>car·</span> 
     </span>
     <span class='ocr_line' id='line_1_25' title="bbox 274 2529 1852 2612; baseline -0.001 -22"><span class='ocrx_word' id='word_1_381' title='bbox 274 2532 345 2591; x_wconf 82' lang='grc' dir='ltr'>λεόκ’</span> <span class='ocrx_word' id='word_1_382' title='bbox 360 2533 475 2610; x_wconf 83' lang='grc' dir='ltr'>ίγένοντο</span> <span class='ocrx_word' id='word_1_383' title='bbox 493 2533 656 2590; x_wconf 78' lang='lat' dir='ltr'>Alexander</span> <span class='ocrx_word' id='word_1_384' title='bbox 670 2532 706 2590; x_wconf 86' lang='lat' dir='ltr'>ad</span> <span class='ocrx_word' id='word_1_385' title='bbox 727 2551 811 2609; x_wconf 89' lang='lat' dir='ltr'>quern</span> <span class='ocrx_word' id='word_1_386' title='bbox 833 2546 968 2610; x_wconf 84' lang='lat' dir='ltr'>tanquam</span> <span class='ocrx_word' id='word_1_387' title='bbox 987 2552 1047 2591; x_wconf 82' lang='lat' dir='ltr'>ma·</span> <span class='ocrx_word' id='word_1_388' title='bbox 1094 2533 1204 2591; x_wconf 89' lang='lat' dir='ltr'>minum</span> <span class='ocrx_word' id='word_1_389' title='bbox 1228 2545 1309 2612; x_wconf 85' lang='lat' dir='ltr'>parte</span> <span class='ocrx_word' id='word_1_390' title='bbox 1329 2532 1407 2592; x_wconf 88' lang='lat' dir='ltr'>buno</span> <span class='ocrx_word' id='word_1_391' title='bbox 1425 2532 1601 2591; x_wconf 79' lang='lat' dir='ltr'>versiculum</span> <span class='ocrx_word' id='word_1_392' title='bbox 1623 2531 1805 2609; x_wconf 78' lang='lat' dir='ltr'>Empedoclea</span> <span class='ocrx_word' id='word_1_393' title='bbox 1823 2529 1852 2588; x_wconf 86' lang='lat' dir='ltr'>ad</span> 
     </span>
     <span class='ocr_line' id='line_1_26' title="bbox 275 2611 1852 2699; baseline -0.001 -23"><span class='ocrx_word' id='word_1_394' title='bbox 275 2621 396 2694; x_wconf 76' lang='lat' dir='ltr'><strong>gistrum</strong></span> <span class='ocrx_word' id='word_1_395' title='bbox 411 2620 514 2697; x_wconf 79' lang='lat' dir='ltr'>spretis</span> <span class='ocrx_word' id='word_1_396' title='bbox 537 2619 711 2678; x_wconf 77' lang='lat' dir='ltr'>membranis</span> <span class='ocrx_word' id='word_1_397' title='bbox 725 2619 782 2678; x_wconf 88' lang='lat' dir='ltr'>hoc</span> <span class='ocrx_word' id='word_1_398' title='bbox 804 2620 868 2677; x_wconf 93' lang='lat' dir='ltr'>loco</span> <span class='ocrx_word' id='word_1_399' title='bbox 889 2621 920 2678; x_wconf 91' lang='lat' dir='ltr'>in</span> <span class='ocrx_word' id='word_1_400' title='bbox 939 2611 1049 2678; x_wconf 76' lang='lat' dir='ltr'>Aristo·</span> <span class='ocrx_word' id='word_1_401' title='bbox 1093 2621 1270 2699; x_wconf 80' lang='lat' dir='ltr'>probandam</span> <span class='ocrx_word' id='word_1_402' title='bbox 1282 2641 1341 2680; x_wconf 88' lang='lat' dir='ltr'>rem</span> <span class='ocrx_word' id='word_1_403' title='bbox 1353 2621 1389 2680; x_wconf 93' lang='lat' dir='ltr'>de</span> <span class='ocrx_word' id='word_1_404' title='bbox 1403 2638 1459 2698; x_wconf 88' lang='lat' dir='ltr'>qua</span> <span class='ocrx_word' id='word_1_405' title='bbox 1472 2621 1547 2678; x_wconf 83' lang='lat' dir='ltr'>sorte</span> <span class='ocrx_word' id='word_1_406' title='bbox 1559 2619 1661 2696; x_wconf 80' lang='lat' dir='ltr'>agebat</span> <span class='ocrx_word' id='word_1_407' title='bbox 1672 2619 1852 2677; x_wconf 80' lang='lat' dir='ltr'>adhibendum</span> 
     </span>
     <span class='ocr_line' id='line_1_27' title="bbox 276 2705 1851 2787; baseline -0.001 -25"><span class='ocrx_word' id='word_1_408' title='bbox 276 2706 331 2765; x_wconf 88' lang='lat' dir='ltr'>tele</span> <span class='ocrx_word' id='word_1_409' title='bbox 357 2705 534 2764; x_wconf 84' lang='lat' dir='ltr'>recensendo</span> <span class='ocrx_word' id='word_1_410' title='bbox 561 2725 592 2764; x_wconf 84' lang='lat' dir='ltr'>ae</span> <span class='ocrx_word' id='word_1_411' title='bbox 625 2707 781 2784; x_wconf 82' lang='lat' dir='ltr'>applicavit</span> <span class='ocrx_word' id='word_1_412' title='bbox 809 2707 962 2776; x_wconf 81' lang='lat' dir='ltr'>bellerus,</span> <span class='ocrx_word' id='word_1_413' title='bbox 992 2707 1048 2764; x_wconf 77' lang='lat' dir='ltr'>nisi</span> <span class='ocrx_word' id='word_1_414' title='bbox 1093 2710 1219 2787; x_wconf 90' lang='lat' dir='ltr'>putarit,</span> <span class='ocrx_word' id='word_1_415' title='bbox 1234 2720 1328 2766; x_wconf 87' lang='lat' dir='ltr'>tamen</span> <span class='ocrx_word' id='word_1_416' title='bbox 1348 2706 1640 2766; x_wconf 79' lang='lat' dir='ltr'>ePlutarcbiverbia</span> <span class='ocrx_word' id='word_1_417' title='bbox 1656 2705 1762 2784; x_wconf 89' lang='lat' dir='ltr'>conjici</span> <span class='ocrx_word' id='word_1_418' title='bbox 1779 2705 1851 2776; x_wconf 89' lang='lat' dir='ltr'>licet,</span> 
     </span>
     <span class='ocr_line' id='line_1_28' title="bbox 278 2791 1853 2872; baseline -0.001 -21"><span class='ocrx_word' id='word_1_419' title='bbox 278 2793 350 2853; x_wconf 82' lang='lat' dir='ltr'>sorte</span> <span class='ocrx_word' id='word_1_420' title='bbox 369 2813 437 2872; x_wconf 81' lang='lat' dir='ltr'>para</span> <span class='ocrx_word' id='word_1_421' title='bbox 451 2793 580 2871; x_wconf 83' lang='lat' dir='ltr'>quaedam</span> <span class='ocrx_word' id='word_1_422' title='bbox 602 2791 746 2850; x_wconf 89' lang='lat' dir='ltr'>librorum</span> <span class='ocrx_word' id='word_1_423' title='bbox 762 2793 926 2851; x_wconf 80' lang='lat' dir='ltr'>Aristotelis</span> <span class='ocrx_word' id='word_1_424' title='bbox 945 2793 985 2850; x_wconf 87' lang='lat' dir='ltr'>ita</span> <span class='ocrx_word' id='word_1_425' title='bbox 999 2792 1049 2851; x_wconf 91' lang='lat' dir='ltr'>ba·</span> <span class='ocrx_word' id='word_1_426' title='bbox 1095 2813 1159 2853; x_wconf 85' lang='lat' dir='ltr'>eum</span> <span class='ocrx_word' id='word_1_427' title='bbox 1176 2795 1206 2852; x_wconf 92' lang='lat' dir='ltr'>in</span> <span class='ocrx_word' id='word_1_428' title='bbox 1222 2791 1403 2852; x_wconf 82' lang='lat' dir='ltr'>celebrandis</span> <span class='ocrx_word' id='word_1_429' title='bbox 1418 2793 1560 2850; x_wconf 77' lang='lat' dir='ltr'>Amicitiae</span> <span class='ocrx_word' id='word_1_430' title='bbox 1570 2792 1687 2852; x_wconf 80' lang='lat' dir='ltr'>viribus</span> <span class='ocrx_word' id='word_1_431' title='bbox 1699 2793 1751 2851; x_wconf 88' lang='lat' dir='ltr'>bac</span> <span class='ocrx_word' id='word_1_432' title='bbox 1765 2792 1853 2849; x_wconf 82' lang='lat' dir='ltr'>simili·</span> 
     </span>
     <span class='ocr_line' id='line_1_29' title="bbox 276 2877 1852 2956; baseline 0 -20"><span class='ocrx_word' id='word_1_433' title='bbox 276 2877 335 2951; x_wconf 89' lang='lat' dir='ltr'>bet,</span> <span class='ocrx_word' id='word_1_434' title='bbox 363 2879 442 2956; x_wconf 94' lang='lat' dir='ltr'>quod</span> <span class='ocrx_word' id='word_1_435' title='bbox 463 2879 570 2937; x_wconf 86' lang='lat' dir='ltr'>edocti</span> <span class='ocrx_word' id='word_1_436' title='bbox 587 2879 668 2936; x_wconf 80' lang='lat' dir='ltr'>illius</span> <span class='ocrx_word' id='word_1_437' title='bbox 684 2879 741 2936; x_wconf 85' lang='lat' dir='ltr'>viri</span> <span class='ocrx_word' id='word_1_438' title='bbox 756 2879 864 2936; x_wconf 81' lang='lat' dir='ltr'>notulis</span> <span class='ocrx_word' id='word_1_439' title='bbox 887 2897 946 2936; x_wconf 90' lang='lat' dir='ltr'>non</span> <span class='ocrx_word' id='word_1_440' title='bbox 962 2891 1047 2956; x_wconf 86' lang='lat' dir='ltr'>patet.</span> <span class='ocrx_word' id='word_1_441' title='bbox 1094 2880 1194 2938; x_wconf 90' lang='lat' dir='ltr'>tudine</span> <span class='ocrx_word' id='word_1_442' title='bbox 1208 2900 1292 2938; x_wconf 88' lang='lat' dir='ltr'>usum</span> <span class='ocrx_word' id='word_1_443' title='bbox 1306 2898 1379 2938; x_wconf 77' lang='lat' dir='ltr'>esse.</span> <span class='ocrx_word' id='word_1_444' title='bbox 1393 2877 1519 2936; x_wconf 86' lang='lat' dir='ltr'>Eandem</span> <span class='ocrx_word' id='word_1_445' title='bbox 1534 2879 1691 2954; x_wconf 76' lang='lat' dir='ltr'>imaginem</span> <span class='ocrx_word' id='word_1_446' title='bbox 1704 2879 1852 2938; x_wconf 74' lang='lat' dir='ltr'>Aristoteles</span> 
     </span>
     <span class='ocr_line' id='line_1_30' title="bbox 276 2964 1851 3045; baseline -0.001 -21"><span class='ocrx_word' id='word_1_447' title='bbox 276 2964 360 3034; x_wconf 78' lang='lat' dir='ltr'>Quod</span> <span class='ocrx_word' id='word_1_448' title='bbox 374 2965 543 3043; x_wconf 85' lang='lat' dir='ltr'>Simplicius</span> <span class='ocrx_word' id='word_1_449' title='bbox 553 2979 582 3023; x_wconf 86' lang='lat' dir='ltr'>et</span> <span class='ocrx_word' id='word_1_450' title='bbox 592 2964 772 3042; x_wconf 82' lang='lat' dir='ltr'>Philoponua</span> <span class='ocrx_word' id='word_1_451' title='bbox 788 2965 968 3036; x_wconf 81' lang='lat' dir='ltr'>existimant,</span> <span class='ocrx_word' id='word_1_452' title='bbox 985 2965 1049 3022; x_wconf 84' lang='lat' dir='ltr'>Em·</span> <span class='ocrx_word' id='word_1_453' title='bbox 1094 2968 1130 3026; x_wconf 88' lang='lat' dir='ltr'>ad</span> <span class='ocrx_word' id='word_1_454' title='bbox 1157 2968 1257 3045; x_wconf 82' lang='lat' dir='ltr'>partus</span> <span class='ocrx_word' id='word_1_455' title='bbox 1279 2967 1480 3024; x_wconf 81' lang='lat' dir='ltr'>formationem</span> <span class='ocrx_word' id='word_1_456' title='bbox 1504 2965 1659 3025; x_wconf 80' lang='lat' dir='ltr'>transtulit.</span> <span class='ocrx_word' id='word_1_457' title='bbox 1681 2965 1777 3042; x_wconf 85' lang='lat' dir='ltr'>Neque</span> <span class='ocrx_word' id='word_1_458' title='bbox 1794 2984 1851 3022; x_wconf 85' lang='lat' dir='ltr'>vero</span> 
     </span>
     <span class='ocr_line' id='line_1_31' title="bbox 276 3050 1853 3130; baseline -0.001 -23"><span class='ocrx_word' id='word_1_459' title='bbox 276 3050 426 3127; x_wconf 88' lang='lat' dir='ltr'>pedocletn</span> <span class='ocrx_word' id='word_1_460' title='bbox 454 3053 484 3108; x_wconf 89' lang='lat' dir='ltr'>in</span> <span class='ocrx_word' id='word_1_461' title='bbox 511 3050 567 3109; x_wconf 87' lang='lat' dir='ltr'>hoc</span> <span class='ocrx_word' id='word_1_462' title='bbox 588 3052 704 3110; x_wconf 88' lang='lat' dir='ltr'>decreto</span> <span class='ocrx_word' id='word_1_463' title='bbox 728 3050 906 3110; x_wconf 89' lang='lat' dir='ltr'>enuntiando</span> <span class='ocrx_word' id='word_1_464' title='bbox 931 3051 1047 3110; x_wconf 90' lang='lat' dir='ltr'>barmo·</span> <span class='ocrx_word' id='word_1_465' title='bbox 1094 3052 1214 3112; x_wconf 91' lang='lat' dir='ltr'>dubium</span> <span class='ocrx_word' id='word_1_466' title='bbox 1228 3053 1300 3130; x_wconf 93' lang='lat' dir='ltr'>quin</span> <span class='ocrx_word' id='word_1_467' title='bbox 1313 3051 1479 3129; x_wconf 84' lang='lat' dir='ltr'>Empedocli</span> <span class='ocrx_word' id='word_1_468' title='bbox 1492 3051 1660 3110; x_wconf 81' lang='lat' dir='ltr'>obversatus</span> <span class='ocrx_word' id='word_1_469' title='bbox 1674 3053 1798 3111; x_wconf 83' lang='lat' dir='ltr'>aitlocus</span> <span class='ocrx_word' id='word_1_470' title='bbox 1807 3051 1853 3107; x_wconf 88' lang='lat' dir='ltr'>llo·</span> 
     </span>
     <span class='ocr_line' id='line_1_32' title="bbox 279 3139 1526 3217; baseline -0.001 -20"><span class='ocrx_word' id='word_1_471' title='bbox 279 3141 360 3199; x_wconf 78' lang='lat' dir='ltr'>nicos</span> <span class='ocrx_word' id='word_1_472' title='bbox 382 3139 628 3217; x_wconf 77' lang='lat' dir='ltr'>Pythagoreorum</span> <span class='ocrx_word' id='word_1_473' title='bbox 652 3161 787 3201; x_wconf 77' lang='lat' dir='ltr'>nurneros</span> <span class='ocrx_word' id='word_1_474' title='bbox 807 3143 944 3200; x_wconf 89' lang='lat' dir='ltr'>intuitum</span> <span class='ocrx_word' id='word_1_475' title='bbox 970 3161 1048 3214; x_wconf 76' lang='lat' dir='ltr'>esse,</span> <span class='ocrx_word' id='word_1_476' title='bbox 1094 3141 1264 3200; x_wconf 80' lang='lat' dir='ltr'>mericusll.</span> <span class='ocrx_word' id='word_1_477' title='bbox 1277 3139 1374 3212; x_wconf 76' lang='lat' dir='ltr'>tibtt,</span> <span class='ocrx_word' id='word_1_478' title='bbox 1387 3159 1430 3198; x_wconf 84' lang='lat' dir='ltr'>vs.</span> <span class='ocrx_word' id='word_1_479' title='bbox 1447 3160 1526 3216; x_wconf 83' lang='lat'><strong>902:</strong></span> 
     </span>
     <span class='ocr_line' id='line_1_33' title="bbox 278 3226 1049 3307; baseline 0.005 -23"><span class='ocrx_word' id='word_1_480' title='bbox 278 3226 365 3286; x_wconf 84' lang='lat' dir='ltr'>nobis</span> <span class='ocrx_word' id='word_1_481' title='bbox 375 3229 541 3305; x_wconf 88' lang='lat' dir='ltr'>neutiquam</span> <span class='ocrx_word' id='word_1_482' title='bbox 557 3229 741 3306; x_wconf 79' lang='lat' dir='ltr'>persuadent.</span> <span class='ocrx_word' id='word_1_483' title='bbox 756 3229 804 3286; x_wconf 89' lang='lat' dir='ltr'>Sic</span> <span class='ocrx_word' id='word_1_484' title='bbox 823 3241 916 3287; x_wconf 87' lang='lat' dir='ltr'>autem</span> <span class='ocrx_word' id='word_1_485' title='bbox 931 3228 1049 3307; x_wconf 91' lang='lat' dir='ltr'>Simpli-</span> 
     </span>
     <span class='ocr_line' id='line_1_34' title="bbox 277 3313 1050 3393; baseline 0.005 -23"><span class='ocrx_word' id='word_1_486' title='bbox 277 3313 385 3371; x_wconf 85' lang='lat' dir='ltr'>eiusad</span> <span class='ocrx_word' id='word_1_487' title='bbox 402 3314 518 3372; x_wconf 69' lang='lat' dir='ltr'>Ariston</span> <span class='ocrx_word' id='word_1_488' title='bbox 529 3314 565 3372; x_wconf 88' lang='lat' dir='ltr'>de</span> <span class='ocrx_word' id='word_1_489' title='bbox 579 3316 674 3376; x_wconf 76' lang='lat' dir='ltr'>Anim.</span> <span class='ocrx_word' id='word_1_490' title='bbox 689 3316 708 3375; x_wconf 87' lang='lat' dir='ltr'>l.</span> <span class='ocrx_word' id='word_1_491' title='bbox 727 3315 793 3373; x_wconf 76' lang='lat' dir='ltr'>rub</span> <span class='ocrx_word' id='word_1_492' title='bbox 809 3315 929 3393; x_wconf 81' lang='grc' dir='ltr'>ιίπίηρος</span> <span class='ocrx_word' id='word_1_493' title='bbox 939 3313 979 3387; x_wconf 81' lang='grc' dir='ltr'>δέ,</span> <span class='ocrx_word' id='word_1_494' title='bbox 990 3336 1050 3374; x_wconf 84' lang='grc' dir='ltr'>του·</span> 
     </span>
     <span class='ocr_line' id='line_1_35' title="bbox 276 3398 1050 3480; baseline 0.006 -24"><span class='ocrx_word' id='word_1_495' title='bbox 276 3398 361 3457; x_wconf 83' lang='grc' dir='ltr'>τόστιν</span> <span class='ocrx_word' id='word_1_496' title='bbox 376 3399 543 3477; x_wconf 84' lang='grc' dir='ltr'>έναρμόνιος,</span> <span class='ocrx_word' id='word_1_497' title='bbox 557 3400 658 3480; x_wconf 82' lang='grc' dir='ltr'>ιίρηται</span> <span class='ocrx_word' id='word_1_498' title='bbox 678 3406 694 3472; x_wconf 76' lang='grc' dir='ltr'><strong>ἡ</strong></span> <span class='ocrx_word' id='word_1_499' title='bbox 713 3405 747 3475; x_wconf 87' lang='grc' dir='ltr'>γῆ</span> <span class='ocrx_word' id='word_1_500' title='bbox 764 3405 800 3468; x_wconf 70' lang='lat' dir='ltr'>u&lt;</span> <span class='ocrx_word' id='word_1_501' title='bbox 811 3401 906 3473; x_wconf 82' lang='grc' dir='ltr'>κόόος,</span> <span class='ocrx_word' id='word_1_502' title='bbox 920 3401 987 3459; x_wconf 87' lang='grc' dir='ltr'>κατὸ</span> <span class='ocrx_word' id='word_1_503' title='bbox 1002 3403 1050 3473; x_wconf 77' lang='grc' dir='ltr'>τῆν</span> 
     </span>
     <span class='ocr_line' id='line_1_36' title="bbox 277 3485 1050 3567; baseline 0.005 -24"><span class='ocrx_word' id='word_1_504' title='bbox 277 3485 462 3565; x_wconf 80' lang='grc' dir='ltr'>Πυθαγορείων</span> <span class='ocrx_word' id='word_1_505' title='bbox 473 3486 617 3564; x_wconf 72' lang='grc' dir='ltr'>παράδοσιν</span> <span class='ocrx_word' id='word_1_506' title='bbox 629 3510 635 3524; x_wconf 89' lang='grc'><strong><em>·</em></strong></span> <span class='ocrx_word' id='word_1_507' title='bbox 647 3487 691 3546; x_wconf 90' lang='grc' dir='ltr'>τὸν</span> <span class='ocrx_word' id='word_1_508' title='bbox 703 3487 753 3567; x_wconf 82' lang='grc' dir='ltr'>γὸρ</span> <span class='ocrx_word' id='word_1_509' title='bbox 765 3487 843 3546; x_wconf 81' lang='grc' dir='ltr'>κύόον</span> <span class='ocrx_word' id='word_1_510' title='bbox 855 3485 898 3546; x_wconf 85' lang='grc' dir='ltr'>διὸ</span> <span class='ocrx_word' id='word_1_511' title='bbox 907 3487 937 3546; x_wconf 89' lang='grc' dir='ltr'>τὸ</span> <span class='ocrx_word' id='word_1_512' title='bbox 951 3488 1050 3547; x_wconf 83' lang='grc' dir='ltr'>δώδεκα</span> 
     </span>
     <span class='ocr_line' id='line_1_37' title="bbox 277 3571 1852 3680; baseline 0.001 -52"><span class='ocrx_word' id='word_1_513' title='bbox 277 3572 324 3644; x_wconf 79' lang='grc' dir='ltr'>μὸν</span> <span class='ocrx_word' id='word_1_514' title='bbox 338 3571 407 3650; x_wconf 76' lang='grc' dir='ltr'>ἔχειν</span> <span class='ocrx_word' id='word_1_515' title='bbox 422 3571 554 3653; x_wconf 86' lang='grc' dir='ltr'>πλιυροίς,</span> <span class='ocrx_word' id='word_1_516' title='bbox 576 3571 646 3631; x_wconf 81' lang='grc' dir='ltr'>ὀκτὼ</span> <span class='ocrx_word' id='word_1_517' title='bbox 668 3573 694 3631; x_wconf 84' lang='grc' dir='ltr'>δὸ</span> <span class='ocrx_word' id='word_1_518' title='bbox 708 3573 823 3651; x_wconf 82' lang='grc' dir='ltr'>γωνίας,</span> <span class='ocrx_word' id='word_1_519' title='bbox 839 3573 866 3641; x_wconf 65' lang='lat' dir='ltr'>t}</span> <span class='ocrx_word' id='word_1_520' title='bbox 881 3574 907 3632; x_wconf 84' lang='grc' dir='ltr'>δέ</span> <span class='ocrx_word' id='word_1_521' title='bbox 922 3575 1048 3647; x_wconf 80' lang='grc' dir='ltr'>ἐπίπεδα,</span> <span class='ocrx_word' id='word_1_522' title='bbox 1132 3603 1195 3664; x_wconf 50' lang='lat' dir='ltr'>qu·</span> <span class='ocrx_word' id='word_1_523' title='bbox 1212 3603 1279 3659; x_wconf 61' lang='lat'>2¹6¹</span> <span class='ocrx_word' id='word_1_524' title='bbox 1285 3623 1354 3676; x_wconf 46' lang='lat'>217·</span> <span class='ocrx_word' id='word_1_525' title='bbox 1366 3603 1462 3662; x_wconf 55' lang='grc' dir='ltr'>Ταῦτα</span> <span class='ocrx_word' id='word_1_526' title='bbox 1475 3579 1744 3680; x_wconf 36' lang='lat' dir='ltr'>‘fixa-mam]</span> <span class='ocrx_word' id='word_1_527' title='bbox 1755 3601 1852 3658; x_wconf 56' lang='lat' dir='ltr'><strong>Aristo,</strong></span> 
     </span>
     <span class='ocr_line' id='line_1_38' title="bbox 276 3657 1852 3768; baseline 0.002 -55"><span class='ocrx_word' id='word_1_528' title='bbox 276 3657 324 3727; x_wconf 72' lang='grc' dir='ltr'>τὴν</span> <span class='ocrx_word' id='word_1_529' title='bbox 337 3659 480 3737; x_wconf 73' lang='grc' dir='ltr'>ἁρμονικὴν</span> <span class='ocrx_word' id='word_1_530' title='bbox 494 3665 618 3719; x_wconf 87' lang='grc' dir='ltr'>ποιοῦντα</span> <span class='ocrx_word' id='word_1_531' title='bbox 632 3660 922 3740; x_wconf 81' lang='grc' dir='ltr'>όναλογίαν,ὸρμονέαν</span> <span class='ocrx_word' id='word_1_532' title='bbox 933 3661 1051 3720; x_wconf 82' lang='grc' dir='ltr'>έκόλσυν.</span> <span class='ocrx_word' id='word_1_533' title='bbox 1096 3693 1166 3750; x_wconf 54' lang='grc' dir='ltr'>,εγω</span> <span class='ocrx_word' id='word_1_534' title='bbox 1184 3689 1302 3749; x_wconf 43' lang='lat' dir='ltr'><strong>Meteon</strong></span> <span class='ocrx_word' id='word_1_535' title='bbox 1316 3688 1353 3745; x_wconf 75' lang='lat' dir='ltr'>lq</span> <span class='ocrx_word' id='word_1_536' title='bbox 1378 3708 1440 3768; x_wconf 38' lang='lat'>9¹).</span> <span class='ocrx_word' id='word_1_537' title='bbox 1454 3690 1509 3761; x_wconf 73' lang='lat'>337</span> <span class='ocrx_word' id='word_1_538' title='bbox 1527 3686 1558 3747; x_wconf 35' lang='grc' dir='ltr'>φ),</span> <span class='ocrx_word' id='word_1_539' title='bbox 1571 3685 1617 3746; x_wconf 48' lang='lat' dir='ltr'>ed·</span> <span class='ocrx_word' id='word_1_540' title='bbox 1631 3682 1852 3766; x_wconf 50' lang='lat' dir='ltr'>Beqkenqupq</span> 
     </span>
     <span class='ocr_line' id='line_1_39' title="bbox 277 3735 1852 3858; baseline 0.003 -34"><span class='ocrx_word' id='word_1_541' title='bbox 277 3745 359 3824; x_wconf 51' lang='lat' dir='ltr'>&#39;Lim</span> <span class='ocrx_word' id='word_1_542' title='bbox 373 3745 400 3804; x_wconf 60' lang='lat' dir='ltr'>ll</span> <span class='ocrx_word' id='word_1_543' title='bbox 413 3746 484 3827; x_wconf 56' lang='grc' dir='ltr'>παρὰ</span> <span class='ocrx_word' id='word_1_544' title='bbox 496 3751 534 3826; x_wconf 63' lang='grc' dir='ltr'>τῷ</span> <span class='ocrx_word' id='word_1_545' title='bbox 547 3752 644 3828; x_wconf 57' lang='lat' dir='ltr'>mill</span> <span class='ocrx_word' id='word_1_546' title='bbox 661 3746 812 3854; x_wconf 58' lang='grc' dir='ltr'>ίὉμζὸΡῳί·</span> <span class='ocrx_word' id='word_1_547' title='bbox 824 3749 851 3805; x_wconf 61' lang='lat'>3⁹</span> <span class='ocrx_word' id='word_1_548' title='bbox 864 3738 900 3813; x_wconf 60' lang='grc' dir='ltr'>οἵ(</span> <span class='ocrx_word' id='word_1_549' title='bbox 911 3752 928 3818; x_wconf 68' lang='grc' dir='ltr'><strong>ἡ</strong></span> <span class='ocrx_word' id='word_1_550' title='bbox 940 3750 992 3804; x_wconf 59' lang='grc' dir='ltr'>τῶν</span> <span class='ocrx_word' id='word_1_551' title='bbox 1004 3771 1052 3858; x_wconf 38' lang='grc' dir='ltr'>,μί’</span> <span class='ocrx_word' id='word_1_552' title='bbox 1095 3777 1140 3836; x_wconf 81' lang='grc' dir='ltr'>καὶ</span> <span class='ocrx_word' id='word_1_553' title='bbox 1157 3780 1222 3836; x_wconf 84' lang='grc' dir='ltr'>ὀστὸί</span> <span class='ocrx_word' id='word_1_554' title='bbox 1236 3776 1282 3834; x_wconf 91' lang='grc' dir='ltr'>καὸ</span> <span class='ocrx_word' id='word_1_555' title='bbox 1293 3735 1384 3854; x_wconf 71' lang='grc' dir='ltr'>τρίχὸς</span> <span class='ocrx_word' id='word_1_556' title='bbox 1393 3773 1438 3833; x_wconf 81' lang='grc' dir='ltr'>καί</span> <span class='ocrx_word' id='word_1_557' title='bbox 1452 3783 1505 3833; x_wconf 77' lang='grc' dir='ltr'>πᾶν</span> <span class='ocrx_word' id='word_1_558' title='bbox 1520 3773 1550 3832; x_wconf 91' lang='grc' dir='ltr'>τὸ</span> <span class='ocrx_word' id='word_1_559' title='bbox 1568 3777 1680 3832; x_wconf 80' lang='grc' dir='ltr'>τοιοῦτον</span> <span class='ocrx_word' id='word_1_560' title='bbox 1693 3774 1719 3831; x_wconf 84' lang='grc' dir='ltr'>έν</span> <span class='ocrx_word' id='word_1_561' title='bbox 1731 3771 1852 3850; x_wconf 58' lang='lat' dir='ltr'>toltit-ui</span> 
     </span>
     <span class='ocr_line' id='line_1_40' title="bbox 277 3831 1852 3944; baseline 0.007 -33"><span class='ocrx_word' id='word_1_562' title='bbox 277 3831 409 3908; x_wconf 59' lang='lat' dir='ltr'>lwl‘ll‘ffi&#39;</span> <span class='ocrx_word' id='word_1_563' title='bbox 422 3833 537 3911; x_wconf 59' lang='lat' dir='ltr'>lllmm</span> <span class='ocrx_word' id='word_1_564' title='bbox 549 3843 654 3911; x_wconf 52' lang='lat' dir='ltr'>’‘Pam‘’</span> <span class='ocrx_word' id='word_1_565' title='bbox 666 3836 757 3913; x_wconf 57' lang='lat' dir='ltr'>‘illm‘</span> <span class='ocrx_word' id='word_1_566' title='bbox 772 3831 1000 3912; x_wconf 66' lang='lat' dir='ltr'>l1¹·¹v¹¹¹’47⁰l</span> <span class='ocrx_word' id='word_1_567' title='bbox 1095 3863 1146 3944; x_wconf 80' lang='grc' dir='ltr'>γὸρ</span> <span class='ocrx_word' id='word_1_568' title='bbox 1159 3867 1244 3923; x_wconf 84' lang='grc' dir='ltr'>κεῖται</span> <span class='ocrx_word' id='word_1_569' title='bbox 1264 3861 1345 3938; x_wconf 78' lang='grc' dir='ltr'>ὄνομα</span> <span class='ocrx_word' id='word_1_570' title='bbox 1359 3859 1461 3934; x_wconf 81' lang='grc' dir='ltr'>κοινόν,</span> <span class='ocrx_word' id='word_1_571' title='bbox 1477 3859 1545 3920; x_wconf 74' lang='grc' dir='ltr'>ὀλλὸ</span> <span class='ocrx_word' id='word_1_572' title='bbox 1559 3861 1618 3918; x_wconf 87' lang='grc' dir='ltr'>κατ’</span> <span class='ocrx_word' id='word_1_573' title='bbox 1643 3860 1780 3936; x_wconf 72' lang='grc' dir='ltr'>ἀναλογίαν</span> <span class='ocrx_word' id='word_1_574' title='bbox 1795 3858 1852 3934; x_wconf 76' lang='grc' dir='ltr'>ὀμθι</span> 
     </span>
     <span class='ocr_line' id='line_1_41' title="bbox 1098 3945 1850 4030; baseline -0.013 -20"><span class='ocrx_word' id='word_1_575' title='bbox 1098 3953 1124 4010; x_wconf 85' lang='grc' dir='ltr'>έν</span> <span class='ocrx_word' id='word_1_576' title='bbox 1138 3953 1223 4030; x_wconf 74' lang='grc' dir='ltr'>ταύτῷ</span> <span class='ocrx_word' id='word_1_577' title='bbox 1238 3949 1315 4008; x_wconf 82' lang='grc' dir='ltr'>πάντ’</span> <span class='ocrx_word' id='word_1_578' title='bbox 1328 3949 1413 4020; x_wconf 85' lang='grc' dir='ltr'>ίστίν,</span> <span class='ocrx_word' id='word_1_579' title='bbox 1427 3945 1518 4026; x_wconf 78' lang='grc' dir='ltr'>ὥσπερ</span> <span class='ocrx_word' id='word_1_580' title='bbox 1529 3947 1574 4006; x_wconf 82' lang='grc' dir='ltr'>καὶ</span> <span class='ocrx_word' id='word_1_581' title='bbox 1589 3947 1770 4024; x_wconf 83' lang='grc' dir='ltr'>Ἐμπεδοκλῆς</span> <span class='ocrx_word' id='word_1_582' title='bbox 1786 3967 1850 4024; x_wconf 86' lang='grc' dir='ltr'>φησι·</span> 
     </span>
     <span class='ocr_line' id='line_1_42' title="bbox 1096 4033 1853 4118; baseline -0.012 -21"><span class='ocrx_word' id='word_1_583' title='bbox 1096 4039 1178 4098; x_wconf 81' lang='grc' dir='ltr'>ταύτὸ</span> <span class='ocrx_word' id='word_1_584' title='bbox 1191 4037 1278 4118; x_wconf 78' lang='grc' dir='ltr'>τρίχες</span> <span class='ocrx_word' id='word_1_585' title='bbox 1297 4038 1356 4096; x_wconf 84' lang='grc' dir='ltr'>κτλ.</span> <span class='ocrx_word' id='word_1_586' title='bbox 1380 4036 1438 4094; x_wconf 89' lang='lat' dir='ltr'>Pro</span> <span class='ocrx_word' id='word_1_587' title='bbox 1456 4034 1539 4093; x_wconf 82' lang='grc' dir='ltr'>ταύτὸ</span> <span class='ocrx_word' id='word_1_588' title='bbox 1559 4055 1625 4094; x_wconf 87' lang='lat' dir='ltr'>cum</span> <span class='ocrx_word' id='word_1_589' title='bbox 1647 4033 1853 4094; x_wconf 85' lang='lat' dir='ltr'>Panzerbietent</span> 
     </span>
     <span class='ocr_line' id='line_1_43' title="bbox 278 4116 1854 4202; baseline -0.003 -22"><span class='ocrx_word' id='word_1_590' title='bbox 278 4121 295 4180; x_wconf 76' lang='grc' dir='ltr'>δ</span> <span class='ocrx_word' id='word_1_591' title='bbox 309 4119 353 4178; x_wconf 75' lang='lat' dir='ltr'>ital</span> <span class='ocrx_word' id='word_1_592' title='bbox 366 4116 506 4200; x_wconf 82' lang='grc' dir='ltr'>εῦστερνα,</span> <span class='ocrx_word' id='word_1_593' title='bbox 520 4123 554 4186; x_wconf 80' lang='grc' dir='ltr'>ὣς</span> <span class='ocrx_word' id='word_1_594' title='bbox 568 4122 688 4194; x_wconf 86' lang='grc' dir='ltr'>πλατέα,</span> <span class='ocrx_word' id='word_1_595' title='bbox 698 4121 741 4180; x_wconf 85' lang='grc' dir='ltr'>διὸ</span> <span class='ocrx_word' id='word_1_596' title='bbox 755 4121 784 4180; x_wconf 90' lang='grc' dir='ltr'>τὸ</span> <span class='ocrx_word' id='word_1_597' title='bbox 800 4121 947 4202; x_wconf 79' lang='grc' dir='ltr'>χωρητικὸν</span> <span class='ocrx_word' id='word_1_598' title='bbox 962 4125 1050 4182; x_wconf 84' lang='grc' dir='ltr'>καλεῖ·</span> <span class='ocrx_word' id='word_1_599' title='bbox 1097 4125 1203 4202; x_wconf 83' lang='lat' dir='ltr'>scripsi</span> <span class='ocrx_word' id='word_1_600' title='bbox 1214 4131 1308 4184; x_wconf 87' lang='grc' dir='ltr'>ταῦτα.</span> <span class='ocrx_word' id='word_1_601' title='bbox 1325 4123 1436 4181; x_wconf 85' lang='lat' dir='ltr'>Deinde</span> <span class='ocrx_word' id='word_1_602' title='bbox 1450 4123 1535 4181; x_wconf 89' lang='lat' dir='ltr'>initio</span> <span class='ocrx_word' id='word_1_603' title='bbox 1549 4141 1652 4180; x_wconf 73' lang='lat' dir='ltr'>versus</span> <span class='ocrx_word' id='word_1_604' title='bbox 1669 4121 1808 4200; x_wconf 78' lang='lat' dir='ltr'>sequentis</span> <span class='ocrx_word' id='word_1_605' title='bbox 1824 4137 1854 4175; x_wconf 83' lang='lat' dir='ltr'>ex</span> 
     </span>
     <span class='ocr_line' id='line_1_44' title="bbox 279 4205 1854 4291; baseline -0.001 -29"><span class='ocrx_word' id='word_1_606' title='bbox 279 4205 385 4286; x_wconf 84' lang='grc' dir='ltr'>μίγνυσι</span> <span class='ocrx_word' id='word_1_607' title='bbox 400 4207 427 4264; x_wconf 81' lang='grc' dir='ltr'>δὲ</span> <span class='ocrx_word' id='word_1_608' title='bbox 451 4207 516 4287; x_wconf 85' lang='grc' dir='ltr'>πρὸς</span> <span class='ocrx_word' id='word_1_609' title='bbox 530 4208 577 4280; x_wconf 77' lang='grc' dir='ltr'>τὴν</span> <span class='ocrx_word' id='word_1_610' title='bbox 592 4212 642 4267; x_wconf 84' lang='grc' dir='ltr'>τῶν</span> <span class='ocrx_word' id='word_1_611' title='bbox 656 4211 738 4267; x_wconf 83' lang='grc' dir='ltr'>ὀστῶν</span> <span class='ocrx_word' id='word_1_612' title='bbox 757 4210 856 4286; x_wconf 89' lang='grc' dir='ltr'>γένισιν</span> <span class='ocrx_word' id='word_1_613' title='bbox 870 4209 984 4291; x_wconf 86' lang='grc' dir='ltr'>τέσσαρα</span> <span class='ocrx_word' id='word_1_614' title='bbox 1004 4209 1053 4287; x_wconf 90' lang='grc' dir='ltr'>μὸν</span> <span class='ocrx_word' id='word_1_615' title='bbox 1095 4212 1305 4290; x_wconf 82' lang='lat' dir='ltr'>Olympiodoro</span> <span class='ocrx_word' id='word_1_616' title='bbox 1318 4212 1354 4268; x_wconf 88' lang='lat' dir='ltr'>ad</span> <span class='ocrx_word' id='word_1_617' title='bbox 1368 4209 1398 4270; x_wconf 88' lang='lat' dir='ltr'>h.</span> <span class='ocrx_word' id='word_1_618' title='bbox 1410 4212 1428 4268; x_wconf 93' lang='lat' dir='ltr'>l.</span> <span class='ocrx_word' id='word_1_619' title='bbox 1439 4210 1491 4287; x_wconf 92' lang='lat' dir='ltr'>qui</span> <span class='ocrx_word' id='word_1_620' title='bbox 1502 4209 1587 4268; x_wconf 86' lang='lat' dir='ltr'>habet</span> <span class='ocrx_word' id='word_1_621' title='bbox 1597 4226 1734 4289; x_wconf 85' lang='lat' dir='ltr'>corrupte</span> <span class='ocrx_word' id='word_1_622' title='bbox 1744 4205 1854 4289; x_wconf 85' lang='grc' dir='ltr'>φολιὸονί-</span> 
     </span>
     <span class='ocr_line' id='line_1_45' title="bbox 277 4291 1854 4377; baseline 0 -28"><span class='ocrx_word' id='word_1_623' title='bbox 277 4291 357 4371; x_wconf 84' lang='grc' dir='ltr'>πυρὸς</span> <span class='ocrx_word' id='word_1_624' title='bbox 383 4291 465 4372; x_wconf 81' lang='grc' dir='ltr'>μέρη,</span> <span class='ocrx_word' id='word_1_625' title='bbox 491 4295 534 4354; x_wconf 90' lang='grc' dir='ltr'>διὸ</span> <span class='ocrx_word' id='word_1_626' title='bbox 554 4295 585 4354; x_wconf 91' lang='grc' dir='ltr'>τὸ</span> <span class='ocrx_word' id='word_1_627' title='bbox 608 4294 682 4377; x_wconf 81' lang='grc' dir='ltr'>ξηρὸν</span> <span class='ocrx_word' id='word_1_628' title='bbox 699 4295 744 4355; x_wconf 89' lang='grc' dir='ltr'>καὸ</span> <span class='ocrx_word' id='word_1_629' title='bbox 761 4297 852 4356; x_wconf 90' lang='grc' dir='ltr'>λτυκὸν</span> <span class='ocrx_word' id='word_1_630' title='bbox 875 4299 971 4375; x_wconf 82' lang='grc' dir='ltr'>χρῶμα</span> <span class='ocrx_word' id='word_1_631' title='bbox 992 4297 1053 4363; x_wconf 81' lang='grc' dir='ltr'>ἴσως</span> <span class='ocrx_word' id='word_1_632' title='bbox 1096 4301 1135 4366; x_wconf 88' lang='grc' dir='ltr'>δες</span> <span class='ocrx_word' id='word_1_633' title='bbox 1152 4312 1181 4357; x_wconf 92' lang='lat' dir='ltr'>et</span> <span class='ocrx_word' id='word_1_634' title='bbox 1196 4299 1339 4376; x_wconf 83' lang='lat' dir='ltr'>llesychio</span> <span class='ocrx_word' id='word_1_635' title='bbox 1360 4297 1503 4377; x_wconf 84' lang='grc' dir='ltr'>(ρλονίὸες,</span> <span class='ocrx_word' id='word_1_636' title='bbox 1517 4296 1643 4376; x_wconf 82' lang='grc' dir='ltr'>λεπίδες)</span> <span class='ocrx_word' id='word_1_637' title='bbox 1665 4295 1854 4376; x_wconf 85' lang='lat' dir='ltr'>Empedoclea-</span> 
     </span>
     <span class='ocr_line' id='line_1_46' title="bbox 276 4377 1854 4462; baseline -0.001 -24"><span class='ocrx_word' id='word_1_638' title='bbox 276 4379 399 4441; x_wconf 85' lang='grc' dir='ltr'>πλείστου</span> <span class='ocrx_word' id='word_1_639' title='bbox 412 4379 497 4460; x_wconf 87' lang='grc' dir='ltr'>λέγιον</span> <span class='ocrx_word' id='word_1_640' title='bbox 512 4381 631 4461; x_wconf 75' lang='grc' dir='ltr'>μετέχειν</span> <span class='ocrx_word' id='word_1_641' title='bbox 647 4382 715 4442; x_wconf 82' lang='grc' dir='ltr'>αὐτὸ</span> <span class='ocrx_word' id='word_1_642' title='bbox 728 4383 822 4462; x_wconf 86' lang='grc' dir='ltr'>πυρός·</span> <span class='ocrx_word' id='word_1_643' title='bbox 835 4382 880 4442; x_wconf 85' lang='grc' dir='ltr'>δίο</span> <span class='ocrx_word' id='word_1_644' title='bbox 890 4385 917 4442; x_wconf 89' lang='grc' dir='ltr'>δὸ</span> <span class='ocrx_word' id='word_1_645' title='bbox 935 4389 993 4462; x_wconf 81' lang='grc' dir='ltr'>γῆς,</span> <span class='ocrx_word' id='word_1_646' title='bbox 1008 4382 1052 4443; x_wconf 87' lang='grc' dir='ltr'>καὸ</span> <span class='ocrx_word' id='word_1_647' title='bbox 1097 4405 1159 4442; x_wconf 93' lang='lat' dir='ltr'>rum</span> <span class='ocrx_word' id='word_1_648' title='bbox 1178 4405 1282 4443; x_wconf 86' lang='lat' dir='ltr'>vocum</span> <span class='ocrx_word' id='word_1_649' title='bbox 1304 4385 1422 4444; x_wconf 83' lang='lat' dir='ltr'>custode</span> <span class='ocrx_word' id='word_1_650' title='bbox 1443 4383 1561 4461; x_wconf 83' lang='lat' dir='ltr'>reposui</span> <span class='ocrx_word' id='word_1_651' title='bbox 1574 4403 1640 4441; x_wconf 90' lang='lat' dir='ltr'>cum</span> <span class='ocrx_word' id='word_1_652' title='bbox 1655 4382 1802 4442; x_wconf 80' lang='lat' dir='ltr'>Karstenio</span> <span class='ocrx_word' id='word_1_653' title='bbox 1817 4377 1854 4436; x_wconf 82' lang='grc' dir='ltr'>καὶ</span> 
     </span>
     <span class='ocr_line' id='line_1_47' title="bbox 277 4467 1854 4552; baseline -0.003 -26"><span class='ocrx_word' id='word_1_654' title='bbox 277 4467 305 4526; x_wconf 79' lang='grc' dir='ltr'>δν</span> <span class='ocrx_word' id='word_1_655' title='bbox 318 4469 365 4543; x_wconf 87' lang='grc' dir='ltr'>μὸν</span> <span class='ocrx_word' id='word_1_656' title='bbox 380 4469 506 4548; x_wconf 80' lang='grc' dir='ltr'>όέρας,δν</span> <span class='ocrx_word' id='word_1_657' title='bbox 520 4470 545 4528; x_wconf 82' lang='lat' dir='ltr'>ll</span> <span class='ocrx_word' id='word_1_658' title='bbox 557 4469 664 4537; x_wconf 71' lang='grc' dir='ltr'>ὕδατος·</span> <span class='ocrx_word' id='word_1_659' title='bbox 680 4471 696 4528; x_wconf 80' lang='grc' dir='ltr'>δ</span> <span class='ocrx_word' id='word_1_660' title='bbox 712 4469 743 4542; x_wconf 82' lang='grc' dir='ltr'>δὴ</span> <span class='ocrx_word' id='word_1_661' title='bbox 760 4473 840 4551; x_wconf 86' lang='grc' dir='ltr'>ἄμφω</span> <span class='ocrx_word' id='word_1_662' title='bbox 857 4477 947 4541; x_wconf 85' lang='grc' dir='ltr'>νῆστιν</span> <span class='ocrx_word' id='word_1_663' title='bbox 959 4471 1051 4550; x_wconf 83' lang='grc' dir='ltr'>αίγλην</span> <span class='ocrx_word' id='word_1_664' title='bbox 1096 4469 1211 4552; x_wconf 87' lang='grc' dir='ltr'>φλσνίδες</span> <span class='ocrx_word' id='word_1_665' title='bbox 1233 4470 1373 4549; x_wconf 88' lang='grc' dir='ltr'>γίγνονται.</span> <span class='ocrx_word' id='word_1_666' title='bbox 1389 4470 1460 4528; x_wconf 85' lang='lat' dir='ltr'>Nam</span> <span class='ocrx_word' id='word_1_667' title='bbox 1475 4469 1618 4528; x_wconf 85' lang='lat' dir='ltr'>librorum</span> <span class='ocrx_word' id='word_1_668' title='bbox 1634 4471 1854 4528; x_wconf 80' lang='lat' dir='ltr'>Aristotelemunt</span> 
     </span>
     <span class='ocr_line' id='line_1_48' title="bbox 277 4553 1853 4636; baseline -0.002 -25"><span class='ocrx_word' id='word_1_669' title='bbox 277 4556 476 4634; x_wconf 82' lang='grc' dir='ltr'>προσαγορεύει,</span> <span class='ocrx_word' id='word_1_670' title='bbox 486 4561 574 4627; x_wconf 81' lang='grc' dir='ltr'>νῆστιν</span> <span class='ocrx_word' id='word_1_671' title='bbox 589 4554 636 4633; x_wconf 80' lang='grc' dir='ltr'>μίν</span> <span class='ocrx_word' id='word_1_672' title='bbox 649 4555 692 4616; x_wconf 86' lang='grc' dir='ltr'>διὸ</span> <span class='ocrx_word' id='word_1_673' title='bbox 706 4557 736 4616; x_wconf 88' lang='grc' dir='ltr'>τὸ</span> <span class='ocrx_word' id='word_1_674' title='bbox 750 4557 843 4636; x_wconf 86' lang='grc' dir='ltr'>ῦγρόν,</span> <span class='ocrx_word' id='word_1_675' title='bbox 855 4558 907 4615; x_wconf 77' lang='grc' dir='ltr'>ἀπὸ</span> <span class='ocrx_word' id='word_1_676' title='bbox 919 4565 964 4618; x_wconf 87' lang='grc' dir='ltr'>τοῦ</span> <span class='ocrx_word' id='word_1_677' title='bbox 982 4557 1051 4616; x_wconf 88' lang='grc' dir='ltr'>ναίειν</span> <span class='ocrx_word' id='word_1_678' title='bbox 1097 4559 1267 4636; x_wconf 84' lang='lat' dir='ltr'>scripturam</span> <span class='ocrx_word' id='word_1_679' title='bbox 1286 4559 1387 4624; x_wconf 88' lang='grc' dir='ltr'>λεπίδες</span> <span class='ocrx_word' id='word_1_680' title='bbox 1404 4559 1450 4616; x_wconf 88' lang='lat' dir='ltr'>vel</span> <span class='ocrx_word' id='word_1_681' title='bbox 1470 4557 1573 4624; x_wconf 87' lang='grc' dir='ltr'>λοπίδες</span> <span class='ocrx_word' id='word_1_682' title='bbox 1589 4557 1721 4616; x_wconf 50' lang='lat' dir='ltr'>rarioris¹</span> <span class='ocrx_word' id='word_1_683' title='bbox 1735 4553 1853 4614; x_wconf 84' lang='lat' dir='ltr'>vocabuli</span> 
     </span>
     <span class='ocr_line' id='line_1_49' title="bbox 278 4641 1613 4725; baseline 0.003 -27"><span class='ocrx_word' id='word_1_684' title='bbox 278 4641 322 4698; x_wconf 85' lang='grc' dir='ltr'>καί</span> <span class='ocrx_word' id='word_1_685' title='bbox 339 4643 408 4721; x_wconf 76' lang='grc' dir='ltr'>ῥεῖν,</span> <span class='ocrx_word' id='word_1_686' title='bbox 424 4642 517 4720; x_wconf 82' lang='grc' dir='ltr'>οίγλην</span> <span class='ocrx_word' id='word_1_687' title='bbox 534 4643 561 4703; x_wconf 81' lang='lat' dir='ltr'>ll</span> <span class='ocrx_word' id='word_1_688' title='bbox 575 4648 610 4712; x_wconf 84' lang='grc' dir='ltr'>ὡς</span> <span class='ocrx_word' id='word_1_689' title='bbox 624 4647 748 4725; x_wconf 79' lang='grc' dir='ltr'>διαφανῆ.</span> <span class='ocrx_word' id='word_1_690' title='bbox 768 4645 824 4704; x_wconf 88' lang='lat' dir='ltr'>Sed</span> <span class='ocrx_word' id='word_1_691' title='bbox 840 4665 934 4722; x_wconf 88' lang='lat' dir='ltr'>neque</span> <span class='ocrx_word' id='word_1_692' title='bbox 948 4646 1053 4722; x_wconf 83' lang='grc' dir='ltr'>ὀτίηρος</span> <span class='ocrx_word' id='word_1_693' title='bbox 1097 4647 1382 4724; x_wconf 87' lang='lat' dir='ltr'>interpretamentum</span> <span class='ocrx_word' id='word_1_694' title='bbox 1398 4665 1460 4704; x_wconf 81' lang='lat' dir='ltr'>esse</span> <span class='ocrx_word' id='word_1_695' title='bbox 1475 4644 1613 4704; x_wconf 86' lang='lat' dir='ltr'>arbitror.</span> 
     </span>
     <span class='ocr_line' id='line_1_50' title="bbox 278 4722 1855 4812; baseline -0.002 -27"><span class='ocrx_word' id='word_1_696' title='bbox 278 4728 355 4787; x_wconf 90' lang='lat' dir='ltr'>idem</span> <span class='ocrx_word' id='word_1_697' title='bbox 371 4743 414 4787; x_wconf 79' lang='lat' dir='ltr'>est</span> <span class='ocrx_word' id='word_1_698' title='bbox 435 4730 514 4807; x_wconf 91' lang='lat' dir='ltr'>quod</span> <span class='ocrx_word' id='word_1_699' title='bbox 535 4731 701 4811; x_wconf 74' lang='grc' dir='ltr'>ἐναρμόνιος,</span> <span class='ocrx_word' id='word_1_700' title='bbox 715 4751 809 4809; x_wconf 90' lang='lat' dir='ltr'>neque</span> <span class='ocrx_word' id='word_1_701' title='bbox 828 4736 877 4810; x_wconf 81' lang='grc' dir='ltr'>γῆν</span> <span class='ocrx_word' id='word_1_702' title='bbox 893 4734 961 4792; x_wconf 89' lang='lat' dir='ltr'>licet</span> <span class='ocrx_word' id='word_1_703' title='bbox 974 4732 1053 4791; x_wconf 81' lang='grc' dir='ltr'>κίόον</span> <span class='ocrx_word' id='word_1_704' title='bbox 1135 4732 1199 4794; x_wconf 84' lang='lat' dir='ltr'>Vsa.</span> <span class='ocrx_word' id='word_1_705' title='bbox 1214 4735 1354 4810; x_wconf 77' lang='grc' dir='ltr'>αιίὸ-ανῳ.</span> <span class='ocrx_word' id='word_1_706' title='bbox 1371 4729 1396 4799; x_wconf 79' lang='grc' dir='ltr'>ἐξ</span> <span class='ocrx_word' id='word_1_707' title='bbox 1419 4722 1455 4789; x_wconf 77' lang='grc' dir='ltr'>ὧν</span> <span class='ocrx_word' id='word_1_708' title='bbox 1476 4730 1765 4812; x_wconf 78' lang='grc' dir='ltr'>ὄμματ’-Ἀφροδίτη]</span> <span class='ocrx_word' id='word_1_709' title='bbox 1786 4727 1855 4787; x_wconf 85' lang='lat' dir='ltr'>exhi·</span> 
     </span>
     <span class='ocr_line' id='line_1_51' title="bbox 278 4815 1853 4898; baseline -0.001 -28"><span class='ocrx_word' id='word_1_710' title='bbox 278 4815 471 4891; x_wconf 87' lang='lat' dir='ltr'>interpretari.</span> <span class='ocrx_word' id='word_1_711' title='bbox 481 4817 589 4876; x_wconf 76' lang='lat' dir='ltr'>Cretera</span> <span class='ocrx_word' id='word_1_712' title='bbox 602 4819 688 4897; x_wconf 88' lang='lat' dir='ltr'>plana</span> <span class='ocrx_word' id='word_1_713' title='bbox 702 4831 779 4877; x_wconf 83' lang='lat' dir='ltr'>sunt.</span> <span class='ocrx_word' id='word_1_714' title='bbox 793 4819 882 4876; x_wconf 86' lang='lat' dir='ltr'>Nemo</span> <span class='ocrx_word' id='word_1_715' title='bbox 898 4833 990 4878; x_wconf 88' lang='lat' dir='ltr'>autem</span> <span class='ocrx_word' id='word_1_716' title='bbox 1005 4839 1053 4878; x_wconf 85' lang='lat' dir='ltr'>ve·</span> <span class='ocrx_word' id='word_1_717' title='bbox 1097 4819 1145 4879; x_wconf 93' lang='lat' dir='ltr'>bet</span> <span class='ocrx_word' id='word_1_718' title='bbox 1158 4820 1327 4898; x_wconf 80' lang='lat' dir='ltr'>Simplicius</span> <span class='ocrx_word' id='word_1_719' title='bbox 1339 4821 1374 4879; x_wconf 93' lang='lat' dir='ltr'>de</span> <span class='ocrx_word' id='word_1_720' title='bbox 1388 4820 1469 4878; x_wconf 86' lang='lat' dir='ltr'>Coelo</span> <span class='ocrx_word' id='word_1_721' title='bbox 1483 4839 1500 4877; x_wconf 88' lang='lat' dir='ltr'>a</span> <span class='ocrx_word' id='word_1_722' title='bbox 1517 4819 1651 4896; x_wconf 76' lang='lat' dir='ltr'>Peyrono</span> <span class='ocrx_word' id='word_1_723' title='bbox 1662 4820 1789 4898; x_wconf 79' lang='lat' dir='ltr'>prolatus</span> <span class='ocrx_word' id='word_1_724' title='bbox 1802 4815 1818 4871; x_wconf 92' lang='lat' dir='ltr'>l.</span> <span class='ocrx_word' id='word_1_725' title='bbox 1832 4835 1853 4870; x_wconf 90' lang='lat' dir='ltr'>c.</span> 
     </span>
     <span class='ocr_line' id='line_1_52' title="bbox 279 4901 1855 4986; baseline 0.002 -29"><span class='ocrx_word' id='word_1_726' title='bbox 279 4901 342 4959; x_wconf 85' lang='lat' dir='ltr'>rius</span> <span class='ocrx_word' id='word_1_727' title='bbox 363 4901 399 4960; x_wconf 87' lang='lat' dir='ltr'>de</span> <span class='ocrx_word' id='word_1_728' title='bbox 418 4903 609 4980; x_wconf 86' lang='lat' dir='ltr'>Empedocleo</span> <span class='ocrx_word' id='word_1_729' title='bbox 624 4905 757 4980; x_wconf 83' lang='lat' dir='ltr'>dogmate</span> <span class='ocrx_word' id='word_1_730' title='bbox 783 4904 944 4982; x_wconf 87' lang='lat' dir='ltr'>disputavit</span> <span class='ocrx_word' id='word_1_731' title='bbox 965 4924 1051 4982; x_wconf 85' lang='lat' dir='ltr'>quam</span> <span class='ocrx_word' id='word_1_732' title='bbox 1098 4927 1126 4986; x_wconf 89' lang='lat' dir='ltr'>p.</span> <span class='ocrx_word' id='word_1_733' title='bbox 1143 4909 1199 4980; x_wconf 73' lang='grc' dir='ltr'>αδ,</span> <span class='ocrx_word' id='word_1_734' title='bbox 1214 4908 1343 4985; x_wconf 90' lang='lat' dir='ltr'>corrupti</span> <span class='ocrx_word' id='word_1_735' title='bbox 1355 4918 1468 4966; x_wconf 85' lang='lat' dir='ltr'>exstant</span> <span class='ocrx_word' id='word_1_736' title='bbox 1482 4905 1511 4964; x_wconf 91' lang='lat' dir='ltr'>in</span> <span class='ocrx_word' id='word_1_737' title='bbox 1524 4906 1570 4964; x_wconf 90' lang='lat' dir='ltr'>ed.</span> <span class='ocrx_word' id='word_1_738' title='bbox 1587 4906 1652 4966; x_wconf 79' lang='lat' dir='ltr'>Ald.</span> <span class='ocrx_word' id='word_1_739' title='bbox 1666 4906 1686 4963; x_wconf 81' lang='grc' dir='ltr'>ί.</span> <span class='ocrx_word' id='word_1_740' title='bbox 1706 4908 1759 4963; x_wconf 84' lang='lat'>128</span> <span class='ocrx_word' id='word_1_741' title='bbox 1771 4903 1797 4961; x_wconf 91' lang='lat' dir='ltr'>b.</span> <span class='ocrx_word' id='word_1_742' title='bbox 1810 4901 1855 4957; x_wconf 71' lang='lat' dir='ltr'>le·</span> 
     </span>
     <span class='ocr_line' id='line_1_53' title="bbox 278 4987 1853 5073; baseline -0.001 -28"><span class='ocrx_word' id='word_1_743' title='bbox 278 4987 441 5048; x_wconf 75' lang='lat' dir='ltr'>Alexander</span> <span class='ocrx_word' id='word_1_744' title='bbox 451 4991 471 5051; x_wconf 95' lang='lat' dir='ltr'>l.</span> <span class='ocrx_word' id='word_1_745' title='bbox 484 5012 510 5048; x_wconf 88' lang='lat' dir='ltr'>c.</span> <span class='ocrx_word' id='word_1_746' title='bbox 525 4989 603 5048; x_wconf 81' lang='grc' dir='ltr'>ὀτιδὸ</span> <span class='ocrx_word' id='word_1_747' title='bbox 616 4997 699 5049; x_wconf 87' lang='grc' dir='ltr'>ταῦτα</span> <span class='ocrx_word' id='word_1_748' title='bbox 713 4989 801 5069; x_wconf 83' lang='grc' dir='ltr'>ίλεγον</span> <span class='ocrx_word' id='word_1_749' title='bbox 816 4993 845 5049; x_wconf 86' lang='grc' dir='ltr'>οῦ</span> <span class='ocrx_word' id='word_1_750' title='bbox 860 4992 1049 5073; x_wconf 82' lang='grc' dir='ltr'>διαρθροῦντες,</span> <span class='ocrx_word' id='word_1_751' title='bbox 1096 5007 1203 5070; x_wconf 83' lang='lat' dir='ltr'>guntur</span> <span class='ocrx_word' id='word_1_752' title='bbox 1218 4996 1304 5052; x_wconf 88' lang='lat' dir='ltr'>etiam</span> <span class='ocrx_word' id='word_1_753' title='bbox 1322 4993 1399 5073; x_wconf 86' lang='lat' dir='ltr'>apud</span> <span class='ocrx_word' id='word_1_754' title='bbox 1418 4993 1599 5052; x_wconf 77' lang='lat' dir='ltr'>Brundisium</span> <span class='ocrx_word' id='word_1_755' title='bbox 1617 4993 1649 5051; x_wconf 91' lang='lat' dir='ltr'>in</span> <span class='ocrx_word' id='word_1_756' title='bbox 1663 4991 1791 5068; x_wconf 83' lang='lat' dir='ltr'>Scholp</span> <span class='ocrx_word' id='word_1_757' title='bbox 1807 4990 1853 5056; x_wconf 63' lang='grc' dir='ltr'>ὅσα</span> 
     </span>
     <span class='ocr_line' id='line_1_54' title="bbox 278 5073 1854 5160; baseline 0 -28"><span class='ocrx_word' id='word_1_758' title='bbox 278 5073 489 5148; x_wconf 86' lang='grc' dir='ltr'>Ἐμπιδοκλέους</span> <span class='ocrx_word' id='word_1_759' title='bbox 503 5076 635 5156; x_wconf 83' lang='grc' dir='ltr'>μέμνηται</span> <span class='ocrx_word' id='word_1_760' title='bbox 647 5078 764 5155; x_wconf 79' lang='grc' dir='ltr'>λέγοντος</span> <span class='ocrx_word' id='word_1_761' title='bbox 779 5077 809 5136; x_wconf 90' lang='grc' dir='ltr'>τὸ</span> <span class='ocrx_word' id='word_1_762' title='bbox 820 5079 911 5138; x_wconf 89' lang='grc' dir='ltr'>ὀστοῦν</span> <span class='ocrx_word' id='word_1_763' title='bbox 928 5080 996 5139; x_wconf 87' lang='grc' dir='ltr'>κατὸ</span> <span class='ocrx_word' id='word_1_764' title='bbox 1007 5081 1050 5141; x_wconf 89' lang='grc' dir='ltr'>τὸν</span> <span class='ocrx_word' id='word_1_765' title='bbox 1096 5101 1122 5140; x_wconf 89' lang='lat' dir='ltr'>a.</span> <span class='ocrx_word' id='word_1_766' title='bbox 1136 5079 1203 5140; x_wconf 84' lang='grc' dir='ltr'>όλλὸ</span> <span class='ocrx_word' id='word_1_767' title='bbox 1217 5080 1333 5159; x_wconf 75' lang='grc' dir='ltr'>καὶπερὶ</span> <span class='ocrx_word' id='word_1_768' title='bbox 1346 5079 1469 5158; x_wconf 83' lang='grc' dir='ltr'>γενέσεως</span> <span class='ocrx_word' id='word_1_769' title='bbox 1482 5081 1532 5137; x_wconf 80' lang='grc' dir='ltr'>τῶν</span> <span class='ocrx_word' id='word_1_770' title='bbox 1548 5081 1686 5160; x_wconf 81' lang='grc' dir='ltr'>ὀφθαλμῶν</span> <span class='ocrx_word' id='word_1_771' title='bbox 1706 5079 1756 5136; x_wconf 82' lang='grc' dir='ltr'>τῶν</span> <span class='ocrx_word' id='word_1_772' title='bbox 1776 5097 1854 5151; x_wconf 84' lang='grc' dir='ltr'>σωμα-</span> 
     </span>
    </p>
   </div>
   <div class='ocr_carea' id='block_1_3' title="bbox 1132 3274 1819 3528">
    <p class='ocr_par' dir='ltr' id='par_1_3' title="bbox 1132 3274 1819 3528">
     <span class='ocr_line' id='line_1_55' title="bbox 1132 3274 1818 3354; baseline -0.012 -16"><span class='ocrx_word' id='word_1_773' title='bbox 1132 3277 1196 3344; x_wconf 83' lang='grc' dir='ltr'>όιςὸ’</span> <span class='ocrx_word' id='word_1_774' title='bbox 1204 3278 1241 3337; x_wconf 82' lang='lat' dir='ltr'>dr&#39;</span> <span class='ocrx_word' id='word_1_775' title='bbox 1254 3277 1314 3342; x_wconf 85' lang='grc' dir='ltr'>ὀπὸς</span> <span class='ocrx_word' id='word_1_776' title='bbox 1323 3278 1392 3354; x_wconf 79' lang='grc' dir='ltr'>γάλα</span> <span class='ocrx_word' id='word_1_777' title='bbox 1400 3275 1491 3333; x_wconf 85' lang='grc' dir='ltr'>λευκὸν</span> <span class='ocrx_word' id='word_1_778' title='bbox 1501 3275 1665 3352; x_wconf 84' lang='grc' dir='ltr'>έπειγόμενος</span> <span class='ocrx_word' id='word_1_779' title='bbox 1674 3274 1818 3347; x_wconf 81' lang='grc' dir='ltr'>επινέπηξεν,</span> 
     </span>
     <span class='ocr_line' id='line_1_56' title="bbox 1134 3351 1819 3442; baseline -0.003 -20"><span class='ocrx_word' id='word_1_780' title='bbox 1134 3363 1210 3442; x_wconf 85' lang='grc' dir='ltr'>ῦγρὸν</span> <span class='ocrx_word' id='word_1_781' title='bbox 1224 3363 1279 3436; x_wconf 89' lang='grc' dir='ltr'>έόν,</span> <span class='ocrx_word' id='word_1_782' title='bbox 1294 3364 1367 3440; x_wconf 86' lang='grc' dir='ltr'>μα’λα</span> <span class='ocrx_word' id='word_1_783' title='bbox 1380 3363 1403 3419; x_wconf 85' lang='grc' dir='ltr'>δ’</span> <span class='ocrx_word' id='word_1_784' title='bbox 1412 3351 1680 3442; x_wconf 76' lang='grc' dir='ltr'>ὦκαπεριστρέφεται</span> <span class='ocrx_word' id='word_1_785' title='bbox 1695 3363 1819 3422; x_wconf 85' lang='grc' dir='ltr'>κυκόωντι·</span> 
     </span>
     <span class='ocr_line' id='line_1_57' title="bbox 1133 3443 1732 3528; baseline -0.007 -20"><span class='ocrx_word' id='word_1_786' title='bbox 1133 3448 1168 3516; x_wconf 82' lang='grc' dir='ltr'>ὣς</span> <span class='ocrx_word' id='word_1_787' title='bbox 1184 3451 1235 3528; x_wconf 80' lang='grc' dir='ltr'>ἄρα</span> <span class='ocrx_word' id='word_1_788' title='bbox 1244 3447 1416 3527; x_wconf 74' lang='grc' dir='ltr'>καρπαλίμως</span> <span class='ocrx_word' id='word_1_789' title='bbox 1431 3445 1524 3518; x_wconf 78' lang='grc' dir='ltr'>ἰήσατο</span> <span class='ocrx_word' id='word_1_790' title='bbox 1533 3451 1622 3528; x_wconf 84' lang='grc' dir='ltr'>θοῦρον</span> <span class='ocrx_word' id='word_1_791' title='bbox 1636 3443 1732 3528; x_wconf 86' lang='grc' dir='ltr'>Ἀρηα.</span> 
     </span>
    </p>
   </div>
   <div class='ocr_carea' id='block_1_4' title="bbox 316 3974 949 4056">
    <p class='ocr_par' dir='ltr' id='par_1_4' title="bbox 316 3974 949 4056">
     <span class='ocr_line' id='line_1_58' title="bbox 316 3974 949 4056; baseline 0.009 -26"><span class='ocrx_word' id='word_1_792' title='bbox 316 3977 396 4052; x_wconf 88' lang='grc' dir='ltr'>φῦσαι</span> <span class='ocrx_word' id='word_1_793' title='bbox 407 3974 430 4032; x_wconf 88' lang='grc' dir='ltr'>δ’</span> <span class='ocrx_word' id='word_1_794' title='bbox 444 3975 469 4033; x_wconf 87' lang='grc' dir='ltr'>ίν</span> <span class='ocrx_word' id='word_1_795' title='bbox 480 3974 613 4053; x_wconf 88' lang='grc' dir='ltr'>χαοίνοισιν</span> <span class='ocrx_word' id='word_1_796' title='bbox 621 3976 726 4048; x_wconf 65' lang='grc' dir='ltr'>έείκοσι</span> <span class='ocrx_word' id='word_1_797' title='bbox 740 3984 823 4035; x_wconf 80' lang='grc' dir='ltr'>πῦσαι</span> <span class='ocrx_word' id='word_1_798' title='bbox 837 3974 949 4056; x_wconf 84' lang='grc' dir='ltr'>έφόσων.</span> 
     </span>
    </p>
   </div>
   <div class='ocr_carea' id='block_1_5' title="bbox 277 5155 1853 5250">
    <p class='ocr_par' dir='ltr' id='par_1_5' title="bbox 277 5155 1853 5250">
     <span class='ocr_line' id='line_1_59' title="bbox 277 5155 1853 5250; baseline -0.001 -28"><span class='ocrx_word' id='word_1_799' title='bbox 277 5161 353 5240; x_wconf 83' lang='grc' dir='ltr'>λόγον</span> <span class='ocrx_word' id='word_1_800' title='bbox 367 5165 461 5224; x_wconf 87' lang='grc' dir='ltr'>ὀστοῦν</span> <span class='ocrx_word' id='word_1_801' title='bbox 475 5155 553 5240; x_wconf 72' lang='grc' dir='ltr'>εἶναι,</span> <span class='ocrx_word' id='word_1_802' title='bbox 566 5167 595 5225; x_wconf 87' lang='grc' dir='ltr'>οὗ</span> <span class='ocrx_word' id='word_1_803' title='bbox 610 5165 679 5228; x_wconf 87' lang='grc' dir='ltr'>κατὸ</span> <span class='ocrx_word' id='word_1_804' title='bbox 690 5165 737 5240; x_wconf 80' lang='grc' dir='ltr'>τῆν</span> <span class='ocrx_word' id='word_1_805' title='bbox 750 5165 831 5239; x_wconf 77' lang='grc' dir='ltr'>ῦλην·</span> <span class='ocrx_word' id='word_1_806' title='bbox 845 5169 861 5238; x_wconf 76' lang='grc' dir='ltr'>ἡ</span> <span class='ocrx_word' id='word_1_807' title='bbox 874 5164 922 5245; x_wconf 77' lang='grc' dir='ltr'>μὸν</span> <span class='ocrx_word' id='word_1_808' title='bbox 939 5167 990 5250; x_wconf 86' lang='grc' dir='ltr'>γὸρ</span> <span class='ocrx_word' id='word_1_809' title='bbox 1001 5166 1050 5242; x_wconf 83' lang='grc' dir='ltr'>ῦλη</span> <span class='ocrx_word' id='word_1_810' title='bbox 1096 5171 1174 5229; x_wconf 85' lang='grc' dir='ltr'>τικῶν</span> <span class='ocrx_word' id='word_1_811' title='bbox 1190 5167 1285 5230; x_wconf 82' lang='grc' dir='ltr'>ταότων</span> <span class='ocrx_word' id='word_1_812' title='bbox 1294 5167 1378 5245; x_wconf 88' lang='grc' dir='ltr'>λέγων</span> <span class='ocrx_word' id='word_1_813' title='bbox 1389 5167 1536 5248; x_wconf 78' lang='grc' dir='ltr'>ίιπίγαγεν·</span> <span class='ocrx_word' id='word_1_814' title='bbox 1549 5166 1575 5236; x_wconf 71' lang='lat' dir='ltr'>ii</span> <span class='ocrx_word' id='word_1_815' title='bbox 1589 5158 1625 5226; x_wconf 75' lang='grc' dir='ltr'>ὧν</span> <span class='ocrx_word' id='word_1_816' title='bbox 1639 5164 1736 5244; x_wconf 82' lang='grc' dir='ltr'>ὄμματ’</span> <span class='ocrx_word' id='word_1_817' title='bbox 1748 5165 1803 5222; x_wconf 90' lang='grc' dir='ltr'>κτλ.</span> <span class='ocrx_word' id='word_1_818' title='bbox 1818 5159 1853 5216; x_wconf 76' lang='lat' dir='ltr'>rai</span> 
     </span>
    </p>
   </div>
   <div class='ocr_carea' id='block_1_6' title="bbox 0 0 1933 5926">
    <p class='ocr_par' dir='ltr' id='par_1_6' title="bbox 0 0 1933 5926">
     <span class='ocr_line' id='line_1_60' title="bbox 0 0 1933 5926; baseline 0 0"><span class='ocrx_word' id='word_1_819' title='bbox 0 0 1933 5926; x_wconf 95' lang='lat' dir='ltr'> </span> 
     </span>
    </p>
   </div>
  </div>
 </body>
</html>
