3764 5922
212 365 279 472 mc
920 408 1113 470 securum

206 541 263 606 νόος
277 543 328 599 τῶν
341 536 508 612 τιμιωτάτων
523 536 576 594 ἐντί
598 534 703 616 κριτάς,
722 537 775 597 ᾰδ
794 537 912 604 cisterc
932 542 984 596 τῶν
1031 537 1113 605 ξαστδι
1129 537 1155 596 δὲ
1167 536 1200 596 τά
1212 537 1356 614 μετέχοντα
1372 542 1423 597 τῶν
1438 537 1526 600 sistor
1538 543 1574 606 ὡς
1586 540 1613 596 at
1633 539 1756 607 cladum,
1770 539 1822 592 οἷον

207 625 428 704 χρησιμωτάτων.
472 622 498 682 ‘A
521 621 568 698 μὲν
587 622 637 700 γδρ
663 623 780 691 αίσθασις
803 627 840 681 τῶ
863 624 984 700 σώματος
1030 625 1096 692 δαὶς
1108 625 1241 703 ἄνθρωπος
1254 627 1292 682 τῶ
1317 625 1517 705 ἀνθρώπω,καὶ
1538 625 1606 685 cdvi
1626 625 1765 705 τρίγωνον
1783 625 1823 680 mis

207 713 290 770 irater
314 712 456 770 συνέστακε
478 711 522 768 καί
542 719 587 775 τᾶς
602 714 627 776 ἐς
649 716 723 770 τοῦτο
737 710 911 789 λειτουργίας,
928 713 982 770 ὁδί
1029 711 1161 790 τριγώνω·
1173 712 1301 770 ἔπιστατδι
1322 711 1350 770 δὲ
1364 713 1398 770 τό
1412 721 1466 780 τοῖς
1480 711 1561 770 εἴδεσι
1578 711 1782 787 capescenda
1797 708 1822 774 ἒξ

206 799 260 865 νόος
275 801 319 856 καὶ
338 807 383 862 τᾶς
399 800 423 862 ἐς
438 801 520 855 ταῦτα
535 797 798 874 πολυρραδμοσόνας.
841 797 983 871 Καίδμὲν
1029 798 1158 875 ἀνάγκας,
1173 801 1207 864 ὥς
1228 801 1255 857 ἐν
1269 801 1399 878 γαμιτρία
1420 799 1454 857 cic
1467 801 1521 866 τοῖς
1534 799 1670 878 σχήμασι·
1686 794 1822 856 cmxiii
1879 851 1880 854 ,

206 885 262 953 νόος
277 885 329 943 ἐντὶ
346 886 417 962 ἀργὰ
437 893 483 949 τᾶς
498 883 660 959 ἐπιστάμας,
675 885 692 942 ἁ
706 887 728 940 δ’
745 883 864 950 αἴσδασις
877 893 923 950 τᾶς
937 885 983 943 δά·
1028 883 1240 960 «deicidium,
1255 885 1300 942 καί
1311 889 1338 944 αἱ
1352 886 1433 964 ἀρχαί
1445 889 1497 944 τῶν
1508 888 1673 944 ἐπιστατῶν·
1688 875 1752 942 οἷον
1770 885 1821 937 αὖ·
1879 875 1880 882 ¹

207 973 269 1040 ξας·
286 973 302 1030 ai
317 971 363 1047 μὲν
378 971 427 1048 γὰρ
443 970 495 1047 ἔχει
511 969 556 1026 τὰν
571 975 599 1029 ἐκ
617 971 669 1027 τῶν
688 973 818 1030 aladardo
836 971 963 1048 ἐνέργειαν
972 1015 980 1046 ,
1028 971 1092 1038 cited
1106 969 1216 1045 κύκλος,
1231 971 1275 1030 καί
1284 974 1407 1051 τρίγωνον
1417 1017 1424 1044 ,
1434 973 1478 1032 καί
1491 981 1601 1050 σφαῖρα.
1642 971 1821 1050 Toy-[risuum

205 1059 259 1115 ὅδὲ
275 1059 363 1114 cirria
378 1061 429 1114 τῶν
444 1059 553 1116 νοστῶν.
598 1057 803 1135 Ίύγχάνοντιδέ
828 1055 860 1114 τά
874 1057 921 1132 μίν
941 1061 981 1116 αἱ·
1028 1059 1054 1117 δὲ
1071 1057 1116 1116 καί
1131 1058 1156 1115 ἓν
1172 1057 1234 1132 ἁμῖν
1250 1061 1338 1124 αὐτοῖς
1361 1059 1429 1118 κατὰ
1444 1061 1529 1138 ψυχὰν
1545 1059 1655 1132 γνιίισιες
1675 1058 1822 1134 τέτταρας,
1879 1053 1880 1076 ³

205 1143 290 1202 σδατδι
300 1141 351 1200 τῶν
363 1143 526 1220 πραγμάτων
537 1140 650 1207 κινοίσιος
662 1143 897 1218 μεταλαμόάνοντα
909 1143 982 1204 κοινὰ
1027 1143 1100 1216 νόος,
1116 1145 1267 1222 ἐπιστόμα,
1287 1145 1365 1224 δόξα,
1381 1137 1565 1212 αίσδασις·,ιῖιν
1587 1148 1616 1204 αἱ
1637 1144 1687 1221 μὲν
1704 1145 1759 1202 δύο
1781 1147 1820 1198 ττῖι

204 1231 297 1301 ἐόντα,
317 1231 392 1288 τὰδὲ
415 1229 496 1288 νοατδι
512 1229 617 1293 στάσιος
640 1229 686 1285 καὶ
709 1230 842 1296 ἱδιότατος.
888 1233 981 1310 Παρα·
1028 1235 1096 1313 λόγω
1111 1237 1193 1315 ἀρχαί
1213 1239 1279 1307 ἕντι,
1305 1229 1356 1295 οἷον
1371 1240 1426 1303 νόος
1441 1239 1486 1297 καί
1511 1237 1640 1310 niciae-ec,
1662 1235 1696 1294 ed
1721 1236 1754 1293 δὲ
1772 1236 1818 1293 δύο

204 1316 358 1380 πλασίωςδὲ
374 1315 579 1380 καίᾶαἷσθασῑς
596 1315 667 1372 καὶὸ
687 1315 848 1394 νόθτέχοντῑ.
892 1315 917 1375 Ἀ
935 1318 983 1392 μὲν
1028 1324 1090 1394 τέλη
1101 1313 1152 1383 οἶον
1165 1325 1298 1397 ε’πιστάμα
1319 1324 1363 1382 καί
1378 1306 1450 1392 δόξα.
1504 1325 1585 1384 T'ott
1605 1324 1696 1398 ὅμοιον
1718 1324 1766 1379 ἀεὶ
1781 1325 1820 1378 τῶ

204 1403 255 1483 γδιρ
270 1405 388 1466 eiciam<
404 1406 440 1480 τῷ
456 1403 588 1480 αἷσδατῷ,
601 1402 630 1460 τό
642 1404 664 1459 δ’
680 1404 801 1460 αἶσὺατὸν
815 1403 860 1461 καί
874 1405 981 1461 κινεῖται
1028 1411 1109 1484 ὁμοίω
1123 1409 1276 1487 γνωστιιιόν,
1291 1407 1347 1468 ὅθεν
1361 1410 1470 1489 φανερὸν
1484 1411 1548 1468 &ab
1568 1409 1616 1484 μὲν
1629 1409 1690 1474 νόος
1705 1413 1734 1466 ἐν
1751 1409 1821 1480 cipis

204 1491 249 1546 καὶ
266 1489 425 1565 μεταόάλλει
446 1489 490 1545 καί
507 1489 629 1547 οὐδέποτε
653 1494 679 1548 ἐν
700 1495 787 1568 ταυτῷ
811 1489 982 1569 ἀτρεμεῖ.·διδ
1027 1501 1077 1555 τῶν
1092 1496 1568 1572 νοατῶνγνιυστικός,ἆδ’ἐπιστάμα
1583 1500 1818 1563 ebriolentia,
1879 1553 1880 1560 ,

203 1577 248 1636 καὶ
264 1579 362 1652 μᾶλλον
378 1576 421 1632 καὶ
441 1569 517 1646 Ιἧττον
539 1577 583 1634 καὶ
602 1577 703 1654 βέλτιον
723 1576 767 1634 καί
782 1586 869 1656 χεῖρον
883 1579 981 1653 γίνεται
1028 1585 1044 1642 ἁ
1060 1583 1085 1640 δὲ
1102 1583 1161 1649 δόξα
1173 1587 1224 1641 τῶν
1239 1581 1385 1653 δοξαστῶν,
1398 1585 1414 1640 ἁ
1429 1583 1452 1640 δ’
1465 1583 1582 1648 αἴσθασις
1593 1586 1647 1640 τῶν
1664 1585 1818 1640 αίσδατῶν.
1879 1591 1880 1654 γ

203 1668 281 1741 ὁρῆν·
296 1667 310 1719 ὁ
328 1663 355 1720 δὲ
369 1663 476 1743 νόοςτῷ
498 1667 598 1742 νοατῷ,
618 1663 647 1720 τδ
661 1662 687 1720 δὲ
709 1665 799 1722 νοατδν
814 1664 934 1722 άκίνατον
956 1667 981 1734 ἐξ
1027 1669 1124 1747 Διόπερ
1138 1660 1173 1728 τόν
1188 1670 1226 1726 δεῖ
1242 1669 1408 1744 peredeum
1424 1670 1476 1728 ἀπὸ
1491 1669 1536 1746 μὲν
1551 1674 1602 1728 τῶν
1617 1673 1756 1732 αἰσθατιῗτν
1771 1671 1817 1727 ἐπὶ
1879 1667 1880 1710 3

203 1748 305 1814 οὐσίας·
326 1749 365 1806 διὸ
385 1748 443 1806 οὔτε
461 1751 579 1822 μᾶλλον,
594 1748 653 1807 οὔτε
674 1740 768 1819 ἧττον,
787 1747 845 1806 οὔτε
862 1749 979 1826 βέλτιον,
1026 1755 1060 1813 cit
1073 1755 1185 1823 δοξαστὰ
1196 1754 1242 1813 tiu
1256 1757 1387 1827 διάνοιαν,
1399 1747 1452 1814 άπὸ
1468 1757 1494 1814 δὲ
1508 1761 1560 1815 τῶν
1570 1757 1705 1824 δοξαστῶν
1717 1757 1767 1814 ἐπὶ
1782 1757 1819 1813 cia
1879 1763 1880 1778 ³

203 1837 261 1896 οὔτε
273 1839 359 1915 χεῖρόν
376 1840 426 1894 ἐντι
441 1845 509 1894 νοεῖν
530 1837 558 1894 τὸ
571 1837 674 1895 νοατόν.
719 1837 773 1896 Καὶ
790 1838 908 1914 καθάπερ
926 1838 981 1905 νόος
1027 1843 1171 1915 ἐπιστατά,
1195 1843 1240 1900 καί
1260 1842 1312 1900 ἀπὸ
1326 1843 1423 1914 τούτων
1443 1841 1486 1900 ἐπὶ
1504 1843 1538 1900 cd
1557 1845 1655 1903 νοαττί·
1675 1851 1763 1902 ταῦτα
1788 1845 1817 1902 δὲ
1879 1865 1880 1870 ’

203 1923 233 1982 ci
247 1934 346 2002 πρᾶτον
363 1925 452 2000 βλέπει
465 1922 509 1980 καί
522 1923 551 1980 τὸ
567 1921 981 2001 παράδειγμα,οίίτωςάιαίσδα-
1026 1929 1153 2008 σύμφωνα
1174 1929 1282 2002 ποιητέα
1307 1937 1450 2010 διαιροῦντα
1476 1930 1541 1989 ‘dr’
1560 1934 1646 1989 αὐτῶν
1670 1933 1816 1992 ἀλάθειαν.

203 2010 404 2074 σιςττνείιιόνα
421 2011 510 2068 καὶτὸ
526 2010 655 2087 δεύτερον,
698 2009 732 2069 Ὁ
747 2009 794 2085 μὲν
806 2010 856 2090 γὰρ
867 2011 922 2076 νόος
936 2015 980 2072 οὖν
1027 2017 1209 2092 Διωρισμένως
1226 2017 1252 2074 δὲ
1268 2015 1366 2074 τούτων
1381 2016 1414 2076 cd
1428 2015 1533 2090 νοοιτδῖ
1550 2019 1590 2075 δεῖ
1605 2023 1716 2090 νοῆσαι,
1730 2017 1816 2076 καδό-

204 2099 337 2173 ἄνθρωπον
362 2099 464 2168 ἁπλῶς,
486 2099 503 2155 oi
520 2097 543 2154 δ’
560 2099 677 2163 αἶσδασις
695 2097 845 2162 irrideris
861 2101 899 2155 τῶ
916 2098 981 2155 όιλίω
1025 2124 1075 2178 περ
1092 2101 1217 2181 γραμμδιν
1236 2101 1298 2182 δίχα
1316 2105 1481 2179 τιτμαμέναν
1495 2103 1540 2161 καί
1559 2105 1604 2162 ἶσα
1618 2105 1700 2162 πόλιν
1716 2105 1816 2162 ἑκατέ-

203 2183 406 2264 σραῖρανῆτδις
422 2193 589 2263 χειροτεχνᾶν
614 2183 735 2262 ἐργασίας
752 2185 841 2261 βλέπει
855 2191 876 2241 ⁶.
918 2185 980 2245 Ἔτι
1027 2210 1079 2266 ρων
1104 2189 1231 2266 τμοίματα
1255 2191 1406 2265 τετμαριίνα
1432 2189 1542 2268 ἔχουσαν
1564 2190 1637 2248 Ιάνδ
1661 2191 1706 2247 τὸν
1732 2189 1815 2247 αὐτόν
1879 2189 1880 2244 ι

204 2272 250 2347 μὲν
266 2269 320 2336 νόος
335 2271 434 2348 ἀμερὴς
454 2271 497 2328 καί
522 2270 683 2348 α’διαίρετος,
703 2270 821 2349 καθάπερ
838 2272 917 2347 μονδις
934 2273 979 2330 καί
1026 2275 1158 2353 λόγονκαὶ
1172 2278 1239 2335 οὕτω
1259 2278 1391 2355 διῃρήσθω
1405 2277 1473 2336 κατὰ
1493 2277 1536 2334 τὸν
1551 2277 1629 2335 αὐτόν
1642 2277 1728 2335 ποττὸ
1746 2282 1814 2357 δρα·

203 2361 314 2436 στιγμά·
329 2357 520 2436 παραπλασίως
535 2357 561 2416 δὲ
576 2360 621 2415 καί
637 2359 668 2416 τὸ
681 2357 783 2416 νοατόν.
823 2357 849 2414 Τ
850 2359 863 2416 ὸ
876 2359 926 2438 γὰρ
941 2349 978 2416 εί·
1026 2361 1084 2430 τόν,
1097 2362 1143 2420 καί
1164 2364 1244 2422 πάλιν
1260 2366 1382 2440 ἑκάτερον
1396 2366 1463 2422 οὕτω
1478 2362 1618 2442 διωρίσθω,
1634 2363 1734 2422 cincus&
1749 2367 1813 2422 δια-

204 2449 244 2512 δος
259 2447 318 2504 οὔτε
332 2445 413 2522 πέρας
433 2443 555 2520 σώματός
570 2446 622 2502 ἐντι
637 2445 695 2502 οὔτε
718 2444 792 2522 όρος,
816 2445 882 2504 illl
903 2447 980 2521 μόνω
1027 2448 1103 2526 φέρεν
1123 2449 1250 2530 σαφηνείᾳ
1270 2474 1298 2509 τε
1319 2451 1363 2509 καὶ
1386 2451 1499 2532 ἀσαφείᾳ
1522 2453 1580 2508 ποτ’
1596 2452 1711 2510 dilala
1756 2451 1811 2510 Te·

202 2535 314 2599 τύπωσις
335 2537 373 2592 τῶ
389 2531 474 2603 όντος,
495 2523 555 2612 ᾇόν
571 2535 640 2606 ἐντι,
661 2532 677 2589 ἃ
694 2533 716 2590 δ’
730 2531 847 2598 alebam:
871 2534 980 2610 μεριστὰ
1027 2537 1105 2595 αὐτὸν
1122 2535 1153 2604 δὴ
1169 2536 1262 2616 τρόπον
1285 2541 1323 2594 τῶ
1345 2537 1392 2611 μὲν
1413 2538 1445 2606 δὴ
1467 2540 1583 2596 stateris
1600 2537 1694 2612 τὸμὲν
1715 2536 1812 2616 ἅτερον

203 2621 246 2678 καί
262 2619 388 2698 διαιρετά.
429 2623 489 2680 Τῶν
509 2621 559 2697 γδιρ
576 2621 656 2678 ὄντοιν
673 2617 770 2677 ίντὶτδι
787 2619 833 2694 μὲν
851 2621 977 2689 alstemi,
1027 2622 1206 2700 τμᾶμιίέντι,
1222 2623 1486 2684 circumplectit
1501 2631 1553 2690 τοῖς
1569 2625 1811 2690 diserentium
1879 2613 1880 2622 ί

203 2709 235 2765 τδι
249 2707 277 2765 δὲ
293 2705 421 2776 δοξαστά,
440 2707 472 2763 τὰ
493 2707 520 2764 δὲ
540 2704 734 2775 ἐπιστατά,τδι
749 2707 775 2763 δὲ
790 2711 880 2765 νοατό.
926 2708 978 2766 Καὶ
1025 2709 1191 2788 κατόπτροις,
1212 2709 1242 2768 τδ
1262 2712 1284 2768 δ’
1303 2701 1578 2789 ότερανὴμέροςῶν
1601 2703 1679 2769 αὗται
1703 2713 1812 2770 αίέἰ-
1879 2719 1880 2790 ζ

203 2796 236 2855 τὰ
255 2796 301 2870 μὲν
315 2785 490 2868 σώματα,όι’ν
505 2792 557 2850 ἐντί
569 2815 606 2858 τις
625 2790 777 2864 ἀντιτυπία,
794 2793 978 2852 eleterius·
1026 2794 1426 2875 ιιόνες,φυτδνιαίζῷα·τιῗιδὲ
1447 2800 1531 2854 νοστῶ
1549 2796 1580 2854 τό
1604 2797 1651 2873 μὲν
1679 2799 1810 2877 ἀνάλογον
1879 2809 1880 2846 ἶ

203 2992 376 3040 etsuaoatura
389 2989 558 3040 secundarum.
592 2991 741 3050 Namquent
756 2989 794 3037 illa
810 2989 878 3038 nobis
895 2991 983 3040 animm
1027 2990 1130 3052 dentque
1144 2991 1265 3040 intellectu
1279 2991 1522 3052 comprehenduntur.
1554 2993 1810 3052 Etoorporaquidem

206 3077 346 3138 principium
359 3079 408 3138 est,
421 3076 629 3138 itabicccrporis.
662 3079 734 3126 Porro
752 3074 861 3126 menade
873 3080 982 3138 praestan·
1028 3089 1083 3139 qum
1102 3077 1215 3126 resistunt
1232 3089 1303 3126 sensu
1326 3077 1577 3140 comprsberrduntur;
1591 3076 1705 3138 opinione
1724 3082 1809 3124 antem

206 3163 304 3212 tisslmls
334 3162 407 3212 rebus
429 3163 536 3224 iudicat,
557 3174 640 3211 seusus
663 3161 694 3210 de
716 3157 856 3211 utilissimis.
890 3162 983 3223 Quippe
1027 3177 1082 3226 qum
1106 3165 1193 3214 termas
1215 3163 1323 3224 babent,
1342 3171 1369 3214 ut
1385 3165 1510 3227 imagines,
1529 3166 1596 3214 velut
1614 3165 1689 3214 bomo
1707 3165 1810 3228 quidam

205 3252 327 3312 quoruodo
341 3263 426 3299 sensus
439 3249 545 3310 corporis
556 3261 628 3297 eausa
644 3250 717 3310 atque
732 3249 761 3296 ad
781 3248 837 3297 illud
850 3248 982 3310 terendum
1027 3249 1144 3308 lrcminis,
1154 3252 1179 3300 et
1195 3251 1336 3313 triangulum
1351 3252 1472 3313 quoddam
1486 3251 1612 3312 trianguli;
1632 3252 1734 3300 sciendi
1752 3264 1810 3300 νοω

205 3341 341 3397 procreatus
354 3339 390 3384 est
407 3353 412 3383 ι
426 3335 461 3383 sie
470 3347 537 3384 mens
549 3334 579 3383 ad
592 3334 634 3384 llas
646 3348 683 3383 res
695 3333 823 3395 prudentes
833 3333 983 3384 consideran·
1028 3351 1083 3398 quae
1095 3338 1225 3388 neommrio
1238 3338 1320 3388 termis
1334 3339 1460 3395 eueniunt,
1478 3340 1507 3387 ut
1520 3338 1544 3386 iu
1561 3339 1694 3399 geomeuia
1709 3339 1808 3398 ignum
1879 3353 1880 3388 t

207 3422 250 3472 des
264 3423 399 3472 adhibetur.
434 3426 630 3472 Praetereameus
651 3422 756 3470 scientim
772 3421 915 3482 principium
929 3423 981 3480 est,
1028 3423 1149 3474 intellectu
1168 3425 1270 3486 denique
1289 3437 1345 3473 cum
1367 3425 1425 3486 ipsae
1445 3424 1542 3484 termae,
1562 3427 1616 3472 tum
1640 3424 1807 3473 doctrinarum
1879 3445 1880 3460 ι

204 3521 289 3558 mustus
302 3510 444 3572 opinionis:
472 3508 588 3570 siquidem
610 3508 673 3558 lrarrd
691 3507 760 3557 aliter
776 3507 814 3556 ilic
834 3507 879 3556 sub
897 3519 981 3556 sensus
1029 3512 1158 3574 principia,
1182 3518 1209 3560 ut
1243 3512 1294 3573 ipse
1320 3512 1438 3569 circulus,
1466 3511 1544 3572 ipsum
1570 3511 1729 3572 triangulum,
1755 3513 1807 3572 ipsa
1879 3519 1880 3526 ¹

204 3598 341 3648 cadentium
358 3598 431 3648 trebel
449 3598 637 3659 perfunctionem
649 3599 720 3658 atrpm
735 3596 776 3646 illa
789 3595 980 3657 intelligibilium.
1026 3597 1128 3659 spirare,
1160 3601 1216 3647 Jam
1225 3595 1250 3645 in
1262 3596 1340 3645 auimo
1352 3609 1448 3657 quoque
1460 3599 1539 3643 nostra
1550 3599 1664 3656 qrrattaor
1674 3601 1806 3645 cernuntur

207 3688 263 3734 lam
278 3699 334 3733 τοττι
348 3685 468 3734 sensibilia
479 3687 607 3732 moventur
619 3686 643 3732 et
654 3684 792 3734 crrnrmunia
803 3685 875 3742 sunl,
896 3684 983 3733 intelli·
1028 3683 1184 3745 cognoscendi
1202 3682 1344 3742 facultates,
1361 3695 1444 3743 nrens,
1461 3681 1577 3741 selemia,
1595 3682 1692 3743 opinio,
1705 3695 1804 3739 seusus,

204 3772 284 3832 gibilia
295 3773 429 3820 consistunt
440 3783 467 3818 ac
480 3771 605 3830 singularis
618 3773 739 3831 apparent.
773 3770 886 3818 Similiter
899 3783 983 3819 sensus
1027 3770 1138 3833 equibus
1151 3771 1198 3819 dno
1211 3770 1308 3819 rationis
1318 3768 1431 3830 principia
1442 3771 1510 3829 sont,
1525 3781 1594 3816 utens
1604 3779 1744 3827 eoseum,
1756 3769 1804 3816 doo
1879 3747 1880 3756 ί

159 3867 164 3876 ·
203 3857 570 3921 quoqueacmenssebcbeut.
603 3857 698 3905 ltteuim
709 3868 795 3906 sensus
807 3855 903 3918 quidem
916 3856 945 3904 od
959 3855 981 3904 id
1028 3859 1101 3918 lines,
1116 3855 1215 3906 scieutla
1235 3861 1261 3905 et
1281 3857 1370 3918 opinio.
1404 3857 1485 3912 Quum
1498 3869 1568 3916 porro
1583 3855 1661 3904 simile
1676 3867 1804 3916 setnpera

143 4004 147 4014 1
204 3945 269 4006 qrrud
287 3944 368 3995 sentiri
390 3947 469 4004 potest
490 3945 601 4004 retertur,
625 3943 671 3990 lroc
686 3945 767 3991 autem
789 3949 813 3990 et
833 3948 942 3991 mouetur
959 3946 983 3990 et
1026 3923 1099 3992 simili
1112 3945 1275 4003 cognoscatur,
1289 3942 1392 3992 allicitur
1409 3946 1436 3989 ut
1450 3954 1516 3990 mens
1535 3943 1614 3989 nostra
1632 3953 1688 4002 qnae
1701 3942 1747 3989 snb
1767 3942 1802 3988 in·
1879 3931 1880 3946 ¹

205 4033 324 4090 mittetur,
336 4044 414 4093 neque
430 4043 535 4092 unquam
550 4029 666 4090 quiescit,
680 4030 782 4090 ideoque
792 4029 852 4078 torte
864 4035 914 4078 trrm
933 4042 982 4078 mu·
1027 4031 1148 4080 tellectum
1158 4031 1248 4078 cadunt
1261 4032 1405 4090 cognoscet,
1417 4028 1515 4077 seientia
1533 4041 1588 4090 quae
1604 4027 1651 4076 sub
1663 4028 1803 4082 seientiam.
1879 4049 1880 4086 t

203 4117 283 4176 gisae
309 4117 403 4176 miuus,
426 4122 476 4164 tum
496 4116 579 4164 mellus
595 4129 622 4164 ac
641 4115 746 4164 deterius
767 4117 894 4168 sentitur:
915 4128 982 4164 mens
1026 4117 1107 4178 opinio
1125 4128 1180 4177 quae
1204 4115 1250 4164 sub
1272 4114 1422 4176 opinionem,
1444 4125 1528 4162 sensus
1549 4125 1605 4172 qrrae
1624 4111 1670 4160 sub
1697 4125 1802 4160 sensum
1879 4127 1880 4150 ι

205 4217 263 4252 uero
277 4203 305 4250 ad
316 4203 339 4250 id
350 4204 413 4263 qurud
427 4202 524 4262 intelligi
536 4205 613 4264 potest
624 4204 732 4263 retertur,
742 4202 788 4250 boc
798 4205 878 4250 erilem
890 4204 982 4250 natutae
1028 4202 1191 4262 Quamobrem
1205 4201 1378 4250 transeundum
1389 4203 1426 4249 est
1439 4213 1454 4248 a
1466 4198 1615 4248 sensibilibus
1624 4197 1654 4246 ad
1666 4197 1801 4258 opinabilia,
1879 4213 1880 4218 ¹

204 4303 255 4338 snm
272 4289 442 4338 corrueuienter
463 4295 528 4336 tttoltt
553 4293 631 4348 caret,
659 4289 759 4350 ideoque
780 4302 824 4338 nec
844 4291 917 4351 magis
939 4303 983 4339 uec
1027 4291 1057 4339 ob
1068 4290 1226 4354 opinabilibus
1239 4288 1375 4349 adeaquae
1387 4287 1432 4336 sub
1445 4286 1569 4336 seientiam
1583 4284 1673 4334 mdrtnt
1688 4288 1761 4346 atque
1772 4284 1802 4332 ab

205 4377 390 4436 nriurrs,nrqne
419 4375 503 4422 mellus
526 4387 602 4434 neque
622 4375 726 4422 deterius
750 4375 895 4436 intelligitur.
928 4378 981 4426 tom
1028 4371 1800 4438 trisadintelligibilia:traecautemapteiuterseccojnnmnda

203 4465 406 4530 quremadmodnm
420 4477 486 4513 mens
500 4463 603 4524 primum
618 4464 788 4525 eteuemplum
801 4465 981 4526 conspicit,sic
1027 4468 1175 4525 suntperea
1190 4459 1449 4522 reritotemspectuntl.
1483 4459 1566 4508 Ealris
1580 4457 1800 4518 intelligibiliadeti-
1879 4467 1880 4516 ι

203 4567 289 4610 sensus
305 4552 460 4603 simulacrum
476 4552 500 4599 et
513 4549 655 4599 secundum.
687 4551 805 4600 Nimirum
817 4553 844 4600 nt
858 4565 981 4603 memnon
1026 4549 1076 4598 uite
1087 4547 1183 4610 cogitari
1197 4549 1306 4608 oportet,
1317 4549 1431 4606 tanquam
1442 4542 1526 4592 laeam
1540 4543 1649 4591 bilariam
1661 4543 1761 4591 diuisam
1776 4546 1800 4590 et

124 4627 126 4632 ¹
204 4641 342 4703 simpliciter
364 4639 483 4688 bominem
512 4637 646 4688 consideret
669 4638 725 4686 :lto
745 4638 883 4699 simpliciter
901 4651 983 4687 sensus
1027 4629 1441 4698 mqualiarursusutriusquepartis
1451 4630 1573 4690 segmenta
1582 4625 1799 4689 'propariportiooe

203 4728 261 4777 solis
274 4727 357 4776 orbem
373 4726 411 4774 rel
424 4724 540 4773 artldcum
552 4737 632 4785 opera.
666 4723 761 4774 accedit
773 4724 835 4784 quod
850 4737 916 4772 mena
928 4724 982 4784 qui·
1027 4719 1153 4768 ltabeotem
1167 4729 1173 4758 ι
1186 4719 1259 4776 atque
1270 4716 1303 4764 ita
1314 4715 1438 4776 dispertita
1451 4713 1482 4761 sit
1494 4713 1554 4762 linea
1567 4725 1611 4772 pro
1626 4711 1736 4773 portione
1745 4721 1795 4757 ocu·
1879 4703 1880 4730 i

206 4815 260 4864 dem
274 4813 372 4862 unitatis
384 4813 409 4862 et
427 4813 507 4874 puncti
521 4811 595 4859 instar
611 4810 732 4859 indiuidua
745 4814 769 4858 et
781 4809 906 4858 indiscreta
924 4813 980 4858 est:
1027 4806 1056 4855 lis
1067 4804 1212 4866 conspicua,
1225 4815 1357 4863 rursusque
1367 4805 1468 4861 utraque
1481 4811 1536 4860 pars
1546 4799 1581 4846 sic
1594 4798 1709 4847 distincta
1719 4798 1797 4853 sit‚ut
1879 4819 1880 4826 τ

204 4901 314 4950 similiter
323 4900 401 4948 omnis
412 4911 449 4948 res
462 4898 623 4960 intelligibilis.
656 4897 817 4948 Formaenim
835 4909 912 4956 neque
927 4896 981 4944 buis
1027 4891 1197 4955 perspicuitate
1216 4893 1240 4937 et
1261 4887 1411 4936 obscuritate
1437 4885 1498 4934 inter
1513 4896 1539 4932 se
1558 4881 1681 4931 diderant.
1714 4879 1797 4930 Ἑωόοαι

207 4987 524 5049 ueqrrctermtnuscorporis
535 4988 581 5048 est,
593 4986 634 5035 sed
647 4984 912 5046 lantumtiguratiurei,
923 4995 984 5044 qua·
1028 4981 1102 5030 modo
1113 4977 1259 5028 sensibilium
1271 4976 1374 5024 alterurn
1389 4976 1538 5035 segmentum
1555 4970 1663 5020 molinet
1677 4970 1797 5018 simulacra
1879 4979 1880 4996 ι

205 5079 277 5126 tenus
290 5089 327 5123 res
340 5078 392 5124 est:
409 5072 605 5123 ataensusdiridl
622 5085 650 5121 ec
664 5073 767 5134 separari
779 5073 866 5134 potest.
890 5073 982 5130 Nempe
1030 5070 1055 5117 in
1070 5069 1138 5128 acuta
1158 5068 1183 5116 et
1203 5063 1306 5127 speculis
1323 5071 1473 5123 repercussa,
1492 5058 1594 5108 altemm
1609 5055 1703 5118 plautas
1715 5057 1739 5103 et
1755 5054 1797 5102 ani-
1879 5053 1880 5114 ζ

204 5175 289 5214 eorum
301 5164 421 5222 quaecum
431 5160 563 5220 allasensu,
573 5157 618 5207 ulio
629 5157 749 5219 opinione,
760 5157 806 5206 alia
818 5156 927 5217 scientia,
939 5154 984 5204 aba
1030 5155 1115 5212 malla,
1135 5163 1238 5213 quorum
1251 5151 1309 5201 sunt
1323 5149 1375 5198 istm
1394 5145 1507 5206 imagines
1521 5157 1527 5188 t
1547 5141 1732 5203 solutissimum
1746 5151 1797 5190 tutu
1879 5179 1880 5184 ,
