3776 5926
769 429 948 490 ORPHICA.
1004 416 1007 420 ⁵

153 562 290 644 [Hermias
306 564 336 620 in
354 563 426 622 Plan
440 562 550 620 Phaedr.
564 583 605 638 p.
629 569 680 628 τίιι
698 581 706 621 :
721 559 758 620 'il
774 584 830 619 πα-

112 647 341 729 ρηκολουθηκὼςθ
362 647 476 710 Πλάτων
497 651 551 716 τοῖς
565 649 616 710 ὑπὸ
637 653 690 708 τῶν
704 649 832 728 θεολόγων

108 735 258 812 εἰρημένοις
271 734 331 793 κατ’
352 734 463 802 ἐκείνους
483 734 529 794 καί
544 735 620 802 αὐτὸς
641 735 771 809 διατίθησι
790 736 835 796 τὸν

107 823 206 899 λόγον,
222 820 290 898 μετὰ
308 821 360 902 γδρ
373 821 421 892 τὴν
435 826 487 881 τῶν
505 826 604 881 νυκτῶν
619 823 691 891 τάξιν
707 825 773 902 τρεῖς
784 827 835 884 εἶσι

107 911 198 978 τάξεις
203 915 256 970 τῶν
266 915 339 984 θεῶν,
349 913 479 988 Οὐρανοῦ,
493 911 835 990 ίίυκλώπων,Ἑκατογγεί·

108 1023 177 1078 ρων,
192 991 228 1058 ὧν
241 999 316 1072 αὐτὸς
329 998 476 1078 ἀποφάσκει
490 999 523 1058 τδι
535 1002 618 1058 οἰκεῖα
630 999 726 1059 τούτων
742 1000 835 1076 ὀνόμα-

107 1111 159 1149 τα.
175 1088 288 1158 Ἐπειδὴ
309 1085 361 1166 γάρ
374 1091 427 1144 τῶν
447 1085 518 1144 ἐνδον
542 1088 568 1144 ἐν
589 1087 676 1165 ταύτῷ
691 1086 834 1162 μεινάντων

108 1180 153 1254 τῷ
170 1177 279 1248 Φάνητι
297 1173 407 1255 πρώτως
423 1177 540 1253 φανερῶς
554 1178 568 1234 ὁ
583 1173 700 1252 Οὐρανός
716 1174 742 1242 ἐξ
756 1176 835 1233 αὐτοῦ

106 1262 308 1339 γέγονεν-ἐξω
315 1262 367 1341 γὰρ
378 1264 508 1340 προῆλθον
516 1266 615 1341 πρῶτοι
626 1260 673 1320 ἀπ’
686 1261 764 1320 αὐτοῦ
779 1263 835 1322 Οὐ-

108 1349 191 1426 ρανὸς
204 1349 248 1408 καί
265 1351 319 1420 Γῆ·
331 1346 412 1416 δεῖξαί
422 1347 445 1405 τ’
459 1346 484 1416 ἐξ
497 1351 603 1428 ἀφανῶν
615 1349 687 1426 κτλ.)

109 1463 286 1542 Πρωτόγονόν
299 1485 329 1540 γε
341 1461 387 1538 μέν
401 1461 469 1530 οὐτις
483 1461 621 1542 ἐσέδρακεν
632 1464 818 1545 ὀφθαλμοῖσιν,

108 1553 136 1607 εί
153 1550 190 1626 μὴ
206 1549 261 1618 Not
275 1551 331 1629 ἱερὴ
351 1550 448 1626 μούνη·
462 1553 485 1610 oi
501 1551 523 1608 δ’
542 1551 616 1610 ἄλλοι
629 1550 740 1617 άπαντες

108 1637 247 1713 θαύμαζον
261 1643 421 1714 καθορῶντες
435 1641 461 1697 ἐν
476 1637 559 1715 αἰθέρι
573 1638 667 1719 φέγγος
680 1637 802 1699 ἀελπτον·

109 1727 183 1786 τοῖον
198 1726 367 1806 ἀπέστραπτο
380 1726 457 1806 χροὸς
471 1727 610 1786 ἀθανάτοιο
622 1728 756 1800 Φάνητος.

156 1843 297 1919 (Ηετιτιίοο
313 1845 333 1900 l.
346 1862 372 1900 c.
389 1861 397 1900 τ
415 1839 469 1900 Καὶ
482 1843 584 1921 πρῶτος
604 1841 810 1920 καταλάμπεται
825 1847 838 1903 θ

110 1928 222 2006 οὐρανὸς
235 1927 286 1987 ὐπδ
300 1933 345 1988 τοῦ
367 1927 436 1987 θείου
462 1927 547 2008 φωτύς
571 1933 616 1987 τοῦ
634 1929 771 2001 Φάνητος·
790 1930 836 2004 τλν

109 2013 166 2094 γὰρ
178 2014 272 2075 Νύκτα
281 2018 397 2086 ἡνῶσθαι
408 2017 481 2094 αὐτῷ
488 2035 565 2094 φησι·
575 2014 738 2095 πρωτόγονόν
749 2039 778 2093 γε
789 2015 837 2092 μέν

110 2105 175 2162 κτλ.
192 2105 272 2162 Idem
285 2123 349 2180 pag.
364 2111 418 2171 144
436 2125 444 2162 τ
460 2103 485 2162 Τ
487 2105 548 2182 ριῶν
559 2099 611 2181 γάρ
625 2103 838 2181 παραδιδομένων

112 2191 228 2250 Νυκτῶν
242 2193 306 2268 παρ’
329 2189 435 2268 Ὀρφεῖ,
456 2193 503 2259 τῆς
521 2187 568 2264 μέν
584 2189 610 2246 ίν
624 2189 694 2268 αὐτῷ
712 2190 839 2264 μενούσης

112 2280 164 2346 τῆς
177 2274 298 2354 πρώτης,
314 2280 361 2346 τῆς
373 2275 401 2334 δέ
418 2274 508 2353 τρίτης
532 2272 582 2342 ἐξω
595 2274 779 2355 προελθούσης,
792 2280 839 2346 τῆς

113 2361 144 2422 δὲ
157 2362 241 2438 μέσης
252 2363 359 2432 τούτων,
384 2361 433 2432 τὴν
452 2361 499 2438 μίν
517 2361 622 2440 πρώτην
637 2361 774 2440 μαντεύειν
788 2386 839 2444 φη-

114 2451 167 2522 σίν,
180 2447 198 2508 ό
211 2454 267 2509 ἐστι
290 2454 336 2521 τῆς
353 2447 515 2526 ἐπιστήμης,
530 2449 575 2520 τὴν
596 2449 623 2507 δέ
640 2449 722 2525 μέσην
738 2451 839 2510 αἰδοίαν

114 2539 207 2612 καλεῖ,
232 2537 249 2596 ό
279 2541 334 2598 ἐστι
356 2541 402 2608 τῆς
423 2535 608 2616 σωφροσύνης,
630 2536 677 2607 τὴν
699 2536 727 2596 δέ
748 2538 838 2616 τρίτην

115 2624 269 2684 άποτίκτειν
280 2624 344 2706 φησὶ
358 2621 405 2694 τλν
421 2623 593 2696 δικαιοσύνην.
605 2626 742 2682 caeterum
752 2627 838 2682 Bent-

41 2735 47 2748 ·
114 2714 190 2787 lejus
209 2715 298 2788 Epist.
315 2713 353 2770 ad
370 2715 418 2768 Jo.
436 2714 557 2769 Millium
573 2732 603 2786 p.
619 2711 732 2778 455vs.
747 2713 839 2770 iinon

114 2799 306 2879 ἀπέστραπτο,
326 2801 376 2856 sed
397 2796 540 2857 ἀπέστιλόε
557 2800 654 2874 habet,
677 2801 757 2876 quod
772 2801 839 2857 scri·

112 2902 198 2964 ptum
214 2900 256 2945 est
274 2889 359 2945 etiam
373 2889 453 2963 apud
470 2888 605 2944 Proclum
626 2889 782 2946 comment.
806 2890 837 2944 in

112 2979 187 3032 Tim.
197 2995 264 3051 pag.
285 2975 338 3031 132
353 2975 398 3050 G.)

417 3087 492 3146 LIV.

113 3203 223 3283 Καίπερ
239 3203 307 3263 ἐόντι
319 3204 369 3284 νέῳ
382 3201 427 3262 καὶ
441 3202 528 3284 νηπίῳ
539 3204 720 3284 είλαπιναστῇ.

157 3317 286 3391 (Procius
302 3320 333 3373 in
341 3319 414 3376 Tim.
433 3317 461 3373 V
473 3337 504 3392 p.
523 3317 620 3384 3341)
636 3335 645 3376 t
661 3313 696 3377 ‘0
709 3315 759 3396 γάρ
774 3319 839 3384 Ζεύς

115 3403 230 3480 βασιλέα
243 3402 343 3474 τίθησιν
370 3401 447 3461 αὐτόν
474 3401 598 3462 ἀπάντων
620 3405 672 3460 τῶν
694 3403 839 3481 ἐγκωμίων

114 3495 181 3550 θεῶν
195 3490 242 3549 καί
253 3489 480 3569 πρωτίσταςσύτῷ
492 3489 564 3566 νέμει
573 3489 651 3568 τιμάς
662 3487 757 3570 καίπερ
773 3489 841 3548 ἐόντι

115 3577 166 3656 νέῳ
180 3578 242 3637 κτλ.
257 3579 338 3637 ldem
353 3581 383 3634 in
394 3582 486 3634 Parm.
505 3580 519 3637 1
540 3597 570 3653 p.
585 3599 620 3655 91
637 3581 684 3638 ed.
699 3579 837 3638 Cousin.:

62 3667 74 3686 ’
119 3665 171 3725 Kal
186 3665 238 3744 γάρ
259 3664 337 3723 αὐτὸν
353 3663 398 3722 τδν
413 3667 464 3724 Δία
482 3665 529 3722 καλ
548 3663 592 3722 τὸν
606 3663 729 3723 Διόνυσον
744 3664 841 3731 παῖδας

116 3753 162 3811 καί
178 3752 251 3817 νέους
262 3757 279 3823 ἡ
290 3750 407 3832 θεολογία
423 3753 513 3810 καλεῖ·
528 3749 624 3830 καίπερ
639 3749 697 3810 όντε
711 3749 777 3822 νέω,
789 3773 842 3830 φη-

117 3841 158 3900 σίν
173 3839 310 3921 Ὀρφεύς.)

120 3957 208 4016 ίίλῦτε
223 3953 276 4014 θεοί
284 3998 292 4031 ,
306 3953 384 4012 τόνδ’
398 3952 481 4031 ύμμιν
497 3952 549 4032 ἐγὼ
565 3953 679 4031 βασιλῆα
696 3951 795 4022 τίθημι.

158 4069 289 4146 (Procius
305 4070 334 4124 in
346 4070 423 4127 Crat.
439 4088 468 4142 p.
486 4067 525 4144 59
540 4087 546 4122 τ
570 4063 623 4125 Καί
636 4067 650 4122 δ
664 4063 788 4130 Διόνυσος
799 4087 843 4124 τε·

119 4157 238 4223 κευταῖος
261 4157 326 4214 θεῶν
352 4153 472 4232 βασιλεὺς
493 4153 566 4232 παρὰ
597 4156 642 4208 τοῦ
664 4149 733 4218 Διός·
754 4155 769 4210 ὁ
792 4149 842 4231 γάρ

118 4242 210 4322 πατὴρ
225 4241 307 4320 ἱδρύει
328 4263 357 4298 τε
372 4241 449 4299 αὐτὸν
464 4241 490 4298 ἐν
511 4243 549 4318 τῷ
564 4236 689 4318 βασιλείῳ
703 4237 784 4316 θρόνῳ
797 4238 843 4295 καί

120 4329 259 4409 ἐγχειρίζει
281 4329 311 4388 τδ
332 4331 464 4408 σκῆπτρον
490 4327 535 4385 καί
562 4324 672 4404 βασιλέα
695 4328 768 4382 ποιεῖ
790 4326 842 4382 τῶν

119 4416 268 4494 ἐγκοσμίων
291 4417 414 4476 ἁπάντων
434 4420 508 4475 θεῶν·
522 4417 601 4472 κλῦτε
614 4413 683 4484 θεοί,
695 4411 739 4470 τὀν
755 4409 778 4468 δ’
792 4409 843 4488 ip·

122 4529 166 4580 μιν
179 4507 238 4564 κτλ.
253 4502 324 4580 λέγει
337 4503 400 4584 πρδς
409 4501 469 4570 τούς
482 4499 552 4567 νέους
562 4499 633 4568 θεοὺς
644 4502 658 4558 ὁ
673 4497 748 4564 Ζεύς.
763 4499 844 4558 ldem

120 4597 149 4650 in
162 4592 295 4652 Parmen.
309 4593 365 4652 vn
376 4612 405 4668 p.
422 4594 478 4650 230
491 4611 498 4650 :
510 4589 609 4670 Χρόνος
620 4587 646 4646 δὲ
658 4589 710 4647 ὑπὸ
725 4583 843 4666 Ὀρφέως

930 561 1092 640 ,ὀνομάζεται
1117 562 1185 622 κατά
1206 561 1239 634 δή
1260 585 1318 622 τινα
1333 561 1486 642 θαυμαστλν
1503 563 1654 641 ἀναλογίαν.

939 649 1058 717 Γινέοεις
1072 647 1151 730 γθρό
1170 650 1287 728 θεολόγος
1301 656 1353 710 τῶν
1369 649 1515 729 ἀγεννήτων
1530 651 1658 726 μυστικδις

940 737 1080 814 παραδούς,
1090 736 1135 796 καί
1149 735 1179 796 τὸ
1194 735 1275 797 αίτιον
1294 741 1340 810 τῆς
1355 737 1503 817 ἐκφοίνσεως
1516 742 1567 798 τῶν
1582 737 1657 796 θείων

938 825 1038 904 χρόνων
1057 823 1222 902 συμόολικῶς
1237 825 1385 902 ὠνόμασεν·
1405 825 1469 886 ὅπου
1487 829 1538 905 γάρ
1551 827 1658 906 γένεσις,

938 917 991 973 ἐκεῖ
1002 915 1047 973 καί
1058 911 1170 994 χρόνος.)

895 1085 896 1090 ,
942 1027 1092 1104 Ποιμαίνων
1101 1029 1274 1109 πραπίδεσσιν
1286 1028 1435 1107 ἀνόμμστον
1449 1028 1518 1089 ῶκύν
1532 1029 1627 1109 ἔρωτα.

981 1159 1109 1236 (Procius
1122 1163 1151 1215 in
1163 1162 1306 1221 Alcibiad.
1326 1164 1361 1218 1:
1378 1158 1414 1220 ‘0
1433 1159 1551 1237 θεολόγος
1567 1164 1582 1219 ό
1595 1161 1658 1238 παρ’

940 1245 1069 1318 Ἕλλησιν
1091 1247 1241 1323 ἀνόμματσν
1254 1247 1382 1306 ἀποκαλεῖ
1395 1247 1438 1306 τδν
1453 1249 1537 1326 ἔρωτα
1552 1251 1657 1307 ἐκεῖνον·

940 1335 1086 1412 ποιμαίνων
1099 1341 1156 1396 κτλ.
1168 1337 1248 1396 ldem
1257 1338 1329 1395 ibid.
1341 1357 1348 1396 ε
1359 1335 1414 1397 Καί
1429 1360 1473 1412 μοι
1488 1340 1567 1412 δοκεῖ,
1581 1339 1661 1398 καθά·
1743 1359 1748 1370 ·

941 1446 990 1502 περ
1015 1421 1128 1502 Ὀρφεύς
1146 1423 1268 1504 ἐφίστησι
1287 1426 1325 1503 τῷ
1347 1426 1450 1502 βασιλεῖ
1470 1425 1588 1506 Διονύσῳ
1610 1425 1658 1497 τὴν

943 1511 1043 1589 μονάδα
1063 1510 1111 1582 τὴν
1134 1509 1344 1583 Ἂπολλωνιακὴν
1366 1510 1566 1590 άποτρέπουσαν
1582 1514 1660 1572 αὐτόν

941 1605 987 1673 τῆς
1000 1603 1036 1667 είς
1048 1599 1079 1658 τὸ
1094 1599 1234 1660 Τιτανικδν
1254 1601 1352 1670 πλῆθος
1377 1600 1487 1678 προόδου
1506 1601 1551 1660 καί
1568 1600 1660 1669 ἐξανα-

943 1688 1059 1754 στάσεως
1082 1691 1128 1746 τοῦ
1156 1687 1289 1766 βασιλείου
1312 1687 1416 1764 θρόνου,
1435 1688 1479 1747 καί
1500 1694 1661 1768 φρουροῦσαν

942 1776 1019 1835 αὐτὸν
1041 1774 1172 1854 ἄχραντον
1195 1776 1222 1834 ἐν
1243 1779 1275 1853 τῇ
1297 1773 1403 1854 ἐνῶσει,
1415 1780 1526 1834 τοιαῦτα
1543 1774 1574 1847 δι)
1589 1776 1662 1834 καλό

944 1861 1097 1940 Σωκράτους
1120 1859 1221 1937 δαίμων
1244 1862 1377 1942 περιάγειν
1404 1861 1450 1939 μέν
1472 1861 1551 1922 αὐτὸν
1566 1864 1600 1930 είς
1613 1861 1662 1932 τλν

942 1951 1032 2030 νοερδιν
1057 1948 1203 2030 περιωπήν,
1224 1947 1327 2030 ἐπέχειν
1343 1949 1370 2009 δέ
1383 1953 1435 2009 τῶν
1453 1949 1517 2026 πρὸς
1530 1948 1589 2018 τούς
1600 1953 1663 2008 πολ·

941 2038 1001 2106 λούς
1014 2041 1165 2098 συνουσιῶν.
1174 2040 1252 2098 Idem
1262 2042 1332 2100 ibid.
1342 2061 1348 2097 :
1359 2040 1490 2118 Πάρεδρος
1501 2042 1515 2098 ό
1527 2038 1604 2114 νόμος
1617 2045 1662 2099 τοῦ

942 2125 1017 2202 Διός,
1033 2123 1068 2192 ὥς
1080 2147 1157 2206 φησιν
1175 2127 1188 2182 θ
1201 2124 1332 2206 Ὀρφεύς.)

1242 2256 1301 2315 LV.

942 2383 1026 2456 Ὕλης
1042 2365 1168 2464 οὐρανίης.
1178 2382 1223 2443 καὶ
1239 2383 1359 2464 άστερίης
1369 2383 1414 2442 καὶ
1427 2381 1552 2442 άόύσσου.

984 2511 1335 2590 (OlympiodorusComm.
1348 2514 1379 2568 in
1387 2513 1553 2571 Alcibiad.1
1566 2530 1573 2570 :
1584 2509 1664 2570 Ἀλλά

944 2598 996 2676 μὴν
1009 2599 1054 2658 καί
1064 2601 1142 2659 ὐλῶοι
1151 2598 1271 2675 λέγονται
1285 2601 1308 2656 οἱ
1322 2597 1399 2667 τήνδε
1408 2597 1455 2668 τλν
1468 2596 1532 2668 ὐλην
1543 2598 1665 2667 ἐξάπτον-

942 2711 982 2752 τες
995 2689 1041 2757 xz<
1054 2689 1105 2744 τῶν
1124 2686 1262 2766 οὐρανίων,
1280 2685 1326 2744 καὶ
1346 2684 1388 2743 διὰ
1402 2689 1478 2744 τοῦτο
1495 2692 1665 2765 φρουροῦντες

944 2776 1037 2848 αὐτήν,
1052 2773 1097 2833 καί
1107 2773 1144 2852 μὴ
1159 2777 1353 2854 συγχωροῦντες
1361 2771 1470 2853 βευστὴν
1478 2764 1568 2846 οὖσαν,
1576 2772 1665 2845 πάντη

944 2861 1102 2942 φθείρεσθαι.
1118 2860 1192 2934 Φησὶ
1212 2861 1263 2940 γδιρ
1277 2860 1323 2920 καί
1340 2862 1355 2918 ὁ
1369 2859 1493 2940 Ὀρφεύς·
1510 2859 1573 2933 ὐλης
1587 2863 1666 2941 οὐρα-

943 2949 998 3022 νίης
1013 2950 1084 3025 κτλ.)

944 3066 980 3123 Οί
1002 3065 1024 3120 δ’
1040 3061 1112 3122 αὐτοὶ
1125 3060 1237 3141 πατέρες
1250 3061 1336 3119 τεκαὶ
1352 3059 1417 3126 υίέες
1432 3062 1458 3118 έν
1467 3059 1621 3142 μεγάροισιν

943 3151 984 3223 ἠδ’
1000 3151 1091 3230 ἄλοχοι
1103 3149 1197 3230 σεμναί
1208 3147 1298 3208 κεδναί
1312 3170 1340 3206 τε
1351 3147 1484 3228 θύγατρες.

984 3265 1216 3345 (olympiodorus
1234 3265 1271 3321 ad
1295 3263 1422 3320 Platonis
1447 3261 1544 3320 Phaed.
1567 3281 1598 3338 p.
1627 3282 1666 3334 70

944 3356 986 3411 C:
1004 3353 1060 3412 Καὶ
1073 3351 1113 3409 ὅτι
1128 3351 1159 3410 τὸ
1173 3351 1238 3420 ζωὸν
1258 3349 1347 3410 καὶτὸ
1370 3347 1477 3415 τεθνεὼς
1491 3347 1517 3417 ἐξ
1532 3349 1664 3423 ἀλλήλων,

943 3439 1133 3506 κατασκευάζει
1161 3441 1191 3497 ἐκ
1217 3441 1264 3508 τῆς
1290 3436 1436 3517 μαρτυρίας
1462 3439 1513 3493 τῶν
1542 3438 1663 3496 παλαιῶν

943 3531 1058 3600 ποιητῶν
1074 3525 1193 3586 τῶνάπὸ
1213 3524 1343 3605 Ὀρφέως,
1356 3522 1435 3601 φημί,
1451 3524 1583 3601 λέγοντος·
1600 3527 1625 3581 οί
1639 3525 1663 3582 δ’

945 3616 1016 3676 αὐτοί
1030 3613 1140 3692 πατέρες
1155 3615 1213 3671 κτλ.
1231 3617 1367 3690 πανταχοῦ
1380 3610 1431 3688 γὰρ
1446 3613 1460 3668 θ
1476 3609 1590 3671 Πλάτων
1611 3634 1664 3670 πα-

946 3705 1024 3784 ρῳδεῑ
1036 3702 1070 3760 τὰ
1091 3709 1136 3760 τοῦ
1148 3700 1276 3781 Ὀρφέως.
1292 3701 1371 3757 Idem
1385 3701 1478 3758 ibid.:
1495 3697 1549 3758 Καί
1565 3697 1622 3757 ἐστι
1636 3699 1666 3758 τδ

951 3791 1056 3870 μυθικὸν
1083 3787 1243 3868 ἐπιχείρημα
1264 3792 1378 3846 τοιοῦτον
1408 3785 1482 3866 παρά
1502 3789 1539 3870 τῶ
1563 3785 1666 3867 Ὀρφεῖ.

944 3882 1078 3958 Τέσοαρες
1094 3879 1226 3956 βασιλεῖαι
1245 3874 1445 3953 παραδίδονται·
1467 3873 1626 3952 πρώτημὲν
1647 3879 1665 3945 ἡ
1709 3905 1711 3910 -

943 3973 989 4027 τοῦ
1001 3969 1138 4046 Οὐρανοῦ,
1154 3964 1185 4038 ἣν
1207 3967 1221 4023 δ
1238 3962 1334 4037 Κρόνος
1350 3959 1487 4031 διεδέξατο,
1500 3958 1616 4036 ἐκτεμὼν
1631 3961 1665 4017 τὰ

946 4055 1032 4113 αἰδοῖα
1054 4057 1099 4110 τοῦ
1115 4049 1222 4129 πατρός.
1247 4049 1324 4109 Μετὰ
1345 4047 1372 4106 δέ
1392 4046 1438 4104 τὸν
1455 4047 1554 4127 Κρόνον
1574 4044 1667 4111 θΖεύς

946 4141 1113 4200 ἐύασίλευσεν
1139 4134 1379 4216 καταταρταρώσος
1402 4134 1446 4192 τὸν
1469 4133 1581 4211 πατέρα.
1598 4123 1666 4192 Εἶτα

946 4229 989 4287 τὸν
1006 4226 1057 4287 Δία
1080 4223 1236 4292 διεδέξατοδ
1250 4223 1386 4294 Διόνυσος,
1407 4219 1435 4279 όν
1455 4243 1519 4301 φασι
1540 4220 1598 4278 κατ’
1612 4220 1667 4276 ἐπι·

946 4315 1043 4387 6ουλὴν
1056 4318 1104 4385 τῆς
1114 4311 1202 4390 Ἥρας
1217 4310 1275 4375 τούς
1292 4309 1353 4387 περὶ
1367 4308 1445 4368 αὐτόν
1461 4312 1576 4373 Τιτᾶνας
1590 4329 1666 4365 σπα-

948 4403 1059 4484 ράττειν,
1073 4402 1181 4460 καὶτῶν
1196 4401 1300 4477 σαρκῶν
1316 4399 1395 4456 αὐτοῦ
1410 4394 1594 4474 ἀπογεύεσθαι.
1612 4395 1667 4455 lini

944 4491 1048 4558 τούτους
1067 4488 1195 4571 ὀργισθείς
1210 4491 1224 4546 δ
1239 4486 1305 4553 Ζεύς
1323 4484 1502 4565 ἐκεραύνωσε,
1517 4483 1562 4542 καί
1577 4487 1667 4555 ἀκτῆς

948 4581 1057 4650 αίθάλης
1078 4581 1129 4637 τῶν
1153 4577 1243 4653 ἀτμῶν
1261 4579 1313 4634 τῶν
1337 4572 1512 4633 ἀναδοθέντων
1537 4571 1564 4640 ἐξ
1583 4573 1669 4630 αὐτῶν

73 4712 1667 4744 ...—-—.....-------—-—-—----—-·----

65 4807 251 4866 Primumdum
263 4807 361 4871 quidem
373 4820 443 4856 nemo
454 4805 557 4855 ἱοίοὶίιιι
568 4807 605 4854 est
614 4801 699 4863 oculis,
888 4797 975 4848 Audite
988 4796 1033 4858 dii,
1052 4795 1117 4844 huno
1127 4807 1172 4856 ego
1181 4793 1249 4842 vobis
1261 4805 1340 4854 regem
1353 4791 1460 4852 impono.
1470 4813 1503 4825 -

66 4893 111 4942 nisi
121 4895 168 4943 ιοίο
178 4909 228 4946 nox
241 4908 308 4946 εοοιε
314 4911 322 4958 ;
331 4893 412 4944 eaeteri
421 4905 505 4942 οιαοοο
888 4885 981 4936 ΡοΙΙεαε
992 4883 1070 4946 sagaci
1083 4883 1163 4932 monte
1177 4893 1269 4930 ooecum
1282 4881 1432 4941 celeremque
1442 4889 1559 4926 amorem.

66 4981 243 5034 αόαέτείιεοίστ
257 4982 431 5045 conspicientes
447 4981 471 5030 in
484 4979 573 5030 aelhero
584 4979 732 5042 imperatum
746 4977 843 5040 lumem
1249 4969 1299 5017 LV·

67 5067 129 5118 adeo
140 5071 279 5122 ωτιιοωοεί
293 5082 382 5131 corpus
393 5069 505 5118 Phanotis
514 5066 663 5116 immortalis.
889 5059 994 5112 Μοίοτίιο
1009 5057 1112 5108 colotis
1123 5059 1148 5106 εί
1162 5055 1260 5108 τέθειται
1270 5058 1295 5104 ot
1310 5052 1418 5102 infinito.
1431 5076 1462 5089 -

422 5151 483 5202 mv.
888 5147 964 5199 Iidem
977 5149 1055 5210 ρείτοι
1067 5147 1091 5196 et
1100 5143 1142 5194 filii
1157 5145 1181 5194 in
1190 5143 1282 5193 [edibus

72 5239 179 5296 Quivis
192 5240 284 5306 ρωίοοί
295 5241 321 5294 τί
334 5239 433 5305 parvolo
446 5239 566 5290 ωατίιοτ.
577 5265 603 5277 -
888 5237 914 5287 et
923 5247 1011 5286 uxores
1027 5232 1169 5285 venerando
1181 5233 1310 5296 proboque
1325 5227 1388 5280 filio.
1398 5255 1430 5272 .-
