3838 5926
203 310 205 316 ’
257 323 316 380 1³0
818 311 1055 375 PARMENIDIS
1077 311 1324 374 FRAGMENTA.

253 471 354 524 μασται
369 446 397 506 τὸ
411 445 510 526 ψωχρὸν
525 444 612 506 καὶτὸ
629 443 703 524 ζόφος
717 443 762 504 καὶ
780 443 811 503 τὸ
822 444 936 524 σκληρὸν
949 443 1034 504 καὶτὸ
1082 443 1195 524 Βοιωτίᾳ
1206 443 1307 515 enoch
1322 442 1353 504 τὸ
1373 443 1496 516 παλαιόν,
1512 447 1547 511 ὥς
1561 443 1742 525 Παρμενίδης.
1758 447 1857 504 Simili-

257 537 334 614 βαρύ.
348 538 440 595 Ταῦτα
454 533 505 613 γὰρ
515 531 642 610 ἀπεκρίθη
657 531 784 611 ἑκατέρως
796 531 918 612 ἑκάτερα.
933 557 945 584 ν
960 531 1033 590 sim·
1081 535 1249 590 terPhotius
1262 537 1333 592 Lex.
1350 553 1379 592 v.
1394 532 1521 610 μακάρων
1537 535 1625 604 νῆσος.
1645 535 1856 610 Addeliosych.

252 624 402 699 pliciusad
417 621 575 681 Aristotelis
591 621 675 695 Phys.
689 622 703 677 1
719 619 740 679 f.
760 638 789 691 7,
802 621 833 679 h.
1081 641 1111 680 v.
1137 619 1262 696 μακάρων
1282 623 1376 696 νῆσος,
1400 623 1591 697 quiquidem
1615 624 1793 680 Parmenidis
1808 643 1856 679 no·
1893 615 1894 630 ³

294 730 323 768 2.
338 709 439 766 Suidas
454 728 482 766 v.
504 703 639 784 Μακάρων
652 707 737 781 νῆσοι,
752 709 770 776 ἡ
785 703 925 784 ἀκρόπολις
939 707 992 764 τῶν
1007 707 1033 765 ἐν
1079 727 1146 765 men
1159 709 1275 766 omittit.

252 929 323 988 νύκτ’
345 930 412 999 ἀδαῆ
427 950 454 986 κ.
468 950 494 985 τ.
513 927 541 985 λ.
555 939 584 984 et
597 945 653 984 120
670 928 723 983 τῶν
743 947 783 983 σω
800 923 851 1001 ἐγὼ
866 947 894 986 κ.
910 949 936 985 τ.
951 926 978 985 λ.
994 928 1035 982 in·
1079 927 1248 1001 spondentia
1264 928 1460 1001 superioribus
1475 928 1515 983 sic
1530 929 1644 1003 corrigo
1657 949 1665 984 ε
1678 929 1724 988 ἐπὶ
1734 929 1758 986 δ’
1772 929 1860 1010 ἐκείνῳ
1893 933 1894 988 ζ

253 1022 406 1095 torpositus
417 1036 476 1074 non
490 1016 586 1074 solum
599 1019 638 1073 oh
656 1017 743 1092 ipsius
756 1015 897 1090 Simplicii
914 1016 1033 1071 dubita·
1079 1012 1109 1071 τὸ
1123 1013 1219 1070 πυκνὸν
1229 1013 1383 1088 ὠνόμασται
1398 1015 1480 1094 (scil.
1496 1013 1547 1074 ὑπὸ
1560 1021 1605 1074 τοῦ
1619 1018 1804 1098 Παρμενίδου)
1817 1020 1859 1077 καὶ
1893 1023 1894 1028 ’

253 1109 359 1163 tionem
378 1103 563 1182 significatam
583 1105 678 1160 verbis
699 1105 734 1167 ὡς
751 1107 829 1163 αὐτοῦ
851 1101 1033 1180 Παρμενίδου,
1077 1097 1107 1158 τὸ
1120 1102 1220 1180 ψυχρὸν
1235 1125 1261 1163 κ.
1275 1125 1299 1159 τ.
1314 1106 1341 1164 λ.
1893 1167 1894 1178 ρ

252 1195 302 1249 sed
316 1196 402 1250 etiam
414 1195 481 1266 quia
496 1192 692 1248 Parmenidem
706 1211 791 1266 prosa
816 1193 945 1247 oratione
964 1190 1033 1247 scri·
1120 1210 1148 1250 α.
1167 1193 1335 1248 Haecnone
1355 1194 1534 1251 Parmenidis
1554 1197 1740 1266 carminibus,
1762 1196 1859 1254 seder
1893 1191 1894 1194 ¹

157 1353 159 1358 Ι
252 1283 336 1356 psisse
351 1291 459 1337 veteres
470 1299 529 1334 non
545 1280 686 1354 produnt,
703 1279 770 1354 jure
785 1298 802 1334 a
817 1281 969 1335 Karstenio
979 1298 1034 1354 pro
1078 1279 1134 1334 alio
1148 1281 1243 1334 nescio
1270 1299 1327 1352 quo
1353 1283 1492 1356 scriptore
1514 1283 1603 1356 petita
1624 1282 1771 1341 videntur.
1792 1285 1859 1340 vide

252 1371 503 1444 interpretamento
527 1367 640 1424 habitus
665 1379 723 1438 est,
746 1367 828 1443 quod
852 1377 951 1440 postea
966 1385 982 1422 a
997 1368 1032 1421 li·
1078 1368 1217 1440 imprimis
1238 1386 1359 1442 gnaeum
1385 1371 1585 1444 Lycophronis
1610 1371 1797 1446 interpretem
1825 1373 1858 1426 ad

180 1485 183 1490 ·
253 1457 354 1514 brariis
369 1456 532 1531 philosophi
544 1455 670 1511 versibus
693 1467 762 1510 esset
777 1455 917 1512 adsutum.
943 1455 1031 1511 Crete-
1078 1453 1151 1512 Cass.
1165 1472 1220 1512 νεα.
1241 1461 1443 1530 1¹94-120'1·
1469 1457 1552 1513 Adde
1568 1457 1696 1515 Eustarh.
1713 1457 1750 1513 ad
1766 1457 1822 1514 Od.
1836 1458 1858 1513 δ’

252 1563 316 1600 rum
329 1541 416 1601 rerba
426 1540 468 1603 ἐπὶ
480 1540 506 1601 δὲ
520 1543 557 1622 τῷ
567 1543 656 1620 πυκνῷ
666 1539 818 1617 ὠνόμασται
830 1561 889 1598 non
901 1541 975 1598 beno
990 1560 1034 1598 re·
1077 1561 1107 1616 p.
1126 1540 1210 1617 1509.
1252 1594 1255 1602 .
