3838 5926
263 435 316 484 rur

268 576 300 614 rr.
326 549 385 633 Πίιρ
399 552 460 634 πυρί
474 552 527 632 χρῆ
538 559 646 613 τοιαῦτα
661 553 745 633 λέγειν
757 557 885 634 χειμῶνος
899 553 925 612 έν
936 552 992 633 ιθργΙ

316 646 343 699 ίν
356 641 431 720 κλίνη
446 646 554 718 μαλακζῖΙ
569 640 773 718 κατακείμενον,
788 639 901 718 ἔμπλεον
912 641 993 716 ὄντα,

314 730 423 788 τείνοντα
434 729 530 806 γλυκύν
543 719 610 788 οίνον
621 775 630 805 ,
641 726 816 806 ὑποτρώγοντ’
829 728 985 807 έρεύίνθους·

314 818 362 882 Τίς
377 817 454 874 πόθεν
468 807 504 882 είς
518 817 632 892 eripiam
642 815 712 874 πόσα
722 839 762 876 τοι
773 815 818 888 ίτη
833 817 904 889 έστί,
917 815 1035 897 φέριστες

314 903 424 974 πηλίκος
438 895 496 974 ἦσθ’
506 902 543 962 ὅθ’
557 907 571 962 θ
585 905 677 974 Μῆδος
687 901 810 984 ἄφίκετος
823 937 863 948 -

267 1009 298 1048 rr.
321 995 376 1051 Νῦν
389 982 445 1049 αὖτ’
464 992 543 1048 ἄλλον
558 988 649 1067 έπειμι
660 991 755 1070 λόγον,
774 989 848 1060 δείξω
862 989 890 1050 δί
901 989 1033 1051 κέλευθον.

316 1167 371 1226 Καί
385 1164 448 1224 ποτέ
461 1188 505 1241 μιν
520 1165 737 1242 στυφελιζομένου
748 1166 873 1232 σκύλακος
887 1165 1015 1244 παριόντα

353 1252 433 1332 φασίν
448 1253 606 1330 ἐποικτεῒραι
621 1251 667 1310 καί
680 1250 739 1310 τόδε
754 1251 850 1331 φέσθαι
864 1251 939 1316 ἔπος·

315 1339 437 1409 Παῦσαι,
450 1339 516 1412 μηδί
532 1337 627 1416 ῥάπιζ’,
639 1337 713 1408 ἐπειὴ
725 1337 801 1418 φίλου
813 1337 902 1416 ἀνέρος
920 1335 976 1395 ieri

352 1427 440 1504 ψυχή,
454 1424 501 1496 τῆν
518 1424 597 1502 έγνων
614 1423 789 1502 φθεγξαμένης
801 1422 876 1484 iton.

267 1531 299 1571 ιο.
322 1511 391 1570 Ἀλλ’
404 1517 428 1569 εἰ
439 1511 486 1588 μέν
501 1517 629 1589 ταχυτῆτι
643 1512 729 1570 ποδῶν
745 1510 818 1582 νίκην
832 1533 871 1578 τις
884 1511 974 1590 ἄροιτο

353 1597 370 1668 ῆ
385 1599 579 1668 πενταθλεύων,
590 1597 651 1655 ἔνθα
666 1598 726 1665 Διὸς
735 1597 841 1673 τέμενος

312 1686 367 1766 πθιρ
381 1685 470 1746 Πίσαο
483 1690 543 1764 ῥοῆς
555 1688 581 1743 έν
596 1684 748 1764 Ὀλυμπίῃ,
765 1685 815 1744 είτι
829 1685 950 1745 παλαίων

351 1772 369 1845 ἢ
382 1772 427 1832 καί
441 1773 607 1842 πυκτοσύνην
624 1773 795 1850 ἀλγινόεσσαν
810 1772 897 1852 έχων,

313 1859 365 1918 εἴτε
376 1860 406 1919 τὸ
420 1859 502 1919 δεινὸν
512 1859 603 1918 ἄεθλον
618 1858 632 1918 θ
644 1860 805 1937 παγκράτιον
817 1859 971 1931 καλέουσιν,

352 1949 469 2005 οίστοῖσίν
483 1949 509 2004 κ’
524 1946 564 2018 εἴη
579 1945 732 2025 κυδρότερος
746 1957 891 2026 προσορᾷν,

312 2035 358 2094 καί
371 2057 401 2092 κε
417 2033 556 2114 προεδρίην
572 2033 684 2112 φανερὴν
697 2036 723 2091 έν
739 2037 837 2110 ἀγῶσιν
852 2035 957 2114 ἄροιτο,

351 2122 396 2179 καί
411 2144 454 2179 κεν
468 2120 517 2180 σῖτ’
528 2119 568 2192 τίη
581 2121 712 2194 δημοσίων
727 2120 843 2180 κτεάνων

256 2231 261 2240 ·
311 2213 341 2268 ίκ
356 2209 445 2276 πόλιος
455 2210 499 2267 καί
514 2209 596 2288 δῶρον
610 2207 659 2266 lot
673 2208 809 2284 κειμήλιον
820 2209 877 2281 εἴη·

351 2296 402 2354 είτε
416 2297 461 2354 καί
475 2295 606 2368 ίιτποισιν,
624 2297 706 2354 ταῦτιί
717 2296 742 2374 χ’
756 2296 861 2356 ἅπαντα
877 2296 971 2374 λόχοι,

311 2385 359 2442 ούκ
369 2383 417 2442 ίύνν
430 2383 499 2451 ἄξιος
511 2383 602 2462 ὥσπερ
617 2383 682 2460 ἐγώ·
696 2386 785 2464 ῥύμης
798 2383 849 2463 γδρ
860 2385 973 2460 ἀμείνων

351 2473 450 2550 ἀνδρῶν
467 2473 509 2542 ἠδ’
519 2469 608 2530 lapan
623 2471 738 2549 ἡμετέρη
752 2470 841 2552 σοφίη.

312 2556 384 2616 Ἀλλ’
396 2560 452 2628 εἰκῆ
470 2559 543 2632 μέλα
557 2563 633 2616 τοῦτο
648 2559 797 2632 νομίζεται,
808 2558 865 2616 atil
880 2557 979 2617 δίκαιον

350 2643 498 2724 προκρίνειν
513 2643 603 2724 ῥώμην
615 2649 662 2716 τῆς
680 2647 780 2723 ἀγαθῆς
794 2646 893 2725 σοφίης.

312 2731 382 2792 Ούτι
397 2732 449 2812 γὰρ
463 2734 486 2790 εί
498 2732 599 2804 πύκτης
609 2733 704 2810 ἀγαθὸς
716 2734 803 2792 λαοῖσι
816 2731 907 2807 μετείη

350 2816 405 2878 οὔτ’
423 2819 446 2876 ri
459 2819 629 2895 πενταθλεῖν,
649 2813 707 2878 ούτε
719 2818 950 2894 παλαισμοσύνην,

933 419 1183 484 xeuorfluuls

1083 559 1119 605 tl.
1141 555 1242 606 ltiemall
1256 560 1362 618 tempore
1374 556 1409 608 sio
1419 557 1571 608 semodoau
1582 559 1695 610 coarerrlt
1708 559 1738 610 ad
1750 560 1832 623 ignom

1142 643 1207 692 molti
1219 644 1244 694 in
1255 642 1316 698 lecto
1328 644 1471 707 cubantem,
1479 647 1597 709 ratumne,

1141 731 1211 780 dulce
1223 731 1344 782 bibentem
1355 732 1454 792 siurim,
1471 733 1572 783 subinde
1581 735 1659 784 cicera
1671 733 1784 784 edentem
1799 755 1805 784 :

1142 818 1196 880 quis
1207 831 1232 869 ea
1245 818 1309 868 unde
1317 821 1442 881 gentium?
1454 823 1513 883 quot
1524 833 1598 871 annos
1611 827 1682 872 natus
1694 835 1735 883 ea,
1746 824 1851 874 obone?

1142 908 1243 968 quotum
1257 907 1343 969 agebas
1356 919 1456 970 ειισυιιι,
1472 909 1568 972 quando
1583 909 1667 960 Medus
1678 911 1784 960 iurasit?

1084 993 1119 1040 18.
1142 992 1861 1058 uunaatiodargumentumapgrodtoruamquaincarnatio.

1142 1166 1275 1230 Aliquando
1291 1168 1358 1218 illum
1370 1173 1553 1231 pretereuntem
1571 1171 1638 1220 canis
1654 1171 1775 1220 uerberati

1171 1257 1862 1322 aiunteasamiseratumetsiclorutum(Pptlroporarn):

1142 1345 1231 1394 Desine
1244 1347 1385 1407 uerberare,
1395 1345 1513 1408 siquidem
1529 1347 1580 1395 cari
1595 1346 1640 1394 riri
1651 1350 1690 1396 est

1172 1434 1264 1494 arama,
1275 1447 1347 1496 quana
1359 1433 1443 1495 agauri
1456 1434 1595 1483 auscultans
1606 1434 1783 1484 clamitantem.

1083 1525 1118 1568 19,
1140 1519 1165 1566 Si
1180 1531 1237 1570 raro
1249 1521 1292 1568 aut
1305 1518 1392 1580 pedum
1411 1520 1552 1581 pernicitate
1566 1519 1693 1568 victoriam
1707 1521 1763 1582 quia
1776 1534 1860 1570 conse-

1171 1607 1381 1668 aulquinquerlio‚
1395 1607 1444 1656 illic
1456 1606 1497 1656 ubi
1508 1607 1577 1656 loris
1586 1607 1704 1669 ternplum
1717 1615 1753 1655 ιιι
1763 1607 1863 1670 [quatur

1140 1694 1170 1743 ad
1182 1693 1243 1742 Pisae
1252 1693 1329 1742 tradas
1340 1694 1457 1756 Olympiae
1465 1727 1473 1752 ,
1482 1695 1534 1742 sire
1545 1694 1618 1744 etiam
1630 1694 1762 1756 lactando,

1171 1782 1223 1831 sire
1233 1781 1321 1830 durum
1332 1781 1466 1830 exercendo
1477 1781 1611 1844 pugilatum

1140 1869 1190 1918 sire
1199 1881 1273 1930 grave
1284 1867 1341 1918 illud
1355 1873 1476 1918 sedamen
1492 1869 1629 1931 pancration
1639 1869 1703 1930 quod
1714 1872 1815 1929 uocant,

1171 1957 1192 2004 is
1203 1955 1264 2004 solet
1276 1957 1338 2016 apud
1350 1955 1415 2004 cirea
1426 1968 1483 2004 suos
1497 1961 1593 2018 aspectu
1608 1969 1660 2004 esse
1674 1957 1826 2015 honoratior,

1140 2045 1164 2092 el
1171 2041 1442 2104 prestantioremscdenr
1448 2043 1524 2104 palam
1530 2043 1554 2090 iu
1562 2043 1735 2091 certaminibus
1744 2045 1863 2104 (spectan-

1171 2136 1196 2178 et
1210 2131 1306 2192 publico
1317 2131 1422 2179 civitatis
1433 2117 1514 2178 sumtu
1525 2131 1675 2179 sustentatur
1683 2131 1730 2194 [dis
1744 2131 1861 2192 obtinet),

1140 2223 1164 2268 et
1173 2217 1275 2266 donatur
1285 2229 1383 2266 munere
1394 2217 1458 2278 quod
1474 2217 1496 2266 ei
1511 2217 1536 2266 ln
1547 2218 1622 2279 prelio
1633 2219 1678 2278 sit;

1171 2307 1221 2354 sire
1231 2305 1334 2365 dariique
1344 2317 1415 2352 curru
1427 2303 1515 2363 vincat,
1527 2307 1613 2353 cuncta
1623 2305 1676 2354 liaeo
1686 2306 1805 2368 accipiat,

1140 2393 1183 2443 elsi
1191 2393 1305 2455 dignitate
1317 2405 1355 2441 me
1367 2391 1524 2441 estinterior:
1534 2391 1692 2441 roboreenim
1709 2395 1862 2454 prestantior

1170 2481 1277 2530 virorum
1293 2491 1459 2542 equorumque
1476 2481 1556 2528 nostra
1573 2482 1611 2528 eal
1625 2480 1751 2542 rapientia.

1139 2572 1272 2619 perversus
1285 2579 1344 2617 vero
1353 2565 1483 2616 admodum
1493 2566 1539 2615 iste
1552 2579 1605 2614 nros
1614 2570 1652 2616 est
1659 2603 1667 2629 ‚
1678 2581 1756 2630 neque
1767 2569 1861 2630 jarslnm

1170 2657 1239 2706 bonta
1254 2655 1340 2717 ingenii
1359 2653 1451 2704 artibus
1468 2653 1574 2715 eorporis
1591 2653 1664 2704 robur
1681 2659 1807 2719 anteponi.

1138 2745 1192 2794 tlon
1208 2743 1286 2804 enirn,
1297 2743 1316 2790 si
1336 2741 1414 2790 bonus
1431 2741 1493 2802 pugil
1508 2741 1540 2789 sil
1555 2741 1578 2789 in
1593 2741 1704 2801 ciuitate,

1169 2832 1212 2880 aut
1222 2828 1374 2892 quinquertio
1385 2827 1472 2890 aliquis
1483 2827 1603 2878 excellens
1619 2830 1662 2878 aut
1674 2829 1739 2878 lucta

310 2906 369 2965 εθδί
382 2905 429 2981 μίν
441 2907 464 2964 εἰ
476 2909 607 2985 ταχυτῆτι
618 2906 719 2978 ποδῶν,
732 2908 811 2984 τόπερ
830 2905 886 2963 έστί
902 2905 1028 2983 πρότιμον
1138 2921 1181 2966 aut
1193 2916 1279 2979 pedum
1290 2914 1429 2977 pernicitate
1445 2925 1506 2975 quae
1519 2914 1557 2962 est
1569 2913 1648 2962 robori
1659 2915 1831 2977 anteferenda,

296 3144 339 3194 ¹7·
356 3125 505 3182 Athenaeus
520 3129 638 3201 Dipnos.
654 3124 685 3183 Π
698 3145 729 3199 p.
752 3124 798 3194 54,
817 3127 839 3180 E
856 3144 862 3178 :
881 3119 1033 3200 Ξενοφαίνης
1078 3122 1220 3194 vulgatam
1242 3115 1290 3186 τῆν
1313 3114 1394 3193 ἔγνων
1419 3111 1596 3192 φθεγξαμένης
1615 3111 1860 3174 dimuKarstenius

253 3207 444 3286 θΚολοφιίννιος
455 3211 481 3267 ἐν
498 3211 651 3290 παρῳδίαις·
670 3209 730 3289 Πθιρ
743 3211 805 3289 πυρί
815 3231 842 3267 κ.
858 3231 881 3268 τ.
893 3211 918 3267 λ,
934 3209 1034 3266 Medus
1078 3209 1220 3265 convertit
1233 3208 1263 3260 in
1276 3208 1322 3273 τῆς
1333 3201 1413 3279 ἔγνων
1425 3225 1450 3260 κ.
1464 3224 1491 3262 τ.
1507 3203 1533 3262 λ.
1549 3221 1609 3258 non
1617 3205 1706 3274 male,
1721 3205 1771 3260 sed
1787 3224 1861 3279 prae·

250 3301 297 3356 hic
311 3302 475 3357 nominatur
489 3303 637 3376 Harpagus
651 3299 717 3374 Cyri
730 3299 787 3356 dux
805 3301 854 3373 qui
869 3301 951 3354 lones
965 3299 1031 3354 sub·
1079 3308 1122 3352 ter
1134 3297 1334 3351 necessitatem.

251 3389 317 3462 egit.
332 3390 396 3461 Quo
414 3389 491 3444 tacto
513 3389 705 3463 Xenophanes
724 3389 754 3442 in
776 3388 899 3444 Siciliam
915 3405 943 3441 se
965 3405 1032 3441 con·
1129 3403 1176 3457 19.
1186 3382 1334 3452 Athenaeus
1347 3382 1375 3436 X
1396 3399 1427 3453 p.
1445 3379 1500 3444 413
1516 3398 1575 3452 seq.
1592 3379 1647 3434 hoc
1665 3396 1782 3436 carmen
1798 3382 1864 3436 lau-

251 3466 335 3535 tulit.v
1078 3470 1127 3526 dat
1137 3489 1194 3544 quo
1205 3469 1393 3542 Xenophanes
1410 3467 1523 3541 publica
1533 3466 1697 3522 Graecorum
1708 3471 1863 3524 certamina

294 3567 340 3625 18,
355 3569 496 3641 Diogenes
504 3567 634 3622 Laertius
646 3565 726 3634 VIII,
739 3565 775 3621 36
787 3583 794 3620 ς
809 3563 877 3640 Περὶ
888 3561 915 3619 δὲ
924 3566 969 3620 τοῦ
984 3559 1032 3620 ἅλ-
1078 3559 1230 3630 vituperat,
1247 3558 1414 3631 sapientium
1426 3557 1557 3612 virorum
1576 3555 1669 3610 studia
1683 3558 1793 3612 civibus
1807 3559 1863 3612 uti·

251 3653 310 3708 iore
321 3649 399 3708 ἄλλον
409 3649 932 3730 γεγενῆσθαι(ΠυθαγόρανλΞενοφόνης
943 3653 969 3708 ἐν
980 3651 1032 3708 tta·
1077 3645 1150 3699 liora
1175 3662 1232 3698 esse
1259 3643 1364 3699 dicens.
1389 3646 1431 3699 De
1452 3661 1532 3698 versu
1550 3641 1675 3698 secundo
1701 3645 1860 3703 tenendum

251 3738 532 3818 γείηπροσμαρτυρςῑ,
545 3730 576 3809 ἧς
589 3737 673 3817 ἀρχή·
1078 3731 1158 3804 quod
1180 3733 1220 3787 ait
1238 3731 1396 3803 Stephanus
1411 3731 1582 3802 Byzantius:
1609 3726 1692 3798 Πίσα,
1713 3726 1790 3795 πόλις
1815 3727 1860 3786 καί

1077 3817 1159 3895 κρήνη
1174 3819 1220 3886 τῆς
1231 3814 1392 3888 Ὀλυμπίας.
1410 3819 1527 3874 Flumen
1543 3827 1593 3872 aut
1606 3815 1670 3870 fons
1683 3815 1765 3885 Pisa,
1780 3817 1861 3890 eujus

292 3889 345 3946 Νῦν
365 3879 409 3946 ⁰3⁹
428 3889 451 3945 τ’
469 3887 648 3966 “mliii“
659 3886 752 3965 δόλων
763 3885 837 3955 δείξω
857 3885 884 3945 δὲ
902 3886 1032 3946 ’‘imm‘'-
1077 3907 1155 3981 apud
1164 3904 1373 3978 Xenophanem
1385 3906 1491 3960 mentio
1504 3913 1562 3973 est,
1577 3905 1791 3959 tortasseetiam
1809 3902 1860 3962 Πέ-

250 4037 265 4098 θ
279 4038 306 4097 δὲ
322 4039 382 4118 περί
396 4041 474 4099 αὐτοῦ
491 4060 569 4120 φησιν
582 4037 662 4104 ούτως
673 4037 744 4116 ίχιι·
758 4035 813 4096 Καί
827 4037 890 4094 ποτέ
900 4059 945 4112 μιν
960 4058 987 4094 κ.
1003 4058 1029 4093 τ.

250 4132 277 4189 λ.
290 4131 397 4188 Mutari
407 4135 451 4188 νῦν
463 4119 507 4187 ούν
520 4127 544 4185 τ’
556 4145 621 4188 cum
631 4129 752 4202 Bergkio
765 4130 844 4182 Poet.
860 4127 915 4198 lyr.
927 4145 959 4200 p.
975 4125 1031 4198 379

249 4220 280 4272 in
293 4221 337 4273 νῦν
348 4208 416 4275 αὖτ’.
430 4217 551 4273 Eosdem
563 4235 658 4272 versus
670 4235 685 4271 e
698 4218 827 4290 Diogene
849 4215 951 4288 petivit
966 4215 1030 4268 Sui·

250 4305 300 4361 das
320 4323 351 4365 v.
368 4302 530 4382 Ξενοφάνης.
548 4303 748 4376 Perstringitur
771 4303 813 4361 hia
828 4304 955 4358 versibus
976 4305 1031 4376 Py-

249 4394 374 4468 thagora
388 4389 599 4470 μετιμψύχωσις.
623 4393 657 4447 Ῑιι
673 4391 790 4446 ΑιιιίιοΙ.
806 4391 855 4447 Gr.
872 4387 924 4446 lib.
947 4390 963 4448 l
984 4393 1027 4448 tit.

250 4481 288 4537 66
303 4499 330 4557 p.
345 4479 400 4546 345
421 4482 466 4540 ed.
480 4483 579 4537 Bosch.
594 4480 686 4537 eidem
700 4481 843 4534 sententiae
859 4480 918 4535 duo
932 4499 1029 4535 versus

248 4585 363 4642 prorsus
384 4569 480 4638 alieni,
493 4579 527 4622 ut
550 4567 674 4637 videtur,
691 4568 927 4640 praemittuntur:

288 4711 384 4770 Ἱίνίκα
400 4711 557 4790 Πυθαγόρης
576 4711 606 4769 τό
621 4709 755 4789 περικλείς
772 4709 863 4788 ἐύρετο
876 4709 988 4789 γροίμμα

1078 4014 1125 4058 σας
1140 3992 1358 4060 nominabatur;
1374 3991 1441 4048 inde
1461 3991 1600 4067 genitivus
1628 3989 1724 4048 Πίσαο.
1750 3989 1860 4047 Urbern

1077 4083 1116 4137 ita
1134 4082 1310 4136 nominatam
1330 4097 1389 4135 esse
1410 4099 1470 4134 non
1483 4081 1661 4154 putaverim3
1679 4090 1756 4135 certe
1780 4079 1860 4135 nulla

1077 4169 1152 4242 apud
1166 4166 1320 4223 Pindarum
1335 4166 1395 4239 ejus
1413 4167 1510 4224 sorrnae
1524 4168 1640 4242 vestigia
1654 4167 1854 4226 inveniuntur.

1077 4253 1134 4311 Pro
1144 4253 1198 4332 πδιρ
1210 4253 1297 4313 Πίσαο
1308 4255 1368 4333 ῥοῇς
1380 4275 1438 4311 nou
1450 4256 1522 4311 maie
1534 4258 1691 4330 suspicatur
1702 4253 1859 4312 Schneide-

1076 4339 1859 4418 winusinCens.poet.iyr.gr.aBerghioeditorumrrdp

1078 4427 1164 4486 Πίσαο
1179 4425 1239 4507 ρούς
1252 4441 1374 4504 propter
1387 4429 1475 4484 verba
1489 4449 1551 4503 quae
1566 4429 1640 4485 insra
1654 4429 1790 4504 leguntur
1804 4429 1859 4487 Πί-

1076 4539 1125 4574 σαο
1137 4517 1200 4596 παρ’
1213 4514 1304 4594 ὄχθας.
1316 4517 1406 4576 Versu
1421 4515 1523 4590 quarto
1537 4519 1702 4590 reliquimus
1712 4519 1860 4592 vulgatam

1076 4603 1156 4682 ἔχων,
1173 4624 1228 4678 pro
1241 4625 1297 4679 qua
1312 4607 1477 4662 Karstenius
1495 4601 1561 4661 ἑλὼν
1576 4606 1662 4662 scribi
1676 4607 1746 4662 vuit.
1760 4605 1859 4665 *Versu

1076 4693 1178 4766 quinto
1194 4689 1246 4750 είτε
1258 4691 1288 4748 τὸ
1307 4691 1388 4749 δεινδν
1402 4713 1417 4748 e
1432 4692 1612 4748 Waltefieidii
1633 4693 1798 4765 conjectura
1817 4708 1860 4751 est

1074 4799 1128 4855 pro
1143 4799 1178 4837 eo
1194 4781 1274 4854 quod
1285 4784 1316 4836 in
1330 4781 1416 4840 codd.
1433 4782 1536 4856 legitur
1549 4779 1601 4838 είτι
1615 4803 1640 4836 τι
1659 4779 1753 4837 δεινόν.
1766 4785 1857 4837 Versu

1074 4881 1153 4924 sexto
1166 4866 1317 4945 κυδρότερος
1330 4875 1461 4948 προσορᾷν
1476 4869 1598 4925 θείνεται
1612 4870 1744 4926 Jacobsio
1766 4869 1855 4925 Addi-

249 4965 431 5026 quosversus
456 4953 621 5008 Plutarchus
636 4953 671 5008 de
686 4955 743 5012 Vit.
770 4953 884 5009 secund.
912 4953 1028 5028 Epicur.
1075 4965 1143 5013 tarn.
1158 4956 1195 5012 ad
1208 4957 1373 5012 Athenaeum
1385 4975 1416 5030 p.
1439 4976 1496 5013 ατο
1511 4977 1564 5034 pro
1579 4961 1692 5033 vulgata
1707 4959 1853 5033 scriptura

249 5053 320 5099 torn.
335 5043 365 5097 X
389 5059 457 5118 pag.
483 5041 537 5098 θοι
567 5041 611 5098 ed.
637 5042 908 5110 Reisk.,hthenaeus
926 5043 976 5102 lib.
1001 5045 1029 5098 X
1074 5041 1223 5120 κυδρότερος
1243 5039 1307 5120 πρδς
1322 5041 1401 5124 ιίκρα.
1425 5045 1514 5106 Versu
1532 5057 1633 5101 octavo
1655 5047 1704 5101 σῖτ’
1723 5041 1764 5114 εἴη
1783 5047 1853 5100 scri-

247 5149 278 5202 p.
297 5129 353 5195 418
374 5143 437 5184 extr
454 5170 462 5198 ‚
477 5133 618 5204 Diogenes
633 5131 686 5187 lib.
702 5128 781 5198 VIII,
800 5149 834 5185 ra
859 5131 1029 5204 Apollodoti
1073 5131 1722 5206 psimusexTurnebieraendatione‚nedeesset
1733 5133 1851 5187 verbum

248 5218 292 5271 vel
312 5215 408 5292 potius
423 5217 593 5292 Apollodori
608 5237 665 5274 esse
686 5219 800 5278 volunt.
817 5221 906 5274 Versu
927 5221 1027 5291 quinto
1074 5219 1111 5275 ad
1125 5219 1205 5293 quod
1229 5221 1259 5275 in
1283 5223 1463 5294 subsequenti
1481 5240 1562 5277 versu
1582 5220 1662 5298 δῶρον
1687 5221 1849 5287 referretur,

328 4800 402 4877 κεῖν’,
418 4801 458 4881 έφ’
470 4800 522 4880 ὅτῳ
532 4798 636 4870 κλειτῆν
653 4799 737 4878 ἤγαγε
755 4799 911 4878 βουθυσίην,
