3690 5924
541 367 794 430 tutilonem
814 371 1064 436 FRAGMENTA.
1532 383 1588 435 itti

109 499 280 579 (Simplicius
296 497 456 562 Comment.
481 498 511 556 in
526 499 614 559 Arist.
632 501 721 576 Phys.
737 523 767 579 p.

75 595 105 649 35
115 591 185 650 recl.
201 588 274 646 idem
285 605 351 663 pag.
365 587 399 657 37
413 604 439 642 a.
453 598 480 643 et
492 587 593 661 irugm.
616 590 645 648 6.
666 589 771 646 Sensus

72 693 109 736 est
126 700 132 734 :
151 703 163 728 ε
179 677 209 734 in
224 673 344 748 singulis
367 673 500 730 universa
514 675 557 730 vel
581 675 612 732 in
637 676 772 732 omnibus

72 766 160 823 omniu
172 765 279 821 insunt.
294 759 457 818 «Similiter
471 761 637 837 Simplicius
655 761 685 818 in
707 762 770 818 sri-

72 863 130 910 stot.
145 850 180 906 de
192 848 262 906 coei.
278 868 307 924 p.
332 855 386 921 149
401 848 420 902 b
444 868 451 901 ι
468 849 494 904 έν
512 846 590 903 παντί
604 848 642 904 δεῖ
660 846 772 922 νομίζειν

72 938 186 1012 ὑπάρχειν
203 935 288 993 πάντα
299 931 444 1010 χρήματα,
457 951 521 1010 quae
535 945 628 992 tamen
638 953 696 992 non
711 934 773 1011 ipsa

72 1027 239 1097 Anaxagorae
251 1023 340 1076 verbe
349 1019 434 1093 sunt).

36 1135 53 1170 ι.
67 1112 103 1170 'ii
116 1108 160 1181 μέν
178 1107 246 1166 ἀλλα
260 1106 353 1171 παντὸς
368 1116 460 1184 μοῖραν
477 1105 595 1187 μετέχει,
607 1107 664 1174 νόος
678 1109 705 1166 δέ
719 1113 774 1170 έστι

71 1197 165 1273 άπειρσν
179 1195 223 1251 καλ
237 1193 393 1274 αὐτοκρατὲς
404 1195 449 1252 καλ
464 1194 589 1269 μέμικται
604 1196 686 1254 οὐδενί
705 1219 724 1274 χ
727 1196 774 1277 ρή-

72 1306 141 1357 ματι,
153 1281 218 1339 ilii
234 1286 325 1354 μοῦνος
339 1281 413 1348 αὐτὸς
434 1285 473 1361 ἀρ’
489 1287 582 1340 ἑωυτοῦ
596 1285 659 1342 έστι.
682 1287 714 1342 Εί
729 1284 772 1361 ’μὴ

71 1369 113 1446 γάρ
126 1369 163 1446 lp'
178 1370 275 1424 έωυτοῦ
287 1359 333 1442 ἦν,
344 1368 412 1428 ἀλλά
424 1391 474 1448 τεῳ
488 1370 613 1447 έμέμικτο
626 1372 709 1452 άλλῳ,
724 1396 773 1447 με·

72 1457 132 1533 τεῖχε
155 1455 184 1511 iu
204 1453 329 1512 ἁπάντων
349 1456 506 1534 χρημάτων,
530 1459 553 1515 εἰ
573 1457 699 1533 έμέμικτό
711 1482 773 1538 τεῳ·
815 1519 824 1540 ‹

72 1546 93 1600 έν
107 1542 179 1600 παντί
194 1541 244 1618 γάρ
257 1539 354 1606 παντός
369 1550 445 1619 μοῖρα
459 1543 556 1618 ένεστι,
567 1543 656 1624 ὥσπερ
669 1550 694 1605 έν
708 1554 774 1604 τοῖσι

72 1629 169 1707 πρόσθεν
190 1651 233 1703 μοι
257 1627 391 1686 λέλεκται·
414 1630 457 1686 καί
478 1630 574 1689 ἐκώλυε
598 1632 628 1689 δν
652 1631 728 1690 αθτθν
741 1632 775 1691 τά

74 1715 280 1791 σομμεμιχμένα,
294 1712 360 1772 ὥστε
373 1715 480 1789 μηδενδς
498 1717 635 1795 χρήματος
657 1719 774 1796 κρατέειν

73 1803 166 1878 δμοίως,
179 1805 213 1866 ὡς
233 1802 281 1859 καὶ
305 1807 398 1878 μοῦνον
419 1801 493 1861 έόντα
516 1806 555 1884 ἐφ’
570 1809 674 1862 ἑωυτοῦ.
696 1805 775 1865 Ἐστι

72 1891 114 1968 γάρ
128 1887 284 1947 λεπτότατόν
302 1911 332 1946 τε
346 1888 450 1946 πάντων
468 1891 613 1967 χρημάτων
630 1890 675 1950 καί
690 1897 774 1950 καθα-

74 1976 181 2054 ρώτατον,
195 1976 240 2034 καί
254 1975 363 2051 γνώμην
376 1998 406 2052 γε
422 1975 482 2054 περὶ
495 1976 590 2043 παντός
606 1987 693 2036 πᾶσαν
706 1976 775 2056 ίσχει

74 2063 110 2120 καὶ
128 2063 206 2140 ἰσχύει
228 2063 364 2138 μέγιστον.
385 2060 458 2123 Ὅσα
476 2085 504 2120 τε
517 2061 603 2141 ψυχὴν
616 2061 670 2140 έχει
683 2061 728 2120 καὶ
742 2060 775 2119 τά

75 2151 132 2226 prin
144 2149 187 2208 καί
209 2150 242 2208 τά
269 2149 384 2222 ἐλάσσω,
400 2147 503 2207 πάντων
522 2150 580 2215 νόος
600 2149 716 2226 κρατέει·
730 2148 775 2206 καί

75 2242 113 2307 τῆς
127 2237 315 2314 περιχωρήσιος
334 2241 380 2308 τῆς
395 2236 535 2310 συμπάσης
549 2235 605 2302 νόος
630 2235 773 2312 έκράτησε,

75 2321 129 2380 tium
150 2327 335 2400 περιχωρῆσαι
354 2323 403 2392 τὴν
422 2321 514 2401 ἀρχήν.
532 2321 585 2382 Καὶ
607 2325 708 2398 πρῶτον
724 2323 776 2381 ἀπὸ

74 2414 111 2467 τοῦ
124 2413 227 2488 σμικροῦ
249 2408 350 2483 ἤρξατο
373 2412 568 2488 περιχωρῆσαι,
590 2407 675 2467 έπειτε
697 2407 776 2466 πλέον

75 2495 230 2574 περιεχώρεε,
246 2494 296 2552 καὶ
315 2494 490 2573 περιχωρησει
508 2493 549 2552 tri
565 2496 653 2554 πλέον.
670 2494 723 2552 Καὶ
743 2493 776 2552 τά

76 2582 259 2660 σομμισχάμενά
276 2606 302 2640 τε
317 2583 362 2640 καλ
376 2579 566 2659 ἀποκρινόμενα
587 2581 631 2639 καί
646 2581 775 2660 διακρινό-

77 2693 148 2744 μενα,
160 2670 244 2727 πάντα
260 2672 328 2744 ἔγνω
339 2670 407 2735 νόος·
422 2667 466 2724 καλ
479 2671 551 2726 θκσῖοι
566 2667 659 2744 ἔμελλε
672 2669 776 2730 ἔσεσθαι

77 2759 113 2816 καί
124 2762 190 2816 ὁκοῖα
205 2751 236 2829 ἦν
252 2760 300 2815 καὶ
315 2757 385 2816 άσσα
404 2762 446 2815 νῦν
463 2755 518 2816 iuri
538 2755 582 2813 καλ
601 2757 673 2815 ὁκοῖα
688 2755 777 2826 ἔσται,

75 2843 146 2900 πάντα
160 2845 316 2919 διεκόσμησε
330 2843 401 2917 νόος,
412 2841 457 2901 καί
469 2840 516 2912 riv
528 2839 704 2920 περι-χώρησεν
714 2842 778 2898 ταθ-

75 2953 122 3000 την,
135 2931 165 3000 ἣν
177 2937 219 2989 νῦν
233 2929 392 3010 περιχωρέεε
405 2929 438 2987 τά
453 2951 481 2987 τε
495 2927 579 3005 ἀστρα
600 2927 645 2985 καί
662 2930 676 2985 ό
693 2927 778 2996 ἠέλιος
805 2977 812 2992 ,

75 3017 135 3085 καὶὴ
149 3018 240 3089 σελήνη
256 3018 302 3076 καί
318 3015 392 3096 θάὴρ
407 3015 451 3074 καλ
465 3019 478 3072 θ
492 3014 584 3094 αἰθήρ,
603 3017 627 3072 οἱ
642 3013 777 3092 ἀποκρινό-

77 3125 145 3176 μενοι.
159 3103 190 3163 Ἡ
206 3104 233 3162 δέ
253 3103 430 3183 περιχώρησις
452 3100 519 3172 αῦτη
540 3099 647 3170 ἐποίησε
668 3100 777 3180 ἀποκρί-

75 3194 166 3266 νεσθαι,
184 3189 229 3247 καλ
256 3189 425 3267 ἀποκρίνεται
452 3185 505 3246 ἀπό
527 3209 556 3244 τε
577 3190 622 3246 τοῦ
645 3188 735 3264 ἀραιοῦ
748 3185 779 3244 τό

76 3276 157 3336 πυκνόν
170 3277 213 3336 καί
225 3276 338 3336 ἀπὸτοῦ
352 3279 451 3356 ψυχροῦ
465 3275 495 3334 εδ
508 3275 602 3354 θερμόν
614 3274 659 3333 καὶ
671 3275 778 3333 ἀπὸτοῦ

875 505 980 581 ζοφεροῦ
992 501 1021 559 τὸ
1033 500 1154 580 λαμπρόν
1169 500 1214 560 καλ
1226 499 1277 560 ἀπδ
1289 505 1333 560 τοῦ
1348 502 1432 581 διεροῦ
1454 503 1484 559 τθ
1505 500 1592 582 ξηρόν.

877 590 975 664 Μοῖραι
988 587 1014 644 δέ
1028 587 1121 646 πολλαὶ
1135 589 1237 645 πολλῶν
1249 590 1307 646 siet·
1318 589 1471 648 παντάπασι
1480 589 1506 648 δέ
1519 591 1592 648 οὐδέν

876 672 1042 752 ἀποκρίνεται
1064 673 1121 733 οὐδέ
1145 673 1302 753 διακρίνεται
1322 675 1351 732 τὸ
1374 676 1460 754 ἕτερον
1483 675 1533 734 άπδ
1547 681 1592 734 τοῦ

876 759 964 838 ἑτέρου
977 758 1046 830 πλὴν
1068 760 1137 818 νόου.
1159 761 1225 827 Νόος
1238 761 1265 818 δέ
1280 769 1331 829 πᾶς
1345 761 1432 836 ὅμοιός
1446 764 1500 820 έστι
1519 764 1564 821 καὶ
1579 766 1593 820 θ

877 845 963 922 μίζων
975 847 1021 904 καί
1034 851 1048 905 θ
1063 846 1190 904 ἐλάσσων·
1205 846 1290 926 ἕτερον
1303 847 1329 906 δέ
1342 847 1414 906 οὐδέν
1429 850 1483 905 έστι
1504 845 1592 923 όμοιον

877 931 959 989 οὐδενί
974 931 1054 1011 έτέρερ
1069 931 1181 1011 ἀπαίρειν
1195 933 1299 1005 δόντων,
1315 936 1374 993 ἀλλ’
1389 934 1467 993 ὅτεων
1484 935 1593 992 πλεῖστα

877 1017 930 1089 ἔνι,
943 1023 1025 1076 ταῦτα
1037 1019 1196 1090 θνδηλάτοιτα
1214 1019 1240 1077 έν
1254 1019 1361 1080 έκαστάν
1375 1023 1429 1080 ἐστι
1442 1020 1486 1078 καί
1498 1013 1539 1092 ἦν.

918 1106 1095 1182 (Simplicius
1106 1104 1264 1164 Communi.
1278 1105 1312 1163 ln
1327 1107 1416 1166 Arist.
1432 1107 1521 1184 Phys.
1543 1107 1593 1166 toi.

880 1192 915 1247 33
938 1191 968 1262 b,
993 1193 1029 1249 35
1051 1211 1078 1250 a.
1094 1191 1161 1249 Post
1171 1191 1291 1250 λέλεκται
1308 1194 1394 1268 vulgo
1408 1192 1514 1268 legitur
1534 1198 1595 1252 ἀνε-

879 1277 977 1335 κώλυεν
994 1279 1071 1354 quod
1087 1280 1197 1336 mutuvi
1211 1283 1241 1336 in
1257 1277 1367 1336 ἐκώλυεν
1390 1280 1432 1336 ἀν.
1455 1283 1595 1339 Praetereu

878 1379 1023 1441 praeeunte
1034 1365 1175 1422 Schornio
1189 1367 1305 1443 reposui
1317 1366 1366 1424 ὅσα
1378 1387 1405 1422 τε
1419 1365 1506 1444 ψυχὴν
1523 1366 1594 1446 ἔχεις

880 1452 967 1525 vulgo
981 1451 1030 1509 ὅσα
1041 1473 1070 1528 γε
1078 1454 1104 1531 ψ.
1117 1454 1138 1511 i.
1150 1453 1378 1529 insequentibus
1389 1452 1491 1512 ilitteri
1503 1473 1596 1513 emen-

879 1539 1022 1596 dationem
1043 1537 1128 1597 ἔπεισε
1151 1540 1227 1599 πλέον
1248 1539 1404 1620 περιεχώρεε
1426 1543 1521 1620 recepi
1541 1563 1595 1620 pro

878 1626 993 1700 uulgata
1021 1627 1164 1703 scripture
1189 1626 1245 1684 έπεί
1274 1627 1301 1687 δέ
1331 1627 1410 1686 πλέον
1440 1631 1592 1707 περιχωρεῖ.

880 1717 1014 1770 Extrema
1028 1713 1103 1790 apud
1118 1713 1296 1790 Simplicium
1312 1715 1354 1772 sic
1375 1716 1499 1772 eduntur
1515 1737 1522 1774 ι
1536 1718 1594 1774 ἀλλ’

879 1800 931 1876 ὅτῳ
951 1803 1061 1857 πλεῖστα
1078 1799 1116 1858 ἔνι
1131 1801 1189 1862 κτλ.
1212 1817 1277 1879 quae
1300 1801 1459 1861 Prellerum
1483 1818 1596 1862 secutus

878 1887 1008 1944 converti
1025 1888 1055 1944 in
1070 1887 1129 1945 ἀλλ’
1139 1887 1217 1946 ὅτεων
1233 1888 1342 1946 πλεῖστα
1357 1887 1394 1947 ένι
1409 1889 1475 1963 κτλ.)

850 1972 954 2034 .Ἐπεί
974 1972 1069 2051 ἤρξατο
1083 1977 1097 2031 θ
1110 1973 1166 2041 νόος
1188 1973 1291 2046 κινέειν,
1310 1973 1361 2032 άπὸ
1382 1981 1427 2034 τοῦ
1449 1973 1596 2050 κινεομένου

879 2059 975 2126 παντὸς
992 2059 1158 2137 ἀπεκρίνετο,
1170 2062 1214 2119 καί
1229 2061 1288 2122 ὅσον
1311 2062 1413 2133 ἐκίνησε
1430 2065 1443 2119 θ
1457 2063 1524 2134 νόος,
1543 2071 1596 2120 πᾶν

880 2152 956 2205 τοῦτο
978 2147 1106 2223 διεκρίθη·
1124 2149 1275 2225 κινεομένων
1290 2147 1317 2206 δέ
1336 2149 1380 2208 καὶ
1395 2148 1596 2229 διακρινομένων

880 2237 897 2303 ἡ
920 2231 1095 2311 περιχώρησις
1117 2235 1207 2313 πολλῷ
1242 2235 1342 2309 μᾶλλον
1375 2233 1458 2294 ἐποίεε
1490 2234 1596 2316 διακρί-

879 2323 1096 2569 ζῦδῦριρίὶεἱιιε
1111 2405 1269 2466 Comment.
1282 2407 1313 2465 in
1329 2407 1419 2467 Arist.
1433 2406 1522 2484 Phys.
1542 2408 1594 2470 iol.

902 2511 961 2563 7u.

834 2599 856 2638 s.
872 2579 911 2637 Τὸ
921 2577 968 2653 μέν
977 2578 1072 2638 πυκνόν
1085 2577 1131 2636 καί
1142 2578 1224 2657 διερὸν
1234 2578 1279 2637 καί
1289 2577 1387 2660 ψυχρόν
1399 2579 1443 2637 καλ
1454 2577 1483 2636 τδ
1493 2580 1598 2658 ζοφερόν

881 2664 970 2723 ἐνθάδε
988 2665 1170 2744 συνεχώρησε,
1192 2665 1251 2723 ένθσε
1264 2671 1308 2724 νῦν
1327 2669 1404 2742 ἠγῆ·
1418 2664 1448 2723 τδ
1466 2665 1493 2724 δέ
1508 2667 1597 2742 ἀραιόν

882 2752 926 2810 καί
938 2751 968 2810 τδ
981 2751 1074 2831 θερμόν
1088 2752 1133 2811 καλ
1146 2752 1177 2812 τὸ
1190 2749 1265 2831 ξηρόν
1278 2753 1322 2810 καί
1333 2753 1363 2811 τό
1375 2751 1495 2832 λαμπρόν
1507 2751 1599 2832 έξεχιθ·

884 2861 946 2918 ρησε
961 2841 986 2906 ές
1003 2838 1032 2896 τό
1045 2838 1135 2916 πρόσω
1149 2844 1194 2896 τοῦ
1210 2839 1320 2918 αἰθέρος.

923 2926 1101 3002 (Simplicius
1124 2925 1284 2984 Continent.
1300 2927 1331 2985 in
1347 2926 1432 2985 Arist.
1445 2925 1534 3008 Phys.
1548 2927 1598 2987 iol.

885 3013 923 3069 38
947 3011 976 3070 b.
989 3013 1129 3070 Caeterum
1144 3012 1187 3070 καὶ
1202 3012 1232 3070 τό
1246 3012 1366 3092 λαμπρδν
1378 3033 1440 3090 quae
1460 3013 1548 3071 verba
1561 3014 1599 3072 li·

883 3099 1047 3157 brariorum
1056 3100 1253 3177 c'ulpeomissa
1261 3101 1409 3178 suntepud
1417 3099 1598 3177 Simplicium

883 3186 982 3245 addidi
996 3207 1061 3244 cum
1076 3186 1218 3245 Schurnio
1231 3207 1267 3245 ex
1280 3187 1414 3263 Origenis
1428 3185 1597 3264 Philosoph.

885 3293 946 3351 cap.
961 3275 1000 3350 8.)

56 3577 73 3618 ε.
87 3573 171 3634 linique
179 3575 258 3623 omnis
268 3574 374 3622 muteriae
385 3575 474 3635 purtem
485 3573 781 3634 continent,menssutem
826 3569 904 3619 sideru
912 3571 936 3619 et
948 3570 983 3620 soi
995 3571 1099 3633 tuusque
1107 3574 1132 3620 et
1142 3583 1182 3620 cer
1197 3575 1270 3634 utque
1282 3571 1357 3620 ether
1367 3570 1399 3622 cb
1409 3570 1523 3633 indigeste
1537 3572 1599 3620 mole

35 3657 104 3706 iniciis
120 3661 198 3722 suique
214 3661 278 3722 juris
294 3663 422 3722 estusque
436 3660 477 3708 ulii
492 3659 526 3707 rei
542 3659 663 3718 admixtu,
674 3657 714 3707 sed
733 3658 781 3706 sois
825 3659 908 3706 secreti
919 3660 1058 3719 torquentur
1068 3661 1092 3708 ei
1101 3659 1239 3708 vertuntur.
1252 3660 1309 3707 iiuec
1320 3661 1401 3708 cutem
1411 3658 1599 3708 oenverstoeite-

35 3743 90 3793 libere
98 3753 119 3796 et
129 3749 200 3798 solutu
209 3753 256 3800 est.
265 3751 326 3798 Nem
333 3748 379 3798 nisi
389 3749 510 3809 segregata
519 3746 621 3796 ubomni
631 3747 781 3794 concretione
827 3744 871 3806 cii,
881 3749 908 3792 ut
916 3744 1007 3805 singule
1016 3749 1200 3794 secernerentur.
1211 3749 1246 3794 Ac
1255 3750 1346 3792 secretu
1359 3746 1436 3793 eunte
1445 3745 1501 3792 ruris
1511 3743 1598 3804 dense,

36 3835 120 3892 nuduli,
130 3836 169 3884 sed
180 3837 219 3884 elii
232 3836 330 3885 cuidem
347 3834 458 3896 adjuncta
473 3835 549 3895 esset,
561 3833 601 3882 uni
618 3833 687 3881 elicui
702 3832 781 3880 addite
825 3842 839 3877 e
852 3831 940 3892 triglitis
952 3829 1063 3890 cuiidu‚u
1077 3831 1209 3892 caliginosis
1225 3830 1341 3891 illustris,
1361 3830 1392 3879 eb
1407 3830 1511 3879 humidis
1527 3831 1598 3879 sicce.

36 3920 120 3969 oninium
129 3935 203 3970 rerum
215 3935 312 3972 consors
324 3922 397 3982 lorei3
409 3919 525 3982 siquidem
535 3921 558 3968 iu
571 3919 656 3982 quevis
667 3932 692 3968 re
703 3919 782 3967 omnis
825 3919 915 3964 Verum
935 3915 1018 3966 multae
1039 3919 1096 3966 suut
1114 3917 1244 3966 mulierum
1265 3929 1345 3965 rerum
1359 3918 1451 3977 peries,
1464 3917 1520 3979 quie
1535 3916 1599 3964 eliud

37 4007 119 4056 nuere
132 4009 241 4069 nurucnis
262 4002 312 4070 est,
327 4008 529 4071 quemadmodum
549 4007 573 4056 iu
594 4006 782 4070 precedentibus
825 4003 856 4052 ab
869 4003 915 4052 ulio
928 4016 1005 4064 neque
1016 4005 1145 4052 secernitur
1154 4015 1265 4064 prorsus,
1275 4015 1354 4064 neque
1362 4001 1504 4051 discernitur
1515 4006 1600 4064 praeter

37 4089 131 4154 lirinus,
149 4097 238 4158 iliaque
255 4109 312 4145 curn
332 4095 384 4144 eliis
404 4095 534 4144 commun
552 4107 605 4143 eum
626 4093 781 4155 impedirent,
825 4093 938 4139 mentem.
953 4091 1007 4138 tem
1023 4102 1080 4138 vere
1090 4102 1156 4137 mens
1169 4088 1245 4136 omnis
1257 4087 1340 4138 similis
1349 4091 1386 4138 est
1401 4091 1425 4138 et
1435 4089 1509 4150 major
1519 4091 1543 4138 et
1554 4089 1600 4137 mi·

37 4179 142 4233 nenium
153 4181 222 4230 ultum
233 4195 286 4232 rem
300 4183 333 4230 itu
345 4183 438 4230 teneret
450 4186 476 4229 ut
487 4181 537 4230 solu
549 4193 612 4228 nunc
621 4180 694 4229 libers
705 4181 730 4228 ei
742 4191 782 4228 so·
826 4189 871 4224 nor
887 4195 893 4224 ε
909 4178 934 4224 ut
949 4175 1008 4225 nihil
1024 4176 1091 4224 uliud
1106 4175 1145 4223 eiii
1168 4175 1246 4224 simile
1256 4176 1294 4223 esi
1304 4175 1330 4222 iu
1348 4174 1393 4223 luc
1409 4175 1501 4225 intinitu
1518 4188 1599 4224 rerum

38 4260 74 4308 inu
82 4265 144 4314 tenet.
157 4270 199 4316 Est
209 4269 272 4318 enim
284 4271 426 4317 cunctarum
439 4279 518 4316 rerum
536 4265 688 4314 subtilissime
700 4266 725 4314 et
737 4279 782 4327 pn·
826 4262 988 4319 multitudine.
997 4263 1037 4310 seri
1046 4261 1125 4324 qualis
1135 4261 1222 4322 cuique
1230 4260 1321 4310 semina
1332 4260 1435 4323 plurimu
1444 4261 1539 4322 insunt,
1554 4262 1601 4311 tuis

38 4347 122 4412 nnius,
132 4365 159 4401 ec
172 4356 313 4404 sententium
328 4353 459 4416 quemlibet
468 4353 497 4402 de
506 4354 591 4415 queris
601 4365 626 4402 re
636 4352 694 4402 dicit
708 4351 782 4415 pinri-
828 4349 950 4410 perspicue
961 4351 997 4398 est
1006 4349 1030 4397 et
1041 4348 1092 4396 init.

38 4440 685 4502 uumqueurlet.Porroquoecunqueeuimrtseuntium
694 4438 783 4498 meiere
857 4437 880 4484 7.
897 4437 979 4491 Quum
998 4447 1065 4483 mens
1083 4433 1207 4482 materiem
1224 4445 1321 4482 morere
1343 4434 1467 4496 cupisset,
1486 4433 1517 4483 sb
1536 4433 1600 4483 omni

38 4520 78 4567 tun
88 4525 184 4586 minore,
196 4529 276 4576 omniu
289 4539 355 4575 niens
370 4527 486 4588 guhemut
498 4527 652 4587 celestesque
663 4525 784 4575 moderate
827 4525 894 4584 purte
911 4524 976 4570 metu
996 4521 1094 4582 reliquie
1110 4519 1301 4581 secernebnuiur,
1315 4523 1479 4582 quantumque
1498 4521 1601 4582 partium

38 4611 66 4653 est
75 4613 241 4673 conversiones,
252 4615 284 4663 its
293 4619 320 4663 ut
330 4615 443 4676 principio
452 4615 589 4664 uniuersum
596 4618 782 4663 converteretur.
827 4613 902 4661 movit
919 4625 1000 4670 mens,
1022 4613 1114 4660 unium
1138 4609 1266 4659 discretum
1281 4612 1318 4660 est
1335 4610 1366 4659 ub
1383 4609 1497 4671 indigeste
1514 4610 1576 4659 mole
1593 4629 1599 4659 ι

38 4696 167 4754 ltprimum
184 4701 279 4762 quidem
299 4701 330 4750 ub
355 4702 446 4762 exiguis
464 4701 537 4750 initiis
555 4701 679 4750 conversio
696 4700 783 4762 erepit,
827 4696 996 4760 quumquelne
1003 4696 1124 4758 particule
1132 4697 1284 4745 morerentur
1295 4697 1529 4757 uc'disoernerentur,
1547 4709 1602 4744 eon·

38 4777 108 4831 deinde
119 4785 191 4844 plures
199 4788 304 4837 maurice
313 4791 391 4850 peries
403 4787 669 4848 commemoremini,
680 4785 784 4847 etquein
828 4784 905 4833 versio
920 4783 1052 4842 efficiebat,
1063 4785 1089 4832 ui
1104 4795 1133 4831 eo
1149 4783 1318 4843 mugientieub
1332 4783 1383 4832 eliis
1398 4783 1598 4831 discernerentur.

40 4873 140 4923 tuimur
150 4874 219 4922 etism
233 4875 333 4924 ulterius
348 4875 517 4938 progredietur.
534 4877 670 4925 commista
686 4885 744 4922 vero
760 4873 785 4920 et
860 4873 883 4918 t.
899 4871 980 4918 Densa
993 4870 1017 4916 et
1032 4867 1145 4928 humide,
1164 4868 1245 4928 frigius
1260 4872 1285 4916 et
1300 4868 1465 4916 obscurarum
1483 4867 1505 4914 iu
1523 4867 1601 4915 iocum

40 4959 147 5005 εεειειεεε
158 4959 258 5010 discrete
269 4964 347 5011 omnis
363 4963 473 5024 cognovit
487 4975 554 5010 meus
574 4979 580 5010 ι
596 4965 619 5010 et
637 4971 692 5022 ques
706 4959 786 5008 lutura
828 4963 967 5018 congregate
984 4962 1105 5019 suntque
1121 4969 1185 5005 nunc
1202 4963 1264 5005 terre
1284 4961 1320 5005 est
1336 4973 1343 5005 ε
1358 4958 1383 5005 σε
1400 4969 1451 5004 reru
1465 4959 1489 5003 et
1506 4953 1601 5015 calide,

40 5041 96 5087 eunt
106 5055 200 5106 queque
220 5048 313 5098 inerunt
333 5051 357 5097 et
377 5061 433 5109 que
443 5060 507 5096 nunc
524 5051 580 5096 sunt
599 5059 701 5108 queque
715 5047 785 5094 erunt
829 5047 892 5095 siros
904 5049 929 5096 et
940 5045 1062 5108 splendida
1074 5045 1099 5094 iu
1114 5045 1271 5107 longinquum
1284 5044 1381 5093 retheris
1401 5044 1480 5092 lucum
1495 5055 1601 5095 σσσοεεο·

41 5125 106 5172 omnia
120 5142 181 5180 inens
193 5133 310 5183 ordinarit
330 5134 555 5196 conversionemque
578 5132 638 5182 inune
656 5147 703 5195 que
721 5145 785 5180 inune
829 5140 892 5182 runi.
