3840 5924
507 437 548 496 ΙΝ
569 433 817 496 unruaoctts
840 428 1053 496 clamanti
1074 435 1295 510 RELlQUlllS.
1669 447 1705 497 ts

104 561 178 622 nibil
198 564 257 624 nisi
278 564 335 636 ἧτι
348 562 438 624 latere
453 569 617 646 suspicatus
630 581 690 640 est,
713 568 764 644 qui
789 581 885 624 tamen
932 566 1077 627 θάλασσαν.
1097 567 1238 626 Similiter
1254 568 1312 624 lere
1325 565 1396 624 alibi
1412 567 1432 625 ί.
1448 589 1463 638 7
1480 567 1533 625 lios
1548 586 1649 625 versus
1668 567 1708 627 ci-

102 651 246 728 reliquam
260 671 365 712 versus
382 667 493 732 partem
509 657 606 714 minus
624 655 699 713 bene
713 656 883 714 constituit:
930 667 1011 728 tans,
1026 655 1099 712 dicit
1113 675 1121 712 r
1138 655 1164 712 έν
1183 654 1287 720 ίκείνοις
1301 653 1328 712 δί
1341 653 1394 720 τοῖς
1412 653 1511 726 ἔπεσιν,
1527 657 1553 712 έν
1566 649 1603 721 οἷς
1616 655 1661 713 καί
1673 655 1706 712 rii

103 737 293 809 καταθνήσκειν
328 739 502 809 κάξάλλνσθαι
531 741 600 800 πάνυ
632 740 731 813 πάντη.
764 742 886 800 Praestat
931 740 1100 818 γνωρίσματα
1117 739 1228 799 ἑκάστου
1243 743 1294 798 τῶν
1307 741 1440 818 τεσσάρων
1453 739 1589 820 στοιχείων
1601 741 1646 798 καί
1661 747 1705 799 τοῦ

99 821 254 883 Sturaiana
263 827 429 886 emendatio
438 827 627 898 καταθνήσκειν
637 851 666 886 τε
679 829 724 887 καί
734 828 886 897 ἐξόλλυσθαι
930 827 1030 894 νείκους
1043 827 1088 886 καί
1102 833 1148 900 τῆς
1162 829 1249 908 φιλίας
1258 828 1421 906 παραδίδωσι
1435 832 1540 907 σαφῶς,
1551 827 1600 900 τὴν
1611 831 1707 906 ἀμφοῖν

103 909 228 990 ἁπάντη,
251 923 338 988 qnam
361 934 463 973 onines
485 929 584 994 postca
603 916 727 974 editores
748 917 886 994 arripue—
931 916 956 973 ίν
972 924 1037 973 πᾶσι
1052 913 1122 992 μῖξιν
1136 921 1181 973 τοῦ
1196 938 1224 972 τε
1239 913 1336 980 νείκους
1355 914 1401 974 καί
1415 918 1461 984 τῆς
1478 914 1563 992 φιλίας
1577 914 1707 994 ἐξέφηνεν·

100 1011 182 1058 runt.
613 1037 614 1040 =
931 1001 985 1081 ἔχει
1000 1001 1031 1073 δν)
1047 1002 1127 1066 οὕτως
1139 1005 1196 1060 κτλ.
1206 1003 1330 1060 Nomina
1343 1001 1450 1078 quibus
1464 1001 1632 1078 Simplicius
1649 1004 1708 1061 ele-

142 1085 192 1144 Vs.
225 1087 290 1144 116.
318 1087 467 1146 Plutarchi
502 1088 677 1147 membranas
711 1088 885 1165 μαντεύσαιτο
931 1103 1026 1148 menta
1047 1090 1189 1167 appellari
1209 1091 1265 1161 ait,
1281 1089 1368 1160 ἥλιος,
1385 1089 1471 1166 αὐγή,
1487 1088 1597 1168 ὄμθρος,
1615 1091 1645 1147 in
1661 1091 1708 1149 his

99 1172 251 1250 prebent,
267 1175 346 1253 quod
358 1175 503 1254 Stephano
518 1197 634 1254 quoque
650 1180 680 1235 in
695 1177 779 1236 Poesi
791 1177 887 1256 pbilo-
930 1175 1064 1235 versibus
1080 1177 1284 1248 inveniuntur3
1302 1177 1360 1234 duo
1375 1177 1487 1251 reliqua
1499 1175 1603 1253 οὐρανός
1615 1187 1645 1232 et
1658 1175 1708 1232 θοί-

99 1261 225 1337 sophica
250 1277 279 1319 et
300 1261 448 1338 Scaligero
465 1263 619 1340 probatum
642 1264 762 1321 minime
782 1285 886 1322 recen-
929 1263 1015 1320 λαοοα
1029 1265 1092 1338 ipse
1105 1263 1250 1340 interpres
1264 1263 1408 1340 apposuit.
1421 1261 1528 1320 Verum
1541 1261 1706 1340 Simplicius

98 1348 231 1408 rioribus
241 1351 456 1408 sollicitandum
465 1363 537 1410 erat.
550 1351 648 1429 Neque
658 1352 735 1410 enim
748 1351 887 1410 attinebat
929 1369 987 1408 non
1002 1363 1141 1407 memorat
1152 1351 1209 1408 nisi
1228 1351 1284 1408 tria
1299 1351 1449 1418 elementa,
1464 1351 1575 1424 ignem,
1591 1369 1705 1418 aerem,

98 1433 147 1490 vel
174 1435 338 1508 μητεθσαιτο
371 1457 436 1494 cum
463 1437 579 1495 lleisltio
603 1441 784 1512 excogitare,
807 1439 885 1515 quod
931 1456 1052 1514 aquam,
1067 1437 1375 1514 omissaterra3cujus
1389 1449 1483 1494 tamen
1498 1438 1629 1495 meminit
1640 1438 1708 1496 ari-

97 1521 273 1580 inusitatum
284 1536 343 1594 est,
357 1525 405 1581 vel
421 1524 639 1600 μητίοαιτοοιιιιι
656 1525 769 1582 Stnrzio
787 1525 885 1602 conji-
931 1525 1046 1583 stoteles
1072 1524 1108 1582 de
1127 1525 1203 1583 Gen.
1226 1536 1254 1581 et
1275 1524 1359 1582 Corr.
1376 1524 1398 1582 l.
1415 1543 1442 1582 c.
1461 1522 1539 1581 bunc
1553 1523 1648 1581 locum
1666 1524 1706 1582 ita

95 1611 245 1682 cerc,vet
258 1610 513 1684 pontionitarum
526 1613 883 1672 Karstenlocomminisci.
929 1611 1056 1686 allegans
1082 1633 1089 1669 ε
1113 1611 1202 1690 ὥσπερ
1226 1609 1272 1668 καί
1291 1633 1368 1690 φησιν
1389 1609 1572 1684 Ἐμπεδοκλῆς
1589 1636 1600 1663 ι
1618 1609 1705 1680 ἠέλιον

136 1694 187 1756 Vs.
206 1698 273 1754 118.
296 1696 457 1773 legebatur
478 1699 568 1774 vulgo
591 1697 641 1756 riol
663 1697 709 1756 καί
725 1722 790 1778 σφι,
807 1701 885 1776 quod
930 1697 977 1772 μέν
1002 1697 1092 1756 λευκὸν
1112 1701 1175 1777 θρᾳν
1196 1697 1240 1756 καί
1260 1698 1354 1776 θερμὸν
1378 1697 1498 1776 ἁπάντῃ,
1520 1695 1618 1772 θμὸρον
1642 1698 1664 1754 δ’
1679 1699 1705 1755 ir

97 1782 274 1842 Karstenius
283 1786 410 1843 correxit
419 1784 522 1844 ἱοιίσίν
532 1783 578 1843 καί
587 1807 656 1864 σφιν.
668 1785 722 1844 Sed
730 1787 791 1864 jam
803 1800 885 1844 antea
930 1795 1009 1844 iram
1029 1784 1168 1862 δνοφόεντά
1188 1808 1217 1842 τε
1236 1784 1355 1864 ῥιγαλέον
1372 1807 1398 1842 τε
1416 1813 1592 1845 ......
1612 1781 1706 1858 ὁμοίως

96 1871 189 1928 ttich.
202 1870 483 1949 NeanderOp.Aur.
496 1872 530 1930 T.
546 1872 586 1948 lp
609 1873 667 1930 526
684 1873 884 1944 dederatilclr‚
930 1871 958 1930 δέ
981 1872 1083 1950 διορίζει
1101 1875 1145 1930 καί
1168 1872 1211 1930 liri
1233 1878 1286 1931 τῶν
1308 1873 1406 1931 λοιπῶν
1422 1872 1588 1951 (στοιχείων).
1604 1869 1665 1930 ὥστ’
1681 1871 1706 1938 ἐξ

96 1957 231 2033 Scaliger
241 1971 335 2016 autem
350 1959 381 2016 in
396 1959 497 2016 codice
511 1958 760 2034 Lugdunobatavo
771 1962 884 2020 exarari
929 1959 983 2026 ἑνός
996 1983 1064 2026 τινος
1087 1962 1164 2030 δῆλον
1181 1959 1221 2018 ὅτι
1237 1961 1371 2039 διαφοραῖς
1391 1983 1443 2018 τισι
1459 1959 1641 2039 χαριζομένων
1660 1959 1705 2016 καί

96 2047 235 2104 voluerat
246 2068 318 2124 οριν.
331 2047 389 2104 Pro
399 2044 470 2103 δεινὰ
484 2047 623 2122 berglius
634 2046 691 2122 legi
703 2046 792 2124 jussit
800 2047 883 2122 δειλά,
928 2047 1038 2106 πάθεσιν
1052 2048 1152 2125 ἐγένετο
1165 2047 1194 2105 rb
1207 2047 1253 2124 μέν
1265 2046 1333 2126 θδωρ
1344 2047 1373 2106 τίν
1384 2047 1410 2105 δέ
1425 2052 1494 2124 πῦρ,
1507 2048 1625 2123 καθάπερ
1636 2044 1706 2121 λέγει

95 2134 180 2212 quod
196 2133 298 2192 verbis
310 2133 509 2212 Empedocleis
520 2135 620 2191 intulit
632 2134 771 2208 Sicinius,
783 2155 883 2212 quam·
927 2132 971 2191 τὸν
985 2132 1032 2208 μέν
1041 2133 1126 2206 ἥλιον,
1138 2135 1231 2192 λευκὸν
1244 2133 1289 2193 καί
1303 2133 1406 2212 θερμόν,
1417 2132 1466 2202 τὴν
1480 2135 1506 2194 δὲ
1517 2139 1567 2210 γῆν
1583 2133 1648 2212 βαρὺ
1659 2129 1713 2191 καί

98 2239 189 2296 quam
214 2221 285 2278 ferri
308 2233 402 2299 potest
423 2223 539 2296 vulgata
560 2223 716 2300 scriptura.
741 2222 790 2281 Vs.
817 2245 881 2302 ¹¹9·
928 2221 1051 2297 σκληρόν.
1075 2221 1158 2292 Quod
1180 2223 1325 2299 reliquum
1345 2236 1424 2282 este
1445 2221 1544 2281 verbis
1563 2224 1659 2298 ipsine
1679 2222 1706 2279 δέ

98 2309 183 2366 Libri
193 2307 472 2367 Plutarcbeibabent
486 2330 493 2366 ι
508 2307 605 2387 πρλνδί
616 2306 729 2387 πάγεντε
740 2309 827 2390 βροτοί
839 2311 883 2369 καί
928 2308 1031 2384 διορίζει
1045 2308 1090 2366 καί
1105 2309 1148 2366 inl
1162 2312 1213 2366 τῶν
1226 2312 1322 2368 λοιπῶν
1334 2309 1494 2388 (στοιχείων)
1512 2310 1705 2388 probabiliter

95 2395 221 2462 λυθέντος
234 2397 293 2455 οὐδὲ
307 2395 349 2474 ἄρ’
364 2395 424 2454 eloi.
440 2396 601 2474 Stephanus
616 2398 647 2454 in
659 2397 745 2456 Pocsi
762 2398 834 2476 phil.
850 2419 895 2476 p.
926 2395 1046 2469 colligas
1069 2395 1202 2470 exiguam
1227 2397 1433 2474 disputationis
1458 2397 1655 2475 Empedoclea
1670 2397 1705 2454 de

95 2503 136 2539 aa
149 2483 286 2558 vulgavit
295 2486 356 2560 πρίν
366 2483 393 2540 δὲ
405 2480 517 2558 παγέντα
529 2483 615 2564 βροτοί
626 2483 671 2542 καί
682 2485 800 2551 λυθέντες
810 2487 882 2546 οὐδέν
927 2483 1077 2542 elementis
1090 2497 1199 2560 partem
1213 2486 1346 2561 periisse.

97 2570 142 2646 ἔφ’
158 2570 302 2644 εἰσίν,ουί
323 2570 450 2646 Scaliger
475 2571 549 2630 ibid.
577 2591 607 2648 p.
630 2573 688 2629 216
713 2572 883 2649 astipulatus
965 2571 1013 2630 Vs.
1032 2591 1097 2630 ιαο.
1112 2571 1170 2629 Pro
1187 2573 1303 2646 vulgato
1317 2574 1376 2630 ἀλλ’
1393 2571 1440 2650 ίίγε
1453 2571 1514 2630 Cod
1537 2573 1571 2632 t).
1583 2571 1651 2630 άλλά
1664 2595 1702 2631 τε.
1798 2625 1800 2630 ,

93 2669 142 2714 est
150 2701 160 2730 ,
176 2656 236 2713 nisi
261 2657 339 2733 quod
358 2670 390 2715 ut
404 2656 533 2734 παγέντι,
554 2658 595 2716 itu
608 2659 693 2717 etiam
716 2659 814 2718 λυθέντ’
830 2681 883 2738 po·
927 2658 1003 2716 liene
1022 2671 1116 2715 antem
1131 2657 1259 2733 Scaliger
1273 2659 1316 2718 ίπί
1332 2659 1452 2739 μάρτυρα
1464 2658 1543 2736 quod
1555 2673 1597 2718 est
1609 2661 1640 2716 in
1655 2660 1705 2716 nt-

94 2749 229 2806 nendum
244 2749 366 2808 censuit.
379 2749 484 2808 Neuter
496 2751 665 2808 sententiam
678 2749 753 2809 bene
766 2753 882 2812 consor·
926 2745 995 2804 dina
1010 2745 1155 2824 Simplicii
1177 2746 1306 2804 editione
1330 2747 1360 2804 in
1376 2746 1541 2823 interipsum
1563 2748 1701 2805 correxit.

92 2837 206 2906 mavit,
225 2856 293 2912 quae
315 2823 443 2912 postula?
462 2835 696 2912 conjunctionem
718 2839 880 2915 oppositam
927 2832 1009 2890 liunt
1043 2851 1107 2890 cum
1142 2831 1294 2891 Karstenio
1328 2835 1423 2892 caeteri
1456 2833 1582 2892 editores
1614 2835 1704 2892 secuti

93 2925 277 3001 precedenti
294 2924 366 3000 πρίν.
390 2925 584 2994 Quamobrem
605 2924 754 3001 Xylander
773 2925 882 3003 Empe-
926 2933 1000 2979 suut-

92 3012 191 3068 cloelis
208 3031 327 3070 nranum
343 3013 494 3070 restituere
508 3011 566 3070 sibi
582 3014 662 3071 visus
682 3025 735 3084 est,
751 3013 786 3080 ὡς
806 3013 882 3072 λύθεν
964 3005 1012 3067 Vs.
1034 3027 1098 3067 εει.
1114 3006 1261 3080 λιπόξυλον,
1278 3028 1336 3067 νοκ
1350 3007 1553 3084 Empedoclea,
1565 3009 1703 3070 infirmnm

92 3098 270 3158 scribendo.
299 3098 445 3157 Praeclara
469 3101 555 3158 etiam
588 3099 696 3158 tteislii
720 3101 882 3160 emendatio
925 3094 1090 3170 designans.
1102 3093 1147 3155 Cl.
1159 3110 1236 3154 vers.
1249 3095 1458 3168 ²77.Sturzius
1469 3108 1574 3153 temere
1584 3097 1705 3154 mutarit

92 3186 151 3243 suit
168 3206 176 3245 :
194 3185 257 3261 πρὶν
270 3185 298 3242 δὲ
319 3184 402 3260 πάγεν
416 3208 444 3243 τε
460 3185 547 3264 βροτοί
565 3184 611 3244 καί
624 3186 682 3244 irtel
694 3184 781 3263 λάθεν,
795 3207 880 3263 quem
927 3181 956 3239 in
971 3179 1121 3258 λῑπὸζυγον,
1137 3181 1282 3240 Prellerus
1296 3183 1326 3240 in
1342 3181 1475 3250 ὓπόξυλον.

90 3294 110 3330 a
124 3273 285 3332 Karstenio
302 3275 428 3351 primurn
451 3287 593 3352 receptam
611 3273 795 3352 postmodum
817 3277 880 3334 edi.
964 3267 1013 3324 Vs.
1035 3287 1100 3325 122.
1111 3266 1231 3343 λαμπρὸν
1244 3265 1414 3324 Plulttrclttts
1424 3265 1510 3324 habet
1523 3279 1551 3323 el
1560 3267 1703 3345 Simplicii

92 3372 175 3418 tores
196 3374 363 3422 tenuerunt,
386 3362 527 3420 (laterum
548 3362 685 3440 Stephani
700 3363 880 3422 emendacio.
926 3353 991 3414 cod.
1008 3354 1051 3430 ll3
1066 3353 1157 3411 λευκὸν
1173 3353 1355 3424 Aristotelem
1377 3351 1470 3432 θερμδν
1491 3357 1552 3430 θρᾷν
1567 3351 1612 3411 καὶ
1632 3357 1703 3429 λαμ-

92 3465 162 3504 nem
190 3449 265 3506 οὐδὲν
282 3448 324 3528 ἄρ’
339 3449 402 3506 εἰσίν
418 3449 540 3508 forsitan
560 3468 577 3508 e
596 3449 746 3507 codicibus
762 3451 880 3526 peritam
925 3441 990 3522 πρὸν
1011 3440 1117 3511 ἁπάντη
1130 3441 1275 3517 Simplicii
1289 3441 1380 3498 editio
1398 3441 1503 3498 Aldina
1517 3454 1545 3498 et
1558 3441 1703 3516 Galenus,

93 3553 177 3594 nunc
200 3535 334 3594 lliibneri
347 3537 440 3595 editio
454 3537 579 3596 exhibet.
594 3535 882 3617 Karsteniusodi’dp’
925 3529 975 3588 sed
988 3528 1156 3606 Simplicius
1171 3528 1260 3585 altero
1273 3528 1336 3585 loco
1349 3527 1441 3605 θερμὸν
1462 3531 1524 3606 θρᾷν
1546 3527 1590 3584 καί
1605 3529 1700 3606 θερμὸν

93 3621 157 3678 ἔασι
175 3623 286 3700 posuit.
925 3615 1041 3687 ἁπάντη.
1059 3616 1137 3674 lnter
1159 3615 1342 3692 Empedoclis
1365 3615 1491 3678 editores
1513 3613 1634 3692 λαμπρὸν
1655 3635 1702 3674 re-

135 3716 201 3768 lr'ss.
218 3711 365 3770 120-133‚
376 3709 447 3769 Ἀλλ’
459 3709 663 3788 dyc-ipsimi]
672 3710 755 3768 asseri
764 3712 880 3788 Simptj.
924 3715 1064 3780 ceperunt
1077 3701 1207 3759 Sturzius
1221 3716 1249 3759 et
1265 3700 1512 3772 l‘anzerbieterus,
1525 3701 1617 3758 λευκὸν
1632 3701 1704 3760 llar-

89 3797 160 3854 ciis
170 3795 262 3872 Phys.
281 3797 304 3854 l.
323 3796 343 3854 s.
362 3798 396 3866 34
412 3795 511 3856 alles,
530 3799 661 3855 122431
676 3797 881 3876 ωηο-φέρι.
925 3789 1034 3846 stenius
1047 3801 1075 3846 ct
1087 3786 1225 3846 Steiuius.
1255 3785 1312 3862 Ego
1327 3786 1381 3844 etsi
1397 3787 1561 3844 Aristotelis
1577 3788 1702 3844 auctori·

93 3907 153 3942 στοι
166 3885 245 3942 idem
257 3883 348 3960 Phys.
363 3881 388 3955 l,
405 3883 502 3957 l.7b.
514 3883 575 3944 Vss.
592 3905 646 3940 ina
661 3897 689 3942 ct
706 3891 758 3951 ια4
772 3887 880 3945 omisso
925 3888 1009 3933 tatem
1046 3895 1104 3933 non
1133 3875 1243 3933 idcirco
1273 3873 1499 3932 labefactandam
1529 3893 1602 3946 reor,
1633 3875 1704 3951 quia

91 3969 879 4048 rs.123Aristotelcsdchn,er(101-r,1‚1‚p,385
926 3962 1014 4018 multa
1042 3961 1207 4019 memoriter
1233 3961 1380 4030 citaverit,
1409 3973 1503 4018 tamen
1526 3959 1556 4022 τὸ
1579 3960 1701 4038 λαμπρὸν

87 4077 121 4130 a;
136 4057 315 4116 l'lutanclrus
325 4057 360 4115 de
373 4079 419 4134 pr.
437 4059 502 4133 frig.
514 4079 545 4136 p.
557 4069 627 4134 949,
640 4056 750 4115 νοί.ίΧ
765 4079 795 4136 p.
810 4068 878 4131 ηιμ,
923 4050 1027 4107 melius
1052 4051 1089 4126 τῷ
1113 4043 1242 4127 inspirare
1267 4049 1376 4124 opponi
1403 4047 1542 4117 arbitror,
1572 4047 1697 4124 ideoque

132 4145 182 4203 Vs.
205 4165 276 4204 122.
292 4143 418 4203 Galenus
430 4143 490 4224 περί
504 4149 550 4214 τῆς
564 4148 616 4202 τῶν
634 4145 725 4202 ἁπλῶν
738 4167 821 4223 ραρμ,
838 4169 880 4226 χρ,
925 4137 1046 4215 λαμπρὸν
1057 4135 1239 4194 ePlutarcbo
1253 4137 1355 4195 suntsi.
1367 4135 1451 4204 Quod
1462 4135 1613 4192 Steiniusc
1628 4135 1702 4192 Sim·

88 4232 128 4292 ί..
145 4232 190 4303 ll,
207 4251 257 4310 pr.
270 4229 307 4290 T.
322 4230 590 4309 xtttpsffihan,
606 4230 669 4291 λίνα.
698 4233 827 4290 128-131
852 4235 881 4292 ἐκ
913 4225 1006 4303 =plicii
1023 4223 1088 4287 cod.
1104 4223 1137 4280 C.
1161 4223 1305 4300 prolatum
1327 4222 1426 4280 verbis
1442 4221 1639 4299 Empedocleis
1657 4223 1701 4278 in·

86 4317 142 4370 τῶν
157 4307 469 4389 πάνθ’-δολιχαίωνες)
483 4311 744 4388 Aristot..llletepb.
761 4309 800 4382 ll,
816 4321 833 4379 1.
849 4333 878 4389 p.
924 4312 1015 4371 seruit
1027 4312 1075 4390 θρα
1094 4331 1148 4388 pro
1159 4311 1277 4385 vulgato
1293 4313 1355 4390 θρᾷν
1372 4311 1490 4367 minime
1510 4309 1700 4366 necessarium

83 4402 149 4457 662
170 4399 209 4455 l).
226 4397 292 4456 llas.
313 4399 446 4456 ιοθ-ιθο
460 4399 536 4457 idem
556 4399 591 4456 de
605 4397 714 4456 lllundo
732 4420 761 4456 c.
778 4401 795 4454 6
810 4419 876 4476 pag.
923 4409 977 4456 est.
995 4397 1159 4455 Notandum
1174 4415 1243 4454 vero
1267 4397 1346 4473 quod
1369 4398 1400 4454 in
1424 4395 1583 4472 exemplari
1599 4415 1701 4452 nianu-

87 4497 147 4559 474
166 4489 206 4545 Α.
222 4483 317 4542 Multa
330 4485 387 4544 alia
407 4485 443 4543 dc
463 4487 629 4556 elementis,
646 4485 682 4543 de
700 4486 809 4557 calido,
827 4487 879 4544 iri·
924 4487 1031 4559 scripto
1046 4483 1120 4540 nihil
1137 4484 1243 4558 legitur
1258 4483 1314 4540 nisi
1330 4485 1388 4560 ὁρᾶ.

85 4573 180 4647 gido,
197 4571 317 4646 lucido,
333 4592 424 4650 opaco
437 4592 472 4630 ac
492 4573 528 4631 de
543 4573 580 4631 iis
594 4591 659 4648 quae
672 4591 708 4630 ex
723 4572 879 4631 elemento·
964 4571 1013 4629 Vs.
1034 4572 1099 4631 123.
1115 4569 1235 4648 άμθροτα
1251 4569 1273 4626 δ’
1288 4569 1367 4648 ὅσσα)
1382 4568 1550 4646 Simplicius
1564 4588 1622 4626 uno
1637 4567 1701 4625 loco

87 4679 155 4717 rum
171 4661 255 4718 coitu
272 4671 337 4716 orta
347 4673 442 4718 essent
456 4659 592 4737 prelatus
604 4672 667 4717 erat
679 4657 878 4737 Empedocles,
1676 4678 1688 4713 ε

89 4761 252 4824 antequam
274 4745 311 4803 ad
327 4745 380 4805 bos
405 4748 540 4805 transiret
557 4766 674 4821 versus,
698 4745 805 4824 quibus
819 4747 873 4804 sin·
922 4757 1057 4823 corrupte
1076 4765 1081 4800 :
1099 4741 1219 4821 ιίμθροτα
1234 4743 1256 4800 δ’
1270 4739 1328 4800 icc'
1337 4742 1422 4800 ἔδεται
1442 4742 1527 4816 (cod.
1544 4743 1575 4801 C.
1593 4741 1620 4802 δέ
1638 4763 1702 4799 τοοο

91 4836 233 4908 gulorum
250 4854 410 4912 corporum
430 4833 598 4910 genitalium
624 4846 755 4892 naturam
777 4833 879 4892 adum·
924 4831 951 4890 δέ
962 4833 1011 4909 τε),
1024 4833 1113 4890 altero
1126 4829 1248 4910 ἄμθροτα
1259 4831 1281 4888 δ’
1292 4829 1358 4890 doce
1369 4831 1462 4901 ἐδεῖτο,
1476 4830 1552 4906 quod
1566 4843 1594 4886 et
1605 4833 1700 4906 ipsum

90 4919 164 4980 brat.
192 4921 244 4978 Sic
268 4921 349 4978 enim
375 4919 545 4996 Simplicius
568 4919 658 4995 Phys.
681 4917 705 4978 l.
735 4919 754 4976 ί.
783 4921 817 4988 34
835 4939 877 4976 a:
924 4919 1134 4998 repudiandum
1148 4931 1201 4977 est.
1218 4919 1288 4987 Quae
1302 4937 1390 4994 quum
1408 4917 1449 4974 ita
1465 4917 1538 4986 sint,
1556 4915 1700 4972 Prellerus

90 5009 197 5068 πλείονα
210 5010 236 5068 δέ
252 5007 323 5066 ιῖλλα
338 5007 421 5066 εἰπὼν
437 5007 530 5084 ἐπάγει
544 5004 653 5064 ίκάστου
667 5010 718 5063 τῶν
733 5007 877 5082 εἰρημένων
924 5006 1047 5082 conjecit
1061 5004 1117 5062 ioo'
1131 5004 1215 5080 ἐδέθη,
1230 5027 1294 5081 quce
1307 5005 1400 5084 (coslo)
1415 5007 1529 5075 illigata
1540 5015 1610 5069 sunt,
1622 5001 1701 5077 qnod

94 5097 247 5176 (στοιχείων)
262 5097 310 5156 τὸν
325 5098 501 5176 χαρακτῆρα,
515 5093 544 5152 τὸ
558 5093 604 5170 μίν
618 5097 670 5172 πῦρ
688 5091 761 5163 ἥλιον
777 5094 876 5163 καλῶν,
927 5092 1046 5151 verbum
1059 5095 1098 5150 ita
1107 5092 1238 5150 absolute
1252 5093 1377 5170 positum
1387 5091 1452 5148 lerri
1465 5107 1549 5166 posse
1557 5107 1621 5146 cum
1629 5087 1701 5143 llar-

96 5183 132 5244 te
145 5184 168 5243 δ’
181 5184 248 5266 ἀέρα
262 5183 352 5263 αιἰγὴν
366 5183 414 5244 καί
427 5182 545 5261 οὐρανόν,
559 5181 589 5241 τὸ
603 5181 626 5238 δ’
637 5179 707 5260 ὕδωρ
723 5177 819 5258 άμθρον
832 5179 876 5237 καί
926 5181 1019 5239 stenio
1029 5199 1176 5256 negamus.
1187 5178 1251 5258 lpse
1262 5177 1429 5237 llarstcnius
1436 5176 1567 5254 scripsit:
1580 5173 1700 5253 ἄμθροτα

1595 5280 1616 5322 ε.
