3690 5924
157 359 235 410 ,216
825 358 877 420 DE
898 361 1150 426 autxsootm.

173 484 274 543 esiidis
297 497 362 543 sunt
385 483 522 563 abrupta,
537 485 587 544 sed
609 487 851 563 quemadmodum
874 505 957 552 antea
1002 497 1115 571 nigram
1130 517 1191 556 esse
1202 501 1350 560 contendit
1366 501 1439 581 (αθ).
1453 503 1588 564 lacteum
1601 508 1702 568 orbem
1715 516 1785 574 oriri

172 573 215 629 sio
236 577 319 631 etiam
345 594 421 631 nunc
445 574 544 631 omnia
569 573 712 632 coltaerent
742 576 815 654 (αθ).
848 579 954 640 Verum
1002 584 1786 675 censetasideribnsquaertoctu,quotemporeterrae

171 661 379 736 quamvislraec
397 662 521 719 discreta
542 662 728 740 sintaliaque
748 668 877 740 quotidie
896 669 954 729 dis·
1001 668 1104 726 umbra
1128 670 1196 728 solis
1227 673 1316 732 radiis
1351 678 1455 750 officit,
1486 679 1518 738 iu
1551 684 1681 744 tenebris
1708 709 1784 748 suam

171 761 335 824 cernantur,
350 762 444 806 tamen
460 750 580 806 materia
593 768 686 825 neque
701 755 886 825 generatione
901 775 954 812 au·
1000 756 1092 814 lucem
1107 758 1241 818 emittunt
1254 761 1323 838 (29).
1340 765 1390 822 sit
1401 785 1489 842 porro
1501 784 1628 831 cometas
1638 776 1782 834 stellarum

169 834 232 906 geri
245 855 339 912 neque
352 837 445 894 minui
464 835 583 893 interitu
597 849 691 912 potest
717 839 786 916 (αὴ).
811 841 951 900 Caeterum
998 845 1157 902 errantium
1184 860 1212 904 et
1241 847 1366 908 ilanrmas
1388 871 1425 910 ex
1449 873 1480 912 se
1506 858 1701 918 emittentium
1728 883 1785 922 esse

169 919 242 978 nibil
264 941 358 999 neque
381 925 412 981 iit
439 942 532 1000 neque
554 924 670 996 interit,
695 925 744 983 sed
766 946 802 984 ex
830 928 868 986 iis
889 951 953 1007 qnae
998 949 1189 1004 concursum,
1206 933 1389 1010 trajectiones
1409 952 1504 998 autern
1525 944 1676 1003 stellarum
1698 952 1784 1009 veluti

168 1023 235 1068 suut
259 1009 346 1070 rebus
372 1012 470 1071 omnia
491 1011 646 1069 miscentur
669 1012 706 1070 ab
729 1014 823 1090 iisque
841 1017 953 1075 discer-
998 1016 1136 1075 scintillas
1170 1017 1207 1075 ab
1234 1040 1300 1078 aere
1334 1023 1447 1084 vibrari
1477 1027 1544 1108 (30).
1571 1031 1680 1093 Ventos
1707 1039 1784 1112 gigni

168 1109 287 1156 nuntur.
306 1100 348 1157 lta
368 1100 475 1157 rectius
494 1118 548 1176 pro
571 1112 636 1156 ortu
651 1100 819 1172 misturam,
836 1123 890 1176 pro
906 1106 952 1160 in·
997 1103 1114 1177 quando
1130 1123 1180 1162 aer
1194 1125 1211 1162 a
1225 1108 1286 1165 sole
1307 1123 1486 1171 extenuetur.
1502 1115 1647 1178 'fonitrua
1661 1123 1781 1181 nubium

167 1188 254 1242 teritu
268 1187 480 1262 separationem
494 1185 604 1242 dixeris
618 1187 689 1258 (τό).
703 1186 814 1244 Lunam
827 1188 950 1249 babituri
997 1207 1060 1246 esse
1078 1192 1275 1264 collisionem
1292 1196 1406 1271 fulgura
1421 1201 1661 1265 confricationem
1683 1211 1780 1269 itidem

166 1271 279 1346 putarit
294 1272 441 1348 collesque
455 1284 482 1329 et
496 1272 585 1330 valles
600 1271 706 1330 habere
720 1274 791 1348 (αθ).
997 1277 1129 1336 nubium¹
1146 1279 1171 1336 T
1173 1301 1243 1338 erute
1257 1297 1352 1341 motus
1367 1307 1480 1344 eausam
1499 1309 1561 1349 esse
1575 1313 1676 1354 aerem
1698 1310 1779 1357 terre

208 1356 295 1416 initio
311 1359 477 1418 ferebantur
488 1360 583 1418 sidera
597 1361 675 1418 circa
697 1362 796 1436 polum
818 1362 870 1438 qui
890 1377 951 1422 erat
998 1357 1153 1424 viscera'et
1167 1387 1306 1428 cavernas
1320 1371 1490 1432 subeuntem
1507 1378 1565 1456 (ἀι)

166 1445 197 1502 in
212 1447 313 1505 mundi
328 1451 410 1524 qussi
431 1448 564 1505 culmine.
580 1447 675 1515 Quum
692 1468 761 1504 vero
784 1448 839 1506 lroc
863 1453 950 1508 modo
1036 1451 1114 1509 lllare
1141 1467 1235 1512 ortum
1264 1470 1323 1533 est,
1353 1480 1441 1532 quum
1478 1465 1628 1539 particulas
1657 1467 1780 1530 humide

166 1551 267 1590 omnes
287 1545 370 1590 terrae
390 1547 486 1612 partes
511 1546 537 1590 et
559 1535 615 1591 coli
639 1548 667 1592 et
692 1534 817 1595 habitari
841 1539 950 1613 pariter
995 1556 1093 1616 eosque
1117 1541 1241 1600 leviores
1265 1544 1295 1600 in
1320 1565 1444 1623 vapores
1467 1570 1616 1610 conversae
1641 1555 1779 1612 sublimes

164 1633 297 1696 possent,
313 1621 452 1696 contigit,
476 1633 509 1680 ut
529 1634 607 1679 terra
621 1641 722 1681 versus
735 1624 887 1683 meridient
902 1626 946 1683 in·
995 1627 1110 1688 abirent
1123 1631 1310 1706 gravioribus
1325 1635 1355 1692 in
1367 1648 1444 1694 terra
1456 1641 1686 1702 remanentibus.
1714 1645 1779 1712 Qua¹

164 1708 321 1767 olinmetur
330 1723 358 1767 et
367 1712 452 1787 polus
466 1708 520 1768 sub
533 1711 780 1786 septentrionibus
794 1715 949 1773 constitue·
995 1735 1041 1776 res
1056 1737 1090 1775 eo
1105 1720 1212 1794 valuit,
1227 1732 1260 1778 ut
1272 1739 1348 1800 aqua
1362 1724 1475 1783 marina
1488 1727 1557 1786 salis
1575 1728 1671 1788 instar
1686 1749 1779 1789 amare

164 1808 254 1866 retur,
274 1795 325 1854 ubi
343 1798 429 1854 etiarn
455 1816 532 1854 ntrnc
549 1800 727 1876 conspicitur
750 1801 821 1879 (ορ).
846 1802 947 1860 Nivem
995 1805 1088 1882 sapiat
1104 1805 1175 1885 (θα).

172 1937 1776 1976 ----—-————--—-———----——-—-

162 2016 211 2064 ἀνω
224 2017 338 2080 ἐπισχεῖν,
347 2021 379 2073 ὡς
390 2019 418 2068 τὸ
430 2023 488 2082 πῦρ·
499 2021 560 2082 ὕδωρ
571 2021 596 2069 il
614 2023 653 2070 καί
675 2023 731 2085 ἀέρα
751 2026 791 2072 τὸν
809 2024 887 2085 μέσον.
908 2027 945 2072 Cl.
993 2041 1016 2088 p.
1035 2034 1062 2077 ts
1075 2027 1091 2076 b
1104 2047 1110 2076 τ
1121 2029 1185 2092 τρίτη
1195 2030 1249 2086 δόξα
1258 2029 1408 2096 Ἀναξαγόρου
1418 2035 1458 2083 καί
1469 2037 1624 2100 Δημοκρίτου.
1637 2039 1716 2088 Οὗτοί
1723 2057 1775 2100 φασι

162 2087 246 2148 fragm.
262 2091 285 2137 8.
991 2098 1030 2146 τόν
1038 2098 1150 2160 γαλαξίαν
1159 2100 1216 2148 εἰναι
1228 2101 1255 2149 τὸ
1267 2101 1326 2150 ἰδιον
1339 2108 1387 2165 φῶς
1398 2109 1445 2152 τῶν
1457 2105 1559 2168 ἀστέρων
1568 2112 1616 2156 τῶν
1634 2110 1668 2170 μή
1681 2115 1775 2171 ρωτιζο·

192 2157 242 2216 (25)
261 2157 298 2207 Ci.
313 2159 398 2217 fragm
415 2161 476 2208 liei
495 2167 529 2208 16.
992 2167 1066 2227 μένων
1084 2169 1129 2216 ἀπὸ
1140 2174 1182 2216 τοῦ
1194 2169 1269 2226 ἡλίου.
1280 2171 1407 2234 Ἔχουσι
1422 2174 1492 2236 γάρ,
1505 2176 1620 2236 φησί,τά
1638 2179 1735 2242 ἀστρα
1748 2181 1776 2226 ai

193 2229 243 2288 (at)
262 2228 516 2288 Ci.lt·agm.llel15.
990 2237 1071 2286 ἰδιον
1088 2239 1210 2300 ρῶςκαί
1227 2241 1446 2298 ἐπίκτητοντό
1464 2245 1525 2293 ἀπὸ
1544 2251 1598 2295 τοῦ
1614 2247 1773 2304 ἡλίουκαὶ

194 2297 244 2358 (25)
260 2297 329 2346 Cotti.
344 2299 427 2360 fragm.
443 2303 480 2350 17.
990 2309 1056 2364 δηλοῖ
1072 2311 1191 2368 ἡσελήνη.
1213 2313 1297 2370 ταύτης
1313 2313 1358 2372 γὰρ
1369 2314 1445 2376 ἕτερον
1457 2315 1536 2376 pbr-ad
1555 2319 1613 2366 ἰδιον
1623 2324 1673 2378 oss<
1683 2355 1691 2378 ‚
1701 2321 1773 2380 ἕτερον

991 2377 1014 2424 δέ
1027 2378 1059 2446 ,τό
1077 2377 1116 2440 ἀρΙ
1129 2379 1204 2435 ἡλίου.
1228 2381 1255 2428 τὸ
1266 2383 1310 2442 γάρ
1322 2383 1381 2430 ίάιον
1394 2385 1465 2441 αὐτῆς
1478 2389 1525 2444 φῶς
1537 2386 1686 2449 ἀνθρακῶδες
1705 2389 1773 2446 ἐστιν,

990 2449 1022 2501 ὡς
1033 2447 1098 2503 δηλοῖ
1108 2450 1163 2509 ἡμῖν
1174 2452 1190 2507 ἡ
1200 2451 1298 2513 ἔλλειψις
1309 2453 1387 2508 αύτὴς.
1399 2453 1419 2502 Ἀ
1429 2454 1469 2501 λλ’
1480 2455 1514 2502 ού
1530 2457 1639 2514 πάντα,
1655 2458 1730 2518 φησί,
1740 2461 1771 2507 τὸ

989 2516 1158 2573 ἐπίκτητον
1180 2521 1328 2582 δέχονται.
1348 2525 1385 2571 Τὰ
1401 2522 1441 2571 οὗν
1459 2525 1490 2584 μν)
1507 2523 1622 2587 δεχόμενα
1639 2527 1721 2575 ἐκεῖνα
1737 2531 1773 2576 τόν

988 2587 1073 2635 κύκλον
1080 2587 1120 2636 τὸν
1127 2589 1236 2650 γαλαξίαν
1245 2589 1419 2653 ἀπεργάζονται.
1430 2591 1454 2642 ld
1466 2605 1489 2653 μ.
1503 2597 1551 2641 loa
1562 2609 1568 2642 :
1579 2596 1705 2654 ἀντεοθενὴ
1713 2599 1772 2658 τρίτη

193 2367 244 2429 (26)
259 2368 376 2430 Diogenes
390 2369 498 2417 bserlius
515 2372 577 2429 ll‚8
597 2384 603 2419 :
622 2372 664 2428 ιὴν
681 2372 706 2420 δὲ
725 2373 823 2432 σελήνην
841 2375 944 2430 οἰκήσεις

160 2437 232 2500 ἀγειν,
248 2439 357 2487 ἀλλὰκαὶ
369 2440 501 2500 λόρσυςκαί
514 2439 640 2502 φάραγγας.

193 2507 242 2570 (21)
259 2509 376 2568 Diogenes
391 2511 497 2558 Laertius
509 2513 566 2568 li‚s
582 2511 661 2560 ιτάθ
675 2512 750 2574 ἄστρα
759 2513 810 2562 κατ’
822 2515 893 2576 ἀρχὰς
906 2517 944 2563 lo·

160 2579 254 2632 λοτιάιὺς
264 2578 395 2642 ἐνεχθῆναι,
408 2581 469 2628 ὥστε
481 2581 542 2628 κατὰ
556 2583 657 2643 κορυρὴν
670 2589 710 2640 τὴς
720 2589 760 2644 γῆς
772 2585 811 2632 τόν
824 2585 858 2632 ἀεὶ
869 2586 945 2644 φαινό-

160 2664 229 2710 μενον
250 2649 307 2696 εἰναι
328 2649 410 2708 πόλον,
428 2650 523 2712 ὕστερον
535 2651 559 2700 δὲ
570 2651 723 2712 τὴνέγκλισιν
735 2653 812 2700 λαὺεῐν
831 2655 886 2713 (leg.
903 2657 944 2712 τὴν

160 2724 204 2781 γὴν
222 2719 323 2781 ἔγκλισιν
340 2720 436 2778 λαῦεῖν).
449 2719 593 2768 Plutarchus
604 2720 634 2768 de
649 2723 709 2782 μΙιιο.
730 2723 789 2783 phil.
808 2723 849 2772 lib.
864 2725 920 2782 ll‚s
936 2742 942 2772 :

160 2790 284 2851 Διογένης,
302 2788 451 2851 Ἀναξαγόρας
468 2791 526 2850 μετὰ
545 2791 573 2838 τὸ
588 2797 700 2848 συστῆναι
711 2792 751 2839 τόν
760 2790 850 2852 κόσμον
862 2792 902 2840 καί
914 2793 944 2840 τά

158 2861 208 2920 ζῷα
221 2861 247 2907 ἐκ
261 2865 300 2916 τῆς
314 2865 355 2920 γῆς
367 2860 487 2918 ἐξαγαγεῖν
500 2861 632 2919 ἐγκλιθῆναί
646 2876 695 2916 πως
705 2863 745 2908 τὸν
760 2863 849 2923 κόσμον
860 2863 886 2910 ἐκ
901 2868 943 2910 τοῦ

160 2928 293 2990 αὐτομάτου
305 2930 327 2985 ἐς
335 2931 362 2978 os
371 2930 524 2991 μεσημόρινθν
535 2931 606 2978 αὑτοῦ
617 2931 696 2992 μέρος·
706 2930 763 2984 ίσως
771 2933 816 2979 ύπό
825 2933 942 2992 προνοίας,

988 2657 1043 2713 δόξα
1054 2662 1069 2716 ἡ
1080 2657 1180 2717 λέγουσα
1187 2661 1247 2708 ἰὺιον
1255 2666 1302 2718 ρῶς
1312 2677 1380 2709 τινων
1389 2661 1448 2710 εἰναι
1458 2663 1549 2725 ἀστροιν
1558 2665 1597 2713 τὸν
1606 2666 1723 2726 γαλαξίαν
1731 2674 1773 2716 asra

989 2720 1021 2780 μὴ
1033 2721 1078 2769 ὑπὸ
1091 2722 1157 2776 ἡλίου
1167 2725 1334 2783 ρωτιξομένων.

1020 2791 1070 2853 (so)
1088 2793 1202 2853 Diogenes
1211 2792 1319 2841 laertius
1329 2791 1370 2840 lib,
1381 2793 1412 2852 tt,
1425 2797 1440 2842 9
1453 2807 1459 2840 :
1468 2793 1521 2849 τοὺς
1530 2793 1554 2842 δί
1563 2795 1670 2856 κομήτας
1681 2797 1774 2846 σύνοδοι

988 2860 1110 2918 πλανητῶν
1122 2863 1206 2925 φλόγας
1221 2861 1341 2922 ἀφιέντων·
1350 2863 1403 2917 τούς
1413 2879 1438 2911 τε
1448 2863 1579 2925 διᾴττοντας
1588 2865 1638 2913 stoa
1648 2870 1773 2928 σπινθῆρας

988 2929 1089 2980 ἀπὸτοῦ
1101 2929 1165 2994 ἀέρος
1179 2931 1363 2980 ἀποπάλλεσθαι.

157 3001 197 3048 ίνα
209 3000 225 3048 ἀ
238 3001 278 3060 μέν
290 3015 341 3048 τινα
352 3001 451 3057 ἀοίκητα
462 3001 566 3058 γένηται,
579 2997 622 3048 so
632 3001 715 3056 οἰκητὰ
723 2997 780 3063 μ’ἑρη
790 3006 831 3049 τοῦ
841 3001 941 3064 κόσμου,

160 3069 222 3118 κατὰ
234 3070 359 3131 ψύξιν,καί
370 3070 512 3132 ἐκπύρωσιν,
523 3071 563 3117 καί
575 3069 710 3132 εὐκρασίαν.
987 3071 1127 3132 πτυνομένον
1134 3076 1175 3118 τοῦ
1182 3071 1298 3132 ἀέροςύπό
1305 3070 1427 3128 τοῦὴλίου·
1435 3073 1529 3134 βροντάς
1537 3075 1684 3136 σύγκρουσιν
1691 3083 1768 3137 ιερῶν·

190 3139 239 3200 (28)
257 3144 344 3188 Sextus
356 3140 487 3199 Empiricos
499 3139 584 3200 ΡγιιΙι.
599 3139 713 3200 ἰιγμοιγρ.
728 3141 800 3200 1,·13,
815 3143 844 3188 33
857 3141 942 3189 :soori-
987 3140 1107 3204 ἀστραπὰς
1114 3142 1216 3204 ἔκτριψιν
1224 3147 1307 3204 νεφῶν·
1321 3143 1419 3202 σεισμὸν
1429 3145 1585 3202 ὑπονόστησιν
1598 3147 1668 3208 ἀέρος
1678 3149 1712 3202 εἰς
1720 3153 1769 3207 γῆν.
1842 3169 1843 3172 “

158 3227 216 3272 μτνα
225 3212 248 3258 δὲ
258 3207 418 3272 [ἀντιτίθεμεν]
428 3209 579 3271 φαινομένοις,
590 3211 621 3264 ὡς
631 3207 802 3270 όἈναξαγόρας
815 3215 850 3270 τῷ
860 3211 943 3267 λευκὴν
990 3211 1131 3258 Plutarchus
1144 3213 1174 3259 de
1188 3212 1250 3260 Piae.
1264 3211 1322 3273 pbil.
1337 3214 1382 3268 ΙΙΙ,
1396 3219 1421 3261 15
1436 3227 1443 3260 :
1465 3215 1529 3276 ἀέρος
1540 3216 1668 3276 ὑποδύσει,
1688 3223 1718 3277 aa
1730 3218 1767 3276 μὲν

157 3281 216 3328 sirm
234 3281 274 3337 τὴν
285 3281 354 3343 χιόνα
363 3280 471 3328 ἀντετίθει
482 3280 517 3328 ότι
527 3282 541 3336 ἡ
552 3281 612 3340 χιὼν
622 3279 684 3340 ῦδωρ
696 3279 745 3327 ἐστὶ
757 3279 868 3340 πεπηγός.
879 3281 906 3328 τό
918 3282 942 3328 δὲ
987 3283 1110 3340 πυκνότητι
1118 3282 1294 3343 τῆςέπιρανείας
1304 3282 1539 3346 προσπίπτοντος,τῷ
1547 3284 1567 3331 δ’
1579 3285 1687 3347 έκκρισιν
1697 3287 1770 3334 laicis

155 3352 218 3412 ύάωρ
236 3351 285 3399 ἐστὶ
301 3351 381 3412 μελαν·
397 3351 437 3398 καί
452 3352 467 3407 ἡ
485 3351 543 3413 χιὼν
560 3351 604 3411 ἀρα
615 3349 712 3411 μέλαινά
726 3349 784 3397 ἐστί.
795 3349 899 3398 Galenus
913 3351 943 3398 de
988 3353 1019 3409 μή
1029 3353 1139 3400 δύνασθαι
1149 3350 1228 3414 τρόμῳ
1237 3352 1263 3400 τὸ
1270 3352 1376 3413 περιέχον
1383 3351 1551 3414 κραδαίνοντος.
1561 3353 1709 3416 Ηίρμοίγίιει·
1724 3357 1766 3404 lie·

154 3420 236 3478 stmnt.
250 3421 376 3468 medicam.
389 3422 421 3480 lt,
436 3423 443 3467 l
462 3438 467 3468 ι
479 3419 518 3467 καί
530 3435 588 3473 τινες
599 3421 639 3466 καί
648 3419 687 3467 τάν
698 3418 851 3481 Ἀναξαγόραν
863 3419 942 3467 έπικα-
988 3420 1031 3468 lul.
1043 3422 1134 3469 litotes.
1149 3434 1172 3482 ρ.
1185 3426 1212 3470 15
1223 3422 1345 3482 ισεισμοὺς
1357 3422 1382 3469 δὲ
1397 3423 1499 3481 γίνεσθαι
1508 3427 1550 3469 τοῦ
1560 3423 1647 3470 ἀνωθεν
1661 3424 1728 3485 ἀέρος
1740 3427 1768 3478 εἰς

155 3493 248 3540 λοῦνται
265 3491 368 3554 μάρτυρα
381 3493 432 3554 περὶ
446 3497 485 3548 τῆς
504 3492 595 3553 χιόνος,
610 3489 797 3552 ἀπορηνάμενον,
809 3494 840 3545 ὡς
852 3490 895 3538 ούκ
906 3493 941 3548 εἰη
987 3490 1014 3537 τὸ
1023 3491 1068 3538 ὑπὸ
1081 3496 1123 3550 γῆν
1130 3490 1295 3550 ἐμπίπτοντος·
1307 3492 1390 3539 τούτου
1398 3491 1443 3552 γάρ
1452 3491 1586 3552 κινουμένου
1594 3493 1637 3560 καὶ
1644 3503 1690 3549 την
1700 3494 1768 3555 ὀχου-

154 3561 235 3618 λευκὴ.
251 3563 335 3610 cicero
352 3563 446 3617 Queest.
459 3563 532 3609 Amo.
547 3562 590 3620 lv,
604 3565 634 3608 23
649 3579 655 3609 ι
670 3577 682 3602 ι
695 3562 847 3618 Anaxagoras
861 3559 941 3608 uitem
988 3560 1058 3619 μένην
1067 3565 1110 3620 γῆν
1118 3559 1235 3608 ὑπἀὐτοῦ
1243 3560 1388 3608 σαλεύεσθαι.
1398 3559 1495 3607 aristot.
1505 3561 1603 3608 lteteor.
1613 3560 1644 3618 tt,
1657 3567 1670 3609 7
1685 3575 1692 3608 :
1705 3563 1767 3610 Ἀνα-

155 3632 246 3690 nigram
258 3631 321 3680 dixil
332 3633 470 3691 esso.»lV‚
483 3636 534 3680 31²«
542 3629 680 3692 faciliorque
693 3631 788 3686 erii‚ttl
801 3629 879 3676 albam
890 3643 941 3678 osse
987 3630 1082 3693 ξαγόρας
1102 3629 1144 3692 μέν
1158 3628 1199 3678 οὗν
1217 3647 1272 3690 φησι
1290 3628 1330 3677 τὸν
1348 3629 1427 3692 αἰθέρα
1444 3628 1562 3690 πεφυκότα
1576 3631 1687 3691 φέρεσθαι
1707 3632 1769 3684 mes.

155 3701 234 3750 nivem
250 3702 335 3762 probet
343 3738 351 3763 ,
362 3715 434 3762 quam
448 3702 499 3749 erat
508 3703 660 3762 Anaxagoras
668 3699 710 3763 qui
725 3698 749 3748 id
762 3711 810 3746 non
826 3697 896 3747 modo
909 3698 941 3746 ita
986 3700 1132 3762 ἐμπίπτοντα
1141 3700 1174 3756 εἰς
1183 3700 1212 3747 τὰ
1221 3700 1286 3748 κάτω
1300 3703 1340 3756 τῆς
1350 3704 1392 3758 γῆς
1404 3698 1481 3746 καὶτὰ
1491 3700 1558 3746 κοῖλα
1569 3703 1639 3747 κινεῖν
1651 3699 1734 3755 αὐτ-ἡν·
1743 3699 1770 3747 τὰ

142 3783 209 3820 esse
229 3771 346 3832 negabat,
367 3771 409 3819 sed
430 3769 489 3831 sibi,
507 3770 563 3830 quie
579 3771 651 3818 soiret
667 3783 755 3832 aqttam
767 3770 858 3830 nigram
872 3783 938 3829 osse,
987 3770 1028 3830 μὲν
1037 3771 1081 3832 γὰρ
1091 3770 1140 3818 sivo
1149 3769 1314 3831 ουναληλίρθαι
1326 3768 1409 3816 διὰτοῡ
1417 3767 1513 3828 ὁμόρου,
1523 3767 1572 3814 ἐπεὶ
1581 3768 1770 3828 ρύσειγτττᾱσιιν

157 3840 220 3888 υιιιΙο
232 3840 273 3888 illa
291 3845 400 3888 oonereta
414 3843 492 3899 esset,
504 3838 583 3887 albam
601 3839 678 3900 ipsam
691 3853 744 3888 esse
760 3853 790 3887 no
803 3839 876 3886 νίιίιτί
890 3841 939 3899 qut·
986 3840 1071 3902 ὁμοίως
1080 3839 1139 3887 εἰναι
1152 3839 1253 3900 σομρὴν,
1267 3841 1299 3893 ὡς
1308 3837 1372 3892 ὄντος
1381 3841 1423 3885 τοῦ
1435 3837 1475 3897 μὲν
1490 3837 1554 3896 ἀνω,
1565 3841 1609 3885 τοῦ
1618 3837 1643 3886 tt
1656 3839 1768 3894 κάτωτη,

155 3909 218 3958 rtem.
235 3931 247 3952 ν
263 3913 399 3959 Laclantius
413 3910 492 3959 Diria.
502 3911 632 3964 lastibltl.
645 3915 674 3959 23
690 3923 696 3956 :
714 3930 726 3952 ι
739 3909 803 3966 Quid
817 3909 881 3958 enim
892 3910 938 3958 diei
985 3911 1039 3967 ὅλης
1052 3910 1158 3972 σφαίρας,
1165 3910 1205 3957 καὶ
1217 3911 1266 3957 ἀνω
1274 3909 1314 3970 μὲν
1325 3907 1477 3961 τούτουόντος
1485 3911 1525 3954 τοῦ
1532 3906 1624 3976 μορίου,
1635 3907 1672 3968 ἐρ’
1684 3909 1767 3968 ὑπαγ-

155 3983 233 4039 polest
242 3979 272 4026 do
281 3980 321 4028 illo
331 3980 371 4042 qui
380 3981 470 4040 nigram
478 3980 539 4028 dixit
549 3994 601 4029 esse
609 3981 688 4029 nivern
695 3984 782 4041 ?quam
792 3993 940 4040 oonsoonens
985 3980 1084 4044 χύνσμεν
1092 3982 1219 4038 οἰκοῦντες,
1228 3979 1294 4028 κάτω
1301 3977 1325 4026 δὲ
1335 3975 1482 4038 bissianum
1493 3989 1564 4036 ortem
1574 3976 1655 4025 locum
1665 3978 1766 4028 Aleten·

155 4052 218 4106 erat,
229 4051 256 4097 ut
268 4049 339 4098 etiam
350 4051 425 4112 ρίοοιιι
437 4051 515 4098 albam
528 4063 578 4099 esse
591 4050 689 4098 diceret.
699 4069 711 4091 ν
724 4049 760 4096 ld.
771 4051 818 4106 Vl,
830 4055 843 4098 3
856 4067 862 4098 :
874 4068 884 4090 ν
896 4050 938 4098 Di·
984 4049 1137 4112 dertpluod.
1147 4064 1170 4112 p.
1180 4049 1244 4098 toob
1252 4049 1330 4098 τἘοτι
1339 4047 1363 4096 δὲ
1372 4047 1434 4107 ἡμὲν
1445 4046 1594 4109 Ἀναξαγόραν
1602 4048 1768 4105 &intersito

155 4121 562 4183 scipulosbieiortassesnaasgorte
570 4121 648 4179 inerit,
656 4119 694 4168 oui
703 4119 770 4169 nives
779 4123 938 4169 atrmuentutn
985 4121 1040 4185 φησί
1052 4121 1092 4169 τὸν
1103 4121 1182 4183 αἰθέρα
1190 4119 1309 4180 περνκότα
1316 4120 1422 4181 φέρεσθαι
1430 4117 1492 4179 ἀνω,
1503 4117 1658 4178 ἐμπίπτοντος
1668 4120 1692 4168 δὲ
1703 4120 1768 4173 εἰςτὰ

156 4192 262 4239 1ιιοτιιαί.
280 4209 292 4232 ν
985 4195 1051 4242 κάτω
1063 4197 1103 4249 τὴς
1110 4195 1161 4252 γῆς,
1170 4191 1219 4238 ἀνω
1225 4191 1299 4248 λέγων
1307 4189 1349 4246 τὴν
1357 4187 1486 4248 ἐπιφάνειαν
1494 4185 1529 4248 ἀφ’
1537 4186 1565 4246 al:
1573 4188 1684 4249 οἰκοῦμεν
1696 4193 1767 4250 ἡμεῖς,

187 4261 235 4321 (29)
253 4257 393 4308 Atisiolelos
404 4260 504 4308 ttetoor.
518 4260 539 4316 i,
550 4267 564 4308 8
579 4279 585 4308 ι
598 4262 629 4308 Ol
641 4259 666 4308 iil
676 4260 726 4320 περὶ
738 4256 887 4322 Ἀναξαγόραν
898 4259 938 4306 καὶ
985 4263 1050 4310 κάτω
1061 4261 1085 4309 il
1097 4260 1124 4308 τθ
1136 4260 1182 4307 ὑπὸ
1194 4259 1235 4316 τὴν
1247 4259 1349 4319 γῆν,καί
1361 4257 1450 4314 ίκείνην
1463 4257 1505 4314 τὴν
1523 4256 1669 4318 ἐπιφάνειαν,
1680 4259 1713 4306 ὧν
1727 4261 1766 4314 τὴν

154 4332 299 4393 Δημόκριτον
319 4335 366 4390 φῶς
386 4329 445 4378 εἰναι
464 4330 491 4378 τό
507 4329 568 4390 γάλα
585 4330 692 4390 λέγωσιν
704 4329 795 4392 ἀστρων
806 4337 884 4379 τινῶν·
898 4331 937 4378 τόν
986 4333 1027 4394 μὲν
1038 4330 1072 4392 ἐφ’
1083 4329 1111 4390 ἡς
1123 4331 1189 4391 ἡμεῖς
1202 4329 1312 4389 οἰκοῦμεν
1320 4327 1483 4386 συνσληλίρθαι
1492 4343 1518 4374 τι
1527 4326 1567 4374 διὰ
1576 4331 1618 4375 τοῦ
1631 4327 1718 4389 ὁμόρου
1730 4329 1766 4374 καὶ

154 4402 199 4463 γάρ
211 4402 275 4458 ἣλιον
285 4399 331 4447 ὑπὸ
347 4401 389 4456 τὴν
403 4405 446 4460 γῆν
458 4401 581 4462 φερόμενον
593 4401 637 4464 οὐχ
649 4403 705 4464 θρᾷν
715 4401 765 4450 ἔνια
779 4405 824 4449 τῶν
836 4402 937 4463 ἀστρων.
983 4405 1099 4462 ἡνῶσθαι,
1116 4401 1157 4459 τὴν
1168 4397 1192 4448 δί
1203 4398 1268 4447 κάτω
1277 4399 1368 4460 σομρήν
1383 4413 1409 4445 τε
1420 4397 1478 4445 εἰναι
1495 4396 1535 4444 καί
1552 4399 1656 4458 ἔχουσαν
1673 4399 1765 4452 διατι-ι’,-

154 4472 201 4519 όσα
221 4471 263 4532 μὲν
279 4467 319 4517 οῦν
334 4470 414 4532 ὁρᾶται
429 4469 470 4518 ὑπ’
480 4470 565 4528 αὐτοῦ,
577 4470 667 4518 τούτων
680 4471 721 4532 μὲν
740 4471 767 4518 ού
779 4471 898 4531 μαίνεσθαι
911 4473 938 4520 τὸ
984 4485 1057 4535 ματα·
1073 4475 1152 4520 πᾶσαν
1162 4469 1207 4532 γάρ
1218 4469 1276 4517 εἶναι
1287 4471 1329 4525 τὴν
1342 4473 1385 4528 γῆν
1395 4467 1484 4528 αομρὴν
1495 4467 1628 4528 porevnov
1639 4465 1766 4527 οὑναίθτρτ

153 4545 214 4602 φῶς·
228 4539 359 4588 κωλύεσθαι
372 4539 416 4601 γάρ
436 4541 482 4588 bal
500 4546 547 4587 τῶν
569 4545 611 4588 τοῦ
625 4541 691 4598 ἡλίου
708 4539 817 4588 ἀκτίνων.
834 4542 897 4596 ἀσοις
913 4542 938 4589 δί
982 4542 1023 4590 τὸν
1037 4542 1084 4589 ὑπὸ
1095 4545 1123 4602 τῇ
1135 4545 1165 4602 γῇ
1179 4539 1299 4600 περυκότα
1308 4537 1357 4586 ἀνω
1368 4538 1473 4599 φέρεσθαι
1484 4537 1517 4590 εἰς
1534 4536 1564 4583 τὰ
1579 4537 1638 4598 ὑπὲρ
1654 4539 1727 4596 ἡμᾶς,
1744 4537 1766 4583 ἐν

153 4609 296 4674 ἀντιφράττει
306 4613 358 4668 ἡγῆ
367 4645 374 4670 ,
382 4611 443 4660 ὥστε
455 4611 486 4672 μὴ
494 4609 591 4672 ἀρᾶσθαι
600 4613 646 4660 ὑπὸ
653 4615 694 4660 τοῦ
704 4610 770 4668 ἡλίου
777 4649 783 4668 ,
791 4611 817 4659 τὸ
827 4611 937 4659 τοιούτων
982 4618 1011 4674 τῇ
1024 4613 1100 4672 ἀνόδῳ
1110 4612 1251 4671 ἐμπίπτοντα
1262 4609 1295 4664 είς
1303 4607 1333 4656 τὰ
1343 4609 1410 4654 κοῖλα
1422 4607 1461 4654 καί
1478 4605 1557 4668 σομρά
1567 4612 1610 4662 τῆς
1624 4611 1680 4665 γῆς,
1693 4611 1764 4653 κινεῖν
1779 4633 1781 4638 ·

153 4684 241 4731 οἰκεῖον
252 4687 300 4744 ρῶς
313 4697 383 4738 μασιν
396 4682 491 4729 εἶναιτὸ
503 4681 573 4741 γάλα.
588 4683 627 4731 ct.
640 4680 710 4732 Alex.
725 4681 850 4742 Apltrodis.
866 4681 896 4728 ad
912 4683 934 4730 lt.
983 4683 1113 4741 αὑτήν.καί
1126 4683 1187 4730 adro>
1197 4679 1301 4739 γίνεσθαι
1313 4677 1366 4732 τοῦς
1377 4675 1493 4737 σεισμούς.
1510 4679 1542 4731 ὡς
1552 4679 1624 4733 οὔσης
1635 4677 1660 4724 ὑὲ
1670 4681 1710 4732 τῆς
1726 4681 1766 4733 γῆς

153 4754 170 4802 l.
185 4751 327 4802 l'lularobus
339 4750 368 4798 de
383 4751 467 4799 Placit.
480 4749 537 4809 pltil.
551 4753 584 4799 lll
591 4759 619 4812 ,1
637 4770 643 4801 z
658 4751 807 4813 Ἀναξαγόρας
816 4753 857 4808 τὴν
868 4754 938 4800 σκιὰν
985 4753 1159 4810 πλατείας,καί
1173 4751 1211 4800 διὰ
1225 4755 1296 4798 τοῦτο
1315 4748 1472 4810 έποχονμίίης
1489 4751 1524 4808 τῷ
1541 4747 1687 4808 ὑποκειμένῳ
1704 4747 1765 4806 ἀέρι,

152 4831 192 4882 τῆς
206 4831 248 4886 γῆς
260 4823 322 4873 κατά
335 4828 403 4871 τοῦτο
413 4823 440 4870 τὸ
453 4823 519 4884 μέρος
532 4822 641 4871 ἵστασθαι
653 4827 694 4870 τοῦ
705 4823 816 4885 ούρανοῦ,
826 4823 882 4870 όταν
891 4821 937 4870 ύπό
985 4825 1025 4870 καὶ
1040 4821 1152 4884 μενούσης
1163 4821 1216 4869 ἔνθα
1230 4819 1279 4867 έστί
1288 4855 1295 4878 ,
1305 4819 1366 4880 λέγει
1375 4822 1457 4882 ταῦτα.
1732 4885 1737 4896 1

152 4899 194 4954 τὴν
206 4902 249 4956 γῆν
260 4896 273 4942 ό
285 4897 348 4953 ἥλιος
361 4893 478 4955 γινόμενος
491 4895 522 4955 μν)
533 4895 609 4942 πάντα
623 4891 716 4958 φωτίζῃ.
729 4894 846 4954 Diogenes
859 4896 936 4945 saort.
1016 4895 1065 4952 (32)
1082 4892 1199 4950 Diogenes
1216 4889 1325 4939 bsetlius
1339 4888 1380 4936 lib.
1397 4888 1429 4944 ll,
1442 4893 1476 4936 8:
1497 4886 1534 4966 itti
1546 4891 1587 4942 τῆς
1600 4891 1642 4946 tis
1656 4887 1764 4968 πζῑῖξξῑό

153 4967 195 5017 Ιίίι.
210 4969 242 5027 ll,
253 4971 268 5016 9
280 4986 286 5016 :
302 4967 342 5014 καί
354 4965 393 5012 τὸν
406 4963 515 5024 γαλαξίαν
533 4964 659 5014 ἀνάκλασιν
671 4965 816 5026 εἰναιιρωτὸς
825 4965 937 5023 ἡλιακοῦ,
983 4962 1054 5019 οὔσης
1064 4963 1106 5019 ele
1120 4961 1239 5008 θάλασσαν
1249 4961 1393 5016 ὑποστῆναι,
1406 4955 1585 5016 διατμισθενιων
1595 4956 1640 5004 bad
1649 4970 1689 5002 τον
1700 4956 1765 5042 opp-s

154 5039 187 5099 μὴ
199 5037 415 5099 καταλαμπομένων
428 5039 474 5082 τῶν
488 5035 589 5097 ἄστρων.
605 5037 643 5085 Sic
656 5040 681 5084 el
693 5034 836 5095 Hippolytus
855 5032 935 5082 ttetut.
984 5037 1030 5080 τῶν
1051 5033 1136 5094 ὑγρῶν.
1152 5029 1295 5091 Hippolylus
1310 5027 1390 5076 lieittl.
1406 5027 1499 5075 litotes.
1515 5038 1539 5108 p:
1562 5031 1614 5108 ¹⁵.²
1632 5028 1679 5071 τῶν
1696 5023 1710 5108 ἀ
1729 5039 1765 5069 επι

154 5111 245 5158 litotes.
258 5122 280 5167 μ.
296 5115 322 5157 15
331 5107 369 5156 eti.
381 5106 468 5155 Miller.
483 5105 522 5153 ttbi
534 5119 577 5166 pro
587 5105 830 5168 καταλαμόανομένιον
842 5105 885 5165 leg.
896 5120 938 5152 κα·
983 5108 1027 5163 γῆς
1041 5103 1116 5162 ὑγρῶν
1134 5101 1175 5158 τὴν
1190 5099 1231 5161 μὲν
1245 5099 1365 5146 θάλασσαν
1385 5097 1496 5158 ὑπάρξαι,
1511 5111 1541 5144 τα
1551 5111 1577 5142 τε
1590 5111 1613 5142 ιν
1625 5095 1680 5154 αύτῄ
1691 5093 1764 5140 σάατα

153 5181 347 5243 ταλαμπομένων.
363 5175 549 5238 olympiodorus
562 5179 691 5228 commonl-
705 5177 729 5226 iu
747 5175 818 5226 Arist.
835 5175 935 5224 meloor.
985 5170 1147 5226 statuissem
1157 5169 1290 5218 ὑποστάντα
1299 5168 1372 5223 οὕτως
1381 5167 1512 5226 γεγονέναι,
1523 5163 1618 5213 asiano
1627 5159 1764 5224 τιὺνκαταρ-

1019 3001 1069 3060 (51)
1084 3003 1200 3062 Diogenes
1215 3001 1323 3050 Laertius
1340 3001 1381 3050 lib.
1397 3003 1481 3062 11,s:
1498 3003 1595 3064 ἀνέμους
1611 3004 1720 3063 γίνεσθαι
1737 3007 1769 3054 le·
1843 3005 1844 3046 ζ
