3838 5926
646 400 854 460 esuriturus
880 392 1087 476 terrerum.

79 563 105 603 ts
119 539 199 620 πρῶτ’
213 536 262 618 ἄρ’
275 539 335 596 etot
349 533 446 604 ταύτης
462 529 573 603 διζήσιος
586 521 657 612 εἶργε
669 532 771 610 νόημα·

120 628 201 705 αύτδρ
215 625 299 686 ἔπειτ’
310 623 364 684 ἀπὸ
375 627 422 694 τῆς
433 622 465 692 ἣν
481 620 513 694 δὴ
528 620 615 701 βροτοί
626 620 720 688 εἰδότες
730 620 804 680 οὐδὲν

119 716 262 784 πλάζονται
274 712 404 790 disputet·
418 709 555 789 ἀμηχανίη
568 707 619 788 γὰρ
633 711 660 766 ἐν
674 711 759 768 αὐτῶν

118 804 237 876 στήθεσιν
253 799 332 860 ἰθύνει
346 797 480 875 πλαγκτδν
494 796 559 858 νόον·
575 799 600 855 ol
614 795 641 856 δὲ
654 801 793 878 φορεῦνται

121 892 203 972 torpel
219 893 290 966 ὁμῶς
304 887 396 964 τορλοί
409 910 453 958 τε,
468 884 624 960 τεθηπότες,
638 885 732 962 ι’ίκριτα
747 884 833 963 φῦλα,

78 1004 104 1043 ee
119 973 154 1047 οἷς
169 979 200 1038 τδ
211 979 301 1039 πέλειν
316 975 405 1035 τεκαὶ
419 977 466 1034 οὐκ
480 964 546 1033 εἶναι
559 973 654 1032 ταύτόν
668 972 819 1050 νενόμισται

121 1073 145 1129 κ’
155 1072 184 1128 οὗ
196 1065 302 1126 ταύτόν·
313 1065 418 1124 πόντων
429 1061 641 1141 δὲπαλίντροπός
649 1063 704 1121 ἔστι
714 1061 844 1127 κελτνθος.

123 1307 162 1365 (λλ
173 1303 225 1382 γδιρ
238 1301 342 1379 μήποτε
357 1305 433 1360 τοῦτο
447 1301 510 1380 δαῇς
524 1289 589 1356 εἶναι
600 1297 638 1374 μὴ
649 1296 740 1370 ἰόντα,

121 1387 189 1444 ἀλλὰ
201 1386 235 1444 σὺ
248 1387 323 1454 τῆσδ’
335 1387 378 1463 ἀφ’
387 1387 446 1442 ὁδοῦ
457 1382 569 1450 διζήσιος
582 1375 651 1458 εἶργε
663 1381 762 1455 νόημα,

121 1473 188 1551 μηδέ
201 1475 227 1531 σ’
242 1473 298 1542 ἔθος
310 1471 466 1552 πολύπειρον
479 1467 536 1527 θδδν
550 1465 618 1526 uertit
629 1467 706 1539 τήνδε
719 1465 823 1546 βιόσθω

67 1750 256 1814 proposuerat
281 1739 312 1792 in
333 1738 577 1794 commentatione
603 1735 641 1792 de
669 1735 850 1811 Empedoclis

66 1827 207 1900 prooemio
222 1844 290 1900 pag.
309 1845 358 1898 ²7·

105 1917 139 1970 V.
162 1914 212 1976 45.
229 1911 314 1990 πρῶτ’
327 1911 374 1992 ἄρ’
394 1913 454 1969 ὁδοῦ
472 1910 579 1988 ταύτης)
601 1910 645 1968 lta
657 1932 769 1970 versum
784 1932 850 1968 cor-

67 2004 139 2059 rexit
156 2001 295 2076 Bergkius
311 2002 331 2058 l.
353 2003 373 2060 Ι.
392 2000 555 2076 Simplicius
577 2002 666 2076 legit:
682 1997 787 2079 πρώτης
799 2000 849 2078 γὰρ

68 2087 112 2167 ἀρ’
122 2088 184 2144 ὁδοῦ
200 2085 308 2158 ταύτης.
323 2089 499 2145 Claudicenti
515 2099 606 2144 metro
615 2108 781 2146 succurrere
792 2101 850 2144 stu·

68 2177 194 2232 deerunt
221 2177 422 2233 Fiillebernius
442 2188 472 2232 et
488 2177 658 2232 ,Brundisius
676 2177 767 2247 ejecto
788 2175 851 2232 ruti·

66 2286 131 2334 της,
155 2264 207 2318 sed
226 2282 389 2338 pronomen
411 2264 505 2319 trireme
519 2266 630 2336 nequit.
647 2262 760 2320 Idcirco
778 2268 853 2320 Kar·-

66 2355 172 2406 stenins
181 2354 294 2426 scripsit
306 2352 408 2428 πρῶτον
420 2351 494 2422 τῆσδ’
510 2350 554 2430 ἀφ’
570 2351 645 2422 ὁδοῦ,
657 2361 687 2410 at
699 2354 854 2428 lierglsianu

67 2440 232 2496 emendatio
242 2449 368 2512 prestat.

106 2531 142 2585 V,
157 2527 207 2590 46.
222 2525 405 2606 Parmenides
418 2544 474 2580 non
483 2543 542 2580 esse
556 2527 712 2599 reprobans
723 2528 805 2582 simul
821 2529 855 2584 iis

66 2616 237 2670 adversatur
252 2615 302 2687 qui
317 2631 376 2668 erse
390 2625 418 2668 et
431 2632 486 2667 nou
496 2629 554 2670 esse
567 2613 753 2669 contendunt.

108 2704 140 2758 V.
157 2699 265 2768 47-48.
284 2695 414 2776 δίαρανος,
431 2699 531 2772 biceps,
546 2710 656 2772 apoeta
666 2701 786 2773 ponitur
798 2717 854 2773 pro

66 2809 101 2843 ro
112 2791 165 2861 qui
173 2790 249 2842 inter
259 2786 439 2860 duaseasque
449 2788 593 2861 oppositas
601 2786 853 2874 sententiasl‘raerep

69 2877 194 2933 Dubium
207 2879 275 2932 licet
289 2877 478 2948 interpretari.
492 2908 531 2918 -
546 2877 684 2954 poprium
698 2874 775 2931 edidi
790 2895 854 2931 curn

67 2967 226 3021 Karstenio
239 2982 294 3038 pro
308 2967 454 3041 ροροῦντοιι.

107 3059 141 3112 V.
159 3061 209 3128 49.
231 3051 314 3128 κωφοί
331 3051 402 3122 ὁμῶς
414 3049 506 3128 τυφλοί
518 3071 547 3108 τε
560 3051 696 3106 dicuntur
710 3069 727 3105 a
740 3052 855 3106 Parme·

67 3143 134 3198 uide
148 3141 200 3214 qui
216 3159 276 3194 non
288 3139 427 3194 rationem
440 3139 554 3209 ducem,
565 3137 616 3194 sed
627 3156 760 3193 sensuum
776 3157 855 3193 eom·

68 3240 163 3285 menta
186 3237 355 3302 sequuntur.
380 3225 424 3282 Cf.
444 3246 472 3284 ν.
491 3225 540 3300 515.
556 3255 596 3268 -·
608 3223 721 3303 ἄκριτος,
740 3231 857 3282 rationis

68 3336 182 3390 expers,
201 3321 249 3390 qur·
269 3315 380 3385 judicio
396 3333 451 3368 nou
470 3315 559 3370 valet.
580 3312 623 3369 Cf.
640 3313 797 3371 Gatalrerus
818 3315 854 3370 ad

71 3399 210 3460 tironio.
223 3405 276 3460 lib.
292 3401 320 3458 ll
336 3401 353 3476 S
371 3419 417 3470 17.

108 3496 143 3550 V.
162 3489 209 3547 5⁰.
225 3488 333 3562 'l'angit
347 3507 447 3544 corum
466 3489 613 3544 decretum
627 3491 744 3563 quiesse
760 3502 788 3546 et
801 3509 856 3545 nou

67 3597 128 3633 esse
147 3587 303 3632 statuentes
325 3585 484 3648 utrumque
502 3575 644 3631 diversum
662 3578 747 3633 simul
770 3589 855 3651 atque

66 3666 145 3720 idem
159 3665 314 3722 faciebant.
325 3665 383 3719 Ubi
394 3665 468 3719 enim
481 3666 671 3720 eusnon-enti
684 3667 854 3738 opponitur,

70 3755 185 3808 diversa
197 3745 370 3820 slatuuntnr,
381 3751 432 3806 ubi
448 3751 534 3806 umbo
548 3769 608 3806 esse
619 3753 765 3821 dicuntur,
781 3754 854 3810 idern

69 3841 131 3896 lieri
143 3843 174 3895 in
186 3850 326 3914 promptu
334 3849 386 3896 est.
404 3841 498 3912 Atque
510 3840 566 3894 bec
581 3840 696 3912 quidem
712 3840 855 3912 decretum

70 3947 171 3984 eorum
194 3939 249 3996 est,
273 3927 376 3999 quibus
390 3945 448 3982 esse
469 3926 603 3982 videntur
624 3947 668 3983 res
691 3929 804 3984 caducae
822 3949 856 3985 ar.

70 4017 129 4072 rito
145 4018 296 4089 periture,
308 4034 431 4088 quarum
441 4013 532 4070 modo
547 4026 644 4070 ortum
653 4015 742 4071 modo
756 4019 856 4072 iuteri-

70 4116 130 4159 tuur
145 4105 299 4159 cer-rrimus.
311 4104 492 4176 Quapropter
506 4114 604 4177 postea
617 4123 647 4160 ν.
661 4122 700 4177 99
715 4104 858 4160 connectit

70 4189 204 4268 γίγνεσθαί
213 4212 242 4248 τε
253 4179 512 4260 καίόλλυεθαι,εἶναί
522 4189 604 4247 τεκαὶ
613 4189 679 4250 οὐκί.
691 4194 724 4246 ln
732 4193 857 4248 camdem

69 4285 237 4337 senentiam
245 4281 325 4336 Plato
334 4280 481 4352 delicp.V
490 4297 520 4352 p.
534 4277 857 4356 479,(1ι1ίαίγὰρταῦτοι

70 4365 301 4446 ἐπαμφοτερίζειν,
325 4365 370 4422 καί
399 4361 452 4422 οὔτ’
468 4355 538 4423 εἶναι
562 4363 622 4422 οὔτε
646 4364 683 4440 μὴ
702 4354 769 4422 εἶναι
783 4366 857 4424 οὐδὲν

71 4459 157 4514 αὐτῶν
173 4448 285 4512 δυνατόν
300 4452 404 4530 παγίως
417 4457 518 4524 νοῆται,
530 4451 585 4510 οὔτ’
600 4454 734 4532 ἀμφότερα
744 4452 798 4512 οὔτ’
814 4455 858 4512 ού-

69 4543 184 4620 δέτερον.
605 4551 608 4556 ’

111 4637 145 4688 V.
164 4631 215 4687 52.
228 4633 313 4686 llunc
329 4650 442 4688 versum
454 4633 535 4689 exiis
547 4629 697 4705 quaeapud
711 4631 859 4687 Platonem

71 4721 161 4794 Soph.
174 4739 209 4793 p.
225 4717 297 4788 237,
319 4723 355 4789 A,
372 4729 506 4793 tanquam
520 4717 699 4774 Parmenidis
712 4719 800 4774 verba
810 4738 859 4775 so-

73 4811 135 4864 luto
154 4819 250 4864 metro
276 4808 420 4880 leguntur,
446 4809 571 4864 restituit
596 4805 787 4866 lleindorlius.
812 4811 860 4864 Ait

12 4923 13 4928 ι
71 4907 168 4951 autem
184 4895 267 4949 Plato
282 4911 290 4951 t
303 4891 473 4970 Παρμενίδης
482 4892 508 4950 δὲ
523 4889 652 4968 tuipse.
668 4933 677 4952 .
757 4893 859 4972 ,ἀρχό-

73 4979 188 5056 μενόςτι
201 4979 247 5036 καὶ
261 4977 304 5036 διδ
316 4977 407 5046 τέλους
420 4985 497 5038 τοῦτο
513 4977 729 5058 ἐπεμαρτύρατο,
744 4985 810 5060 πεζῇ
831 5003 859 5038 τε

73 5058 123 5126 dtr
134 5065 262 5124 ἑναίστοτι
271 5065 356 5142 λέγων
371 5065 417 5124 καί
432 5065 499 5142 μετὰ
517 5065 629 5144 μέτρων·

112 5159 154 5216 Ού
164 5153 218 5233 γὰρ
227 5153 331 5232 μήποτε
344 5159 412 5212 τοῦτ’
428 5155 530 5229 οὐδαμῆ
542 5157 642 5234 (φησιν)
660 5144 726 5215 εἶναι
738 5155 775 5232 μὴ
787 5155 859 5228 ὄντα,

113 5242 182 5303 ἀλλὰ
195 5241 227 5301 σύ
242 5243 319 5314 τῆσδ’
337 5244 383 5321 ἄρ’
399 5243 458 5301 ὁδοῦ
474 5242 587 5314 διζήσιος
601 5233 669 5322 ε’ίργε
679 5243 775 5321 νόημα.

884 543 992 592 Primum
1000 542 1031 592 ab
1040 542 1086 592 ista
1095 541 1217 604 querendi
1228 541 1266 591 riu
1278 545 1382 592 merrtem
1396 555 1481 605 crocu

885 629 969 682 deinde
982 643 1039 680 rere
1052 629 1083 678 sb
1095 629 1150 690 ills,
1163 643 1211 692 qus
1223 629 1336 680 urertales
1345 630 1428 693 utique
1437 631 1512 694 ignari

886 720 966 767 errant
976 717 1097 779 ambigue
1110 716 1228 766 limitatio
1240 716 1305 766 euim
1320 718 1344 766 in
1356 731 1440 768 eorum

887 805 1023 866 pectoribus
1032 804 1080 854 lure
1093 804 1149 854 illuc
1159 803 1239 866 dirigit
1249 803 1402 854 nudusntem
1412 808 1573 868 ntentem;itli
1589 810 1669 858 autern

887 893 952 942 surdi
965 893 1084 956 caecique,
1100 895 1237 954 stupentes,
1250 891 1370 942 dementia
1382 894 1459 956 tecle,
1548 895 1671 958 [teruntur

888 979 978 1043 qulbus
987 991 1041 1030 esse
1052 985 1076 1030 et
1087 993 1134 1029 non
1147 993 1199 1030 esse
1211 979 1274 1030 idem
1287 983 1385 1043 putator

888 1071 912 1118 et
921 1081 969 1118 noe
980 1067 1043 1118 idem
1055 1087 1061 1118 τ
1075 1068 1161 1120 liorem
1175 1069 1284 1120 emnium
1295 1076 1418 1131 receptet
1430 1071 1567 1133 retrograda
1577 1075 1612 1121 est
1624 1074 1670 1120 via.

1277 1209 1289 1236 ί

890 1299 943 1346 Non
953 1296 1016 1345 enim
1027 1309 1133 1358 unquam
1150 1297 1194 1345 troc
1205 1296 1327 1359 didiceris,
1340 1311 1394 1346 esse
1405 1310 1460 1358 τινα·
1475 1311 1521 1346 uon
1535 1301 1605 1358 sunt,

891 1385 917 1432 tu
932 1396 988 1433 tero
999 1383 1030 1431 ab
1039 1382 1082 1431 ista
1092 1383 1214 1446 qrraerendi
1230 1385 1268 1432 via
1280 1389 1385 1432 mentem
1397 1398 1487 1443 arere.

892 1485 953 1522 nere
968 1472 994 1521 te
1004 1471 1152 1521 consuetude
1161 1471 1186 1520 in
1197 1473 1242 1521 trae
1254 1473 1391 1535 multiplicis
1402 1473 1508 1523 scientiae
1519 1475 1556 1522 ria
1568 1474 1676 1535 inducet,

896 1735 977 1794 Idem
991 1736 1165 1793 Parmenidis
1176 1737 1290 1794 effatum
1312 1740 1445 1794 citatura
1470 1741 1586 1796 Platone
1604 1742 1676 1797 ibid.

895 1842 925 1896 p.
944 1823 1013 1892 258,
1034 1826 1078 1893 ὓς
1095 1835 1123 1880 et
1143 1823 1294 1880 Aristotele
1305 1827 1428 1900 llletuph.
1444 1829 1525 1898 Xlll,
1542 1847 1558 1883 ο
1575 1849 1605 1903 p.
1622 1833 1676 1900 761

896 1913 928 1970 B.
954 1911 993 1986 (p.
1011 1917 1067 1985 apd
1102 1911 1175 1985 Bra).
1203 1915 1360 1969 EPlatone
1383 1917 1504 1988 sumpsit
1517 1917 1680 1990 Simplicius

897 2001 979 2073 Phys.
1001 2000 1085 2073 Au9,
1111 2017 1142 2068 e;
1161 2000 1208 2066 31,
1229 2017 1260 2068 a;
1279 2001 1329 2070 53,
1350 2003 1379 2057 h.
1400 2003 1560 2060 Heindorfii
1582 2003 1680 2075 conje-

897 2099 1005 2143 cturam
1018 2086 1179 2160 probarunt
1194 2086 1399 2146 Stullbaumius
1413 2103 1441 2147 et
1456 2091 1615 2157 Bellerus,
1629 2095 1680 2163 qui

897 2179 981 2234 etiarn
998 2178 1028 2232 in
1047 2177 1227 2232 Aristotelem
1244 2193 1305 2238 eam
1331 2181 1478 2234 transtulit.
1506 2181 1592 2252 Atqui
1613 2197 1681 2252 prae·

897 2283 990 2340 gressa
1003 2265 1130 2320 Platonis
1140 2266 1229 2320 verba
1239 2267 1306 2343 πεζῇ
1319 2286 1347 2321 τε
1362 2266 1407 2322 καὶ
1429 2265 1495 2336 μετὰ
1507 2263 1608 2342 μέτρων
1621 2268 1682 2322 snr-

899 2364 1004 2409 tasseu
1029 2350 1206 2408 versificandi
1232 2356 1349 2428 negotio
1382 2355 1428 2408 hic
1459 2354 1603 2409 deterrere
1629 2375 1681 2412 rios

899 2441 1013 2498 debent.
1032 2441 1227 2512 Quamobrem
1249 2443 1417 2496 Karstenius
1437 2442 1494 2496 hoc
1521 2441 1630 2497 dictum
1649 2455 1682 2498 ut

897 2529 1022 2606 pedestri
1038 2547 1169 2584 sermone
1190 2531 1378 2602 compositum
1398 2531 1549 2602 separatim
1571 2533 1678 2603 posuit.

898 2619 998 2691 Neque
1009 2627 1104 2671 tumen
1115 2617 1204 2672 ullum
1212 2617 1277 2671 libri
1287 2615 1380 2671 soluta
1392 2617 1521 2672 oratione
1534 2636 1549 2672 a
1565 2619 1680 2675 Parme·
1743 2639 1746 2646 ·

900 2704 967 2759 uide
984 2706 1082 2778 scripti
1103 2705 1180 2779 apud
1203 2715 1313 2760 veteres
1335 2706 1482 2777 vestigium
1506 2716 1556 2762 est.
1581 2707 1682 2780 Itaque

900 2791 1066 2846 Karstenius
1080 2792 1219 2846 existimat
1234 2792 1379 2847 Platonem
1398 2811 1541 2848 sermones
1553 2795 1588 2848 ub
1601 2795 1683 2849 lilea·

900 2879 962 2933 tiete
984 2878 1122 2932 doctrinm
1142 2880 1266 2934 antistite
1286 2880 1408 2947 habitos,
1428 2879 1532 2952 quibus
1551 2880 1682 2935 Socrates

900 2965 1068 3038 interfuerit,
1088 2967 1229 3020 vocabulo
1243 2968 1308 3040 πεζῇ
1326 2965 1505 3040 significasse,
1527 2967 1683 3040 presertim

901 3073 989 3126 quum
999 3074 1034 3109 ne
1040 3066 1133 3128 partes
1142 3055 1258 3127 quidem
1270 3053 1448 3111 Parinenidei
1459 3057 1589 3110 carminis
1600 3073 1684 3128 prosa

902 3145 1032 3198 oratione
1053 3144 1226 3216 conscriptas
1241 3143 1322 3198 fuisse
1334 3144 1470 3200 credibile
1479 3144 1524 3201 sit.
1537 3141 1594 3198 Sed
1604 3143 1685 3215 qnod

901 3231 929 3284 in
943 3230 1122 3286 sennonibus
1136 3229 1251 3284 dicebat
1265 3231 1459 3299 Parmenides,
1475 3229 1506 3284 id
1520 3231 1605 3284 etiem
1620 3249 1684 3285 rer·

901 3320 978 3374 sibus
999 3319 1035 3374 ab
1061 3337 1096 3374 eo
1118 3319 1293 3374 celebratum
1315 3336 1373 3373 esse
1397 3337 1457 3372 nou
1481 3317 1680 3376 dubitaverim.

900 3405 969 3476 Quae
992 3423 1080 3476 quum
1101 3405 1141 3458 ita
1154 3405 1220 3472 sint,
1235 3422 1295 3457 non
1309 3404 1397 3458 credo
1419 3402 1499 3476 quod
1513 3403 1552 3456 ait
1567 3403 1685 3458 Karste⁴

901 3494 975 3564 nius,
986 3492 1118 3567 ,quamvis
1140 3503 1274 3564 sequatur
1292 3509 1389 3545 versus
1407 3487 1475 3545 elli
1494 3485 1525 3544 sb
1545 3488 1623 3557 τῆσδ’
1638 3487 1686 3569 ἄρ’,

901 3580 972 3650 ὁδοῦ,
988 3590 1082 3634 tamen
1094 3596 1127 3634 ea
1140 3596 1202 3651 quae
1215 3577 1378 3651 precedant
1388 3595 1446 3631 non
1463 3593 1521 3631 esse
1541 3576 1684 3632 Parmeni-

901 3669 944 3724 dis
956 3667 1056 3734 verba,
1066 3665 1115 3721 sed
1128 3665 1295 3720 sententiam
1308 3664 1523 3720 Pannenideam
1530 3665 1683 3720 Platonicis

901 3756 994 3810 verbis
1003 3771 1171 3828 expressam.
1184 3755 1348 3825 Utcumque
1357 3753 1481 3807 sehabet
1492 3753 1551 3806 lraec
1563 3771 1617 3821 res,
1627 3751 1685 3807 dii-

902 3839 1060 3896 frcillimum
1074 3838 1189 3895 videtur
1203 3841 1273 3896 certi
1285 3840 1395 3914 aliquid
1405 3851 1537 3907 statuere,
1551 3838 1684 3911 ideoque,

902 3928 969 3986 licet
983 3927 1327 4003 dubitanter,lleindorsai
1336 3925 1529 3998 conjecturam
1539 3927 1685 3982 intextum

901 4020 1069 4092 recepimus.

941 4112 973 4164 V.
988 4106 1082 4163 53-58
1097 4109 1158 4162 init.
1181 4102 1248 4161 etit
1264 4101 1296 4161 ub
1313 4100 1548 4172 τῆσδ’-λείπεται
1562 4103 1685 4175 allegun-

903 4206 977 4251 tura
994 4197 1078 4250 Sexto
1093 4193 1249 4268 Empirico,
1262 4203 1385 4266 utsupra
1394 4191 1598 4246 adnotavimus.
1608 4189 1685 4247 Ver-

903 4301 967 4338 sum
984 4283 1020 4336 53
1036 4283 1104 4336 citat
1118 4280 1202 4336 Pluto
1213 4281 1303 4354 Soplr.
1327 4300 1357 4355 p.
1380 4283 1450 4353 237,
1468 4287 1506 4351 A,
1521 4289 1550 4334 et
1565 4278 1633 4347 258,
1647 4281 1683 4336 D.

903 4370 1064 4443 Simplicius
1083 4371 1168 4442 Phys.
1185 4370 1206 4428 ί.
1227 4387 1273 4440 17,
1290 4387 1323 4440 e;
1343 4368 1406 4436 152,
1424 4369 1455 4424 b.
1476 4371 1577 4422 Versus
1598 4365 1685 4431 54-56

904 4451 973 4529 μηδέ
982 4455 1007 4510 τ’
1017 4452 1220 4532 ἔθος-ἔλεγχον
1231 4456 1312 4511 assert
1321 4457 1461 4530 Diogenes
1472 4455 1565 4522 Laert.
1575 4453 1625 4522 tx,
1635 4473 1684 4510 aa.

904 4545 995 4599 Porro
1009 4561 1107 4599 versus
1123 4543 1260 4614 57-112
1281 4540 1356 4616 μόνος
1370 4543 1392 4596 δ’
1410 4539 1448 4598 ἔτι
1463 4541 1685 4614 pitter-sineri,-

904 4628 948 4687 λδν
964 4628 1064 4688 ύκούονν
1088 4633 1194 4687 omissis
1206 4633 1334 4686 versibus
1355 4629 1447 4702 §po-93
1463 4631 1596 4703 leguntur
1609 4628 1687 4702 apud

905 4721 1081 4795 Simplicium
1103 4719 1183 4792 Phys.
1199 4720 1221 4778 s.
1239 4719 1288 4790 31,
1310 4737 1337 4787 e,
1353 4718 1384 4775 b.
1400 4720 1471 4772 ltcm
1485 4735 1582 4772 versus
1594 4715 1686 4786 57·7o

905 4805 982 4880 μόνος
994 4807 1016 4863 δ’
1028 4803 1066 4862 ἔτι
1079 4809 1156 4880 μῦθος
1162 4805 1339 4883 -χαλόσασα
1349 4805 1459 4881 πέδῃοιν
1471 4805 1547 4877 apud
1555 4803 1687 4859 eumdem

907 4896 926 4950 l.
943 4897 963 4950 l.
980 4896 1000 4952 ι’.
1022 4905 1065 4968 tp,
1079 4912 1105 4963 a,
1118 4905 1146 4950 et
1165 4913 1259 4950 versus
1275 4893 1364 4967 59-61
1383 4893 1490 4948 ibidem
1504 4892 1523 4946 f.
1542 4911 1570 4962 7,
1585 4909 1613 4959 a,
1629 4894 1687 4946 De·-

906 4985 992 5055 nique
1015 4999 1111 5037 versus
1126 4979 1162 5036 58
1187 4993 1215 5036 et
1237 4980 1274 5054 59
1290 4990 1399 5036 exstant
1420 4979 1495 5052 apud
1515 4976 1689 5035 Clementem

905 5072 985 5128 Alex.
1001 5071 1105 5126 Strom.
1122 5074 1144 5126 V
1164 5089 1195 5144 p.
1212 5069 1294 5138 603,
1312 5073 1347 5140 A,
1370 5087 1386 5122 a
1406 5086 1464 5141 quo
1480 5083 1529 5120 eos
1545 5076 1689 5121 mutuatus

906 5170 942 5216 est
957 5159 1090 5214 Eusebius
1102 5160 1190 5231 Praep.
1207 5163 1310 5232 livung.
1327 5158 1398 5210 Xlll
1408 5175 1438 5228 p.
1449 5153 1518 5225 680,
1534 5151 1566 5211 G.

945 5251 977 5305 V.
992 5245 1040 5314 54.
1051 5243 1207 5323 πολύπειρον
1219 5263 1276 5300 non
1286 5243 1377 5300 refero
1388 5241 1424 5297 ad
1434 5240 1499 5311 ἔθος,
1515 5241 1564 5297 sed
1577 5241 1611 5298 ad
1619 5236 1687 5297 iiis.
