3838 5926
259 375 314 428 tlt

258 533 261 542 ·
291 501 418 555 Fuerunt
441 497 492 570 qui
521 494 644 570 pedestri
671 513 787 569 quoque
810 513 940 552 sermone
969 516 1033 552 aum

251 587 356 659 scripta
368 582 496 657 quaedam
505 583 630 656 vulgasse
641 585 837 656 opinarentur.
849 585 920 638 Nam
933 583 1032 640 Suidas

251 671 310 726 baec
323 670 358 727 de
372 688 406 725 eo
417 670 502 726 refert
516 662 656 746 εἜγραψι
667 667 737 726 δὲ...
749 666 794 724 καί
804 667 871 726 άλλα
882 667 942 726 τινίι
954 681 1038 726 κατα·

252 757 376 832 Λογάδην,
388 745 424 812 ὧν
436 754 568 831 μέμνηται
585 755 698 814 Πλάτων
714 757 783 832 (30).
798 759 850 828 Qui
864 775 947 813 error
956 759 1034 814 haud

250 847 310 900 scio
325 863 362 900 an
383 855 461 900 ortus
474 846 537 900 site
549 845 673 900 Platonis
690 846 755 900 loco
770 847 800 900 in
814 846 944 920 Sophiste
958 843 1033 922 (31),

250 932 302 987 ubi
314 933 361 988 ille
376 932 661 1006 l’armenidisplacita
673 951 836 1008 proponens
849 933 918 989 dicit
930 950 938 991 t
948 935 1034 992 Τοῦτο

251 1017 472 1097 άιιιμαρτίρατο,
489 1021 555 1097 πεζῇ
567 1041 595 1076 τε
610 1009 661 1076 doda
677 1020 800 1078 ίαάστοτα
814 1019 954 1096 λέγωνκαὶ
967 1020 1034 1097 μετὰ

251 1106 364 1184 μέτρων.
379 1111 414 1165 ht
429 1109 509 1164 Plato
523 1109 637 1165 videtur
654 1109 720 1187 πιζῇ
738 1109 776 1164 ad
788 1110 950 1183 pedestrem
966 1129 1034 1165 ver-

250 1215 333 1250 suum
348 1197 498 1270 incassum,
512 1193 580 1262 perd
595 1195 696 1272 μέτρων
713 1197 750 1252 ad
766 1198 922 1253 orationem
934 1217 1032 1254 nume·

250 1284 289 1338 ris
302 1285 426 1338 vinctam
438 1284 590 1342 rettulisse.
618 1277 722 1342 Fertur
740 1287 824 1340 etiam
842 1285 1032 1360 fragmentum

250 1372 342 1427 soluta
356 1374 483 1427 oratione
498 1373 688 1445 compositum
702 1373 782 1446 quod
792 1374 952 1447 Simplicius
966 1373 1033 1429 ver·

249 1456 326 1512 sibus
337 1457 530 1529 interjectum,
543 1469 677 1532 tanquam
692 1461 777 1533 ipsius
796 1460 987 1532 Parmenidis,
1005 1479 1034 1516 se

250 1544 407 1618 repperisse
420 1555 546 1602 testatur.
557 1543 613 1600 Sed
622 1545 694 1601 illud
707 1557 840 1622 tanquam
856 1565 872 1601 a
884 1544 1033 1621 Simplicio

250 1632 708 1705 additumprobatdubitasseeum
717 1632 814 1689 deloci
821 1635 898 1690 istius
907 1643 1033 1692 auctore.

250 1718 321 1774 Vide
337 1737 399 1791 quae
414 1717 474 1773 dixi
485 1719 520 1774 ad
532 1721 656 1793 primum
671 1720 895 1794 fragmentorum
909 1722 1034 1776 incerto·

250 1823 327 1863 rum.
350 1807 487 1860 Praeterea
505 1825 596 1861 unum
617 1807 706 1862 modo
732 1807 908 1862 Parmenidis
929 1808 1033 1863 librum

249 1895 307 1948 sive
320 1911 409 1947 unum
422 1911 525 1966 poema
535 1895 671 1949 exstitisse
686 1911 703 1949 a
721 1895 818 1950 multis
833 1895 950 1952 testibus
960 1915 1033 1971 pro-

251 1981 341 2036 ditum
355 1992 396 2036 est
408 1979 478 2056 (32).

289 2065 411 2124 Carmen
424 2068 461 2124 de
473 2080 574 2126 natura
586 2066 667 2149 (Περί
681 2066 790 2148 φύσεως)
806 2071 947 2144 inscripsit
962 2070 1032 2146 (33),

250 2175 310 2211 non
326 2167 381 2211 tam
395 2173 491 2211 rerum
506 2168 635 2213 ortarum
647 2157 861 2214 multitudinem
875 2169 903 2214 et
917 2158 1034 2213 variata·

253 2253 308 2298 tem
330 2244 383 2298 hac
404 2245 595 2317 appellatione
618 2244 819 2319 designandam
840 2254 933 2314 ratus,
959 2243 1035 2319 (licet

250 2348 313 2384 eam
332 2349 448 2404 quoque
470 2329 615 2408 attigerit),
633 2350 719 2404 quam
745 2343 876 2387 naamam
898 2342 1033 2388 aeternam

250 2427 335 2488 atque
344 2417 380 2471 ab
394 2418 471 2471 omui
484 2419 667 2474 concretione
677 2419 797 2473 liberam
810 2421 936 2487 intuitus,
948 2438 1035 2492 quam

251 2505 323 2558 eutis
337 2505 452 2558 nomine
461 2506 575 2558 vocavit
585 2501 656 2580 (34).
667 2506 781 2578 Duplex
793 2516 886 2560 autem
896 2509 1035 2581 poematis

251 2601 449 2664 argumentum
470 2600 525 2661 est,
542 2591 577 2646 de
600 2593 718 2646 veritate
740 2611 773 2648 ae
796 2591 832 2648 de
851 2593 1034 2667 opinionibus

251 2697 300 2734 seu
311 2680 392 2747 visis,
407 2678 485 2734 unde
503 2681 614 2753 antiqui
626 2681 657 2734 ln
676 2680 747 2737 duas
765 2691 860 2754 partes
878 2681 1035 2736 diviserunt

251 2777 280 2842 et
292 2767 412 2841 proprio
423 2777 574 2839 utramque
585 2768 701 2822 nomine
711 2769 904 2842 appellarunt,
915 2767 1032 2823 alteram

249 2851 284 2910 τδι
308 2852 375 2930 πρὸς
400 2850 524 2922 ἀλήθειαν
552 2855 611 2910 sive
634 2853 695 2933 trapi
717 2858 762 2911 τοῦ
784 2857 893 2928 νοητοῦ,
916 2856 1034 2910 alteram

249 2939 283 2998 ab
308 2939 372 3016 πρὸς
398 2936 473 3005 δόξαν
495 2941 553 2996 sive
573 2937 633 3018 περὶ
658 2945 704 2998 τοῦ
727 2943 852 3012 αἰσθητοῦ
872 2943 1033 2998 inscriben-

250 3038 291 3082 tes
305 3025 374 3100 (35).
398 3029 480 3084 Falso
498 3041 592 3084 autem
611 3029 741 3084 nonnulli
760 3029 862 3083 horum
884 3030 1033 3084 titulorum

250 3126 279 3170 et
290 3106 447 3188 argumenti
462 3115 623 3171 diversitate
634 3116 750 3190 decepti
762 3127 899 3192 putarunt
919 3116 1032 3174 Parme·

249 3201 345 3257 nidem
354 3201 427 3257 tluos
434 3204 574 3277 scripsisse
583 3203 672 3258 libros
682 3204 792 3260 interae
803 3203 950 3260 dissimiles
962 3204 1032 3281 (36).

280 3421 330 3486 (30)
341 3425 368 3472 ln
383 3423 494 3472 eamdem
506 3423 648 3472 sententiam
662 3423 768 3473 Eudocia
784 3437 808 3486 p.
829 3427 873 3473 tta
885 3423 924 3473 ed.
942 3424 1034 3475 Villois.

237 3543 246 3557 ,
282 3495 332 3554 (31)
348 3493 415 3543 Plato
428 3494 533 3555 Sophist.
549 3507 572 3556 p.
587 3496 643 3555 2³7,
656 3501 684 3546 A.

281 3564 330 3624 (31)
349 3565 465 3625 Diogenes
481 3565 587 3614 Laertius
602 3569 705 3614 Promm.
722 3571 769 3614 to:
793 3567 838 3614 Καὶ
853 3568 875 3614 ο1
897 3565 938 3628 μὶν
956 3565 1034 3614 αὐτῶν

156 3631 160 3640 ’
250 3630 307 3694 [τῶν
321 3633 461 3698 ριλοσόρων]
479 3637 603 3686 αατελιτιον
615 3638 781 3699 ὑπομνήματα.
797 3641 819 3686 ol
837 3638 857 3686 δ’
867 3638 927 3692 ὅλως
939 3638 967 3685 οὐ
980 3653 1033 3685 συν·

250 3705 381 3768 ίγραψαν..
401 3741 408 3756 .
426 3730 479 3756 ,1.
505 3711 528 3758 ol
550 3708 575 3756 δὲ
595 3708 641 3757 tvo
663 3709 687 3757 ἓν
707 3709 881 3773 συγγράψαντες
904 3709 1033 3770 Μέλισσος,

250 3775 411 3836 Παρμενίδης.
425 3775 591 3840 Ἀναξαγόρας,
602 3780 676 3828 πολλὰ
686 3780 710 3828 dl
722 3781 812 3842 Ζήνων,
820 3780 893 3829 πλείω
903 3779 1033 3841 Ξονοράιτης

246 3845 301 3902 κτλ.
315 3844 381 3896 l'lttlo
393 3849 502 3898 Parthen.
514 3861 539 3910 p.
553 3851 605 3908 123,
625 3853 686 3908 Ml
702 3868 707 3898 :
722 3852 754 3899 Σὺ
766 3851 807 3913 μὲν
819 3851 863 3912 γὰρ
874 3851 898 3900 h
908 3856 956 3906 τοῖς
965 3852 1032 3908 ποιη-

251 3929 322 3976 μασιν
335 3916 358 3964 ἓν
370 3917 412 3976 φὴς
426 3917 483 3964 εἶναι
495 3917 522 3965 τδ
533 3919 713 3976 τᾶν,111111111οτ
728 3933 757 3968 ae
773 3921 952 3981 Theophrastus
969 3921 1032 3981 apud

247 3987 371 4036 haerllom
383 3988 445 4048 lllll,
454 3993 499 4038 55:
511 3989 556 4036 Καὶ
564 3990 702 4051 γὰρέαεῑνον
711 3989 921 4054 [τδνΠαρμινίόην]
934 3991 957 4038 ἐν
967 3991 1033 4039 ἔτεσι

249 4058 291 4107 ror
310 4059 362 4120 napi
384 4057 474 4120 ρύστως
493 4058 563 4119 λόγον
584 4059 715 4120 ἐξενεγκεῖν.
731 4061 841 4110 Clemens
860 4059 1034 4109 Alexandrinus

248 4131 341 4178 Strout.
362 4129 393 4176 V.
412 4141 435 4189 p.
456 4134 510 4188 1153,
522 4130 542 4177 D
552 4149 559 4180 ι
570 4131 717 4190 Παρμενίδης
734 4131 757 4180 ἐν
769 4135 804 4192 τῷ
824 4131 897 4179 αὐτοῦ
911 4131 1033 4191 ποιήματι.

251 4197 387 4258 stmpttctos
397 4197 468 4260 Phys.
484 4199 501 4247 f.
513 4203 578 4260 ³t,a
589 4215 596 4248 1
606 4203 700 4259 Διάτὴν
711 4201 795 4250 σπάνιν
809 4206 851 4250 τοῦ
868 4202 1033 4263 Παρμενιδιίον

251 4267 441 4330 συγγράμματος.
456 4269 576 4318 caeterum
592 4270 714 4331 ποιήματα
727 4273 753 4318 et
769 4271 815 4326 ἐτη
833 4270 897 4330 apud
909 4272 1032 4319 Platonem

250 4341 275 4389 et
283 4339 476 4399 Theophrastum
491 4339 521 4388 de
535 4353 584 4388 uno
596 4339 701 4389 carmine
712 4339 869 4400 aestimantur.

243 4433 247 4439 ·
283 4409 332 4470 (33)
342 4409 522 4469 Theophrastus
533 4409 597 4469 apud
609 4411 729 4459 laertium
740 4411 806 4470 vlll,
822 4416 861 4468 553
873 4411 963 4461 sextus
975 4414 1032 4460 Em-

251 4480 340 4542 piricos
354 4477 412 4527 adr.
426 4479 502 4526 hlath.
512 4480 568 4540 vlt,
581 4483 634 4528 111.
647 4480 693 4528 Sod
704 4479 849 4542 Porphyrius
856 4483 924 4530 Aah.
933 4480 1032 4542 nymph.

251 4553 279 4598 (t.
295 4553 325 4598 13
340 4547 438 4610 ρυσινιδν
451 4552 531 4608 101111
544 4547 630 4598 suidas
639 4552 663 4598 et
673 4548 779 4600 ltodocla
794 4563 817 4610 p.
831 4555 873 4600 331
884 4549 1033 4611 φυσιολογίαν

252 4618 336 4667 eodem
349 4629 429 4666 sensit.

283 4690 332 4749 (31)
349 4687 461 4736 similiter
475 4687 564 4736 Melissi
576 4687 635 4738 liber
644 4688 674 4738 de
689 4693 774 4738 natura
785 4689 837 4738 sive
851 4693 906 4737 rote
920 4687 980 4750 (περὶ
992 4689 1032 4750 φύ-

251 4775 301 4815 οιος
313 4761 327 4816 ἣ
340 4759 390 4819 περὶ
403 4758 489 4819 ἐόντος)
501 4760 629 4821 inscriptus
642 4765 693 4810 etat
708 4765 767 4810 tate
781 4759 902 4821 stmpheio
920 4761 950 4808 de
962 4759 1034 4807 Coelo

243 4829 328 4886 Ι111,1.
343 4833 396 4890 133,
410 4841 432 4878 a.

284 4901 333 4962 (33)
343 4899 469 4949 l’roclusin
478 4903 556 4949 Paroa.
566 4905 594 4951 Τ.
605 4903 636 4963 V,
649 4915 673 4962 p.
684 4904 729 4951 313
738 4913 774 4961 sq.
786 4921 793 4950 .·
805 4901 851 4950 Kal
859 4899 926 4954 αὐτδς
938 4901 1032 4962 Παρμε-

245 4968 314 5026 νίδης
332 4969 362 5018 τά
383 4969 424 5031 μίν
441 4971 498 5031 πρὸς
517 4970 624 5028 άλήθτιαν
643 4971 741 5034 ἔγραψε,
751 4971 781 5020 τά
794 4971 818 5020 δὲ
831 4971 887 5031 πρὸς
901 4969 978 5025 δόξαν.
993 4971 1032 5018 lo.

254 5039 399 5099 Plrlloponus
411 5041 484 5102 Phys.
491 5042 511 5090 1.
527 5041 564 5091 lit.
578 5047 605 5103 Α,
621 5055 644 5105 ρ.
658 5043 768 5106 911113,
782 5055 804 5106 p.
821 5046 846 5091 11
857 5041 896 5091 ed.
913 5039 1029 5090 talanat.

255 5110 393 5171 Simplicius
402 5110 474 5172 Phys.
487 5113 507 5160 t.
519 5110 536 5158 l.
548 5115 571 5170 7,
582 5109 607 5159 b.

288 5187 338 5248 (311)
354 5187 393 5237 Sic
411 5187 561 5238 recentiores.
574 5190 612 5237 lo.
624 5188 745 5238 canorius
759 5188 782 5236 lu
800 5188 957 5250 Theophrasti
975 5191 1031 5238 rtet.

899 361 950 422 DE
971 359 1211 424 Pthttuhtoa.

1079 497 1186 555 Verum
1201 515 1258 552 uno
1273 494 1433 570 eodemque
1447 497 1522 552 lihro
1534 497 1739 572 philosophum
1754 505 1874 554 utram-

1079 603 1134 657 que
1146 585 1284 658 poematis
1296 594 1407 657 partem
1419 583 1601 659 complexum
1613 603 1671 640 esse
1681 603 1717 641 ex
1729 586 1793 658 ejus
1805 587 1874 640 reli-

1079 673 1152 745 quiis
1161 681 1249 748 patet.
1262 673 1364 727 Earum
1374 673 1500 746 partium
1510 673 1609 747 priore
1621 673 1656 728 de
1668 685 1735 729 ente
1751 685 1780 729 et
1792 677 1873 728 veri-

1080 770 1146 829 tate,
1157 760 1314 834 posteriore
1330 759 1461 815 derebus
1473 758 1557 816 fluxis
1567 762 1624 816 sive
1635 761 1670 816 de
1681 761 1787 816 mundi
1803 772 1874 816 ortu

1080 857 1107 903 et
1120 860 1222 904 natura
1236 849 1302 922 agit,
1314 848 1418 903 undea
1434 849 1584 904 Plutarcho
1601 846 1771 922 Ποσμογονία
1781 869 1874 904 voca·

1080 945 1127 988 tur
1146 933 1219 1011 (37).
1238 937 1272 988 ln
1289 935 1387 990 eadem
1401 947 1482 1009 parte
1498 935 1534 990 de
1548 935 1601 991 diis
1619 954 1738 1010 quoque
1752 937 1876 992 videtur

1079 1021 1451 1097 disputassepoetarumque
1459 1024 1497 1079 de
1506 1023 1604 1079 divina
1612 1026 1876 1099 progeniefabulas

1079 1120 1106 1166 et
1126 1122 1286 1166 commenta
1311 1131 1437 1168 narrasse
1459 1123 1545 1186 atque
1566 1113 1748 1186 explicuisse,
1776 1115 1819 1169 ita
1842 1126 1875 1170 ut

1079 1195 1200 1252 deorum
1211 1197 1269 1250 vim
1283 1215 1315 1252 ac
1326 1215 1432 1253 numen
1443 1215 1503 1250 nou
1515 1198 1640 1267 tolleret,
1650 1197 1699 1252 sed
1710 1199 1752 1253 ad
1767 1199 1875 1274 physi-

1080 1299 1127 1338 cas
1137 1285 1260 1339 rationes
1270 1295 1418 1339 revocaret
1429 1282 1497 1359 (38).

1120 1371 1293 1428 Parmenidis
1312 1372 1386 1425 ratio
1417 1388 1450 1425 ae
1478 1370 1625 1443 disciplina
1648 1389 1737 1444 quam
1762 1373 1875 1428 nobilis

1079 1467 1165 1531 atque
1177 1459 1291 1512 illustris
1304 1458 1381 1532 apud
1392 1459 1524 1530 antiquos
1537 1459 1637 1530 fuerit,
1649 1460 1741 1515 multa
1757 1471 1876 1517 exstant

1082 1544 1260 1601 documenta.
1281 1547 1392 1600 Etenim
1409 1545 1493 1617 hujus
1504 1545 1616 1600 dicendi
1632 1565 1718 1620 genus
1739 1549 1875 1604 imitatus

1079 1643 1121 1686 est
1137 1631 1324 1705 Empedocles
1344 1631 1418 1706 (39),
1433 1631 1515 1704 lrtrjus
1529 1633 1661 1707 dogmata
1672 1635 1754 1690 Zeno
1766 1655 1875 1711 magna

1074 1716 1241 1791 'disputandi
1253 1719 1408 1774 subtilitate
1423 1731 1522 1775 contra
1539 1719 1715 1776 adversarios
1738 1723 1875 1780 defendit

1080 1801 1156 1880 ((ο);
1171 1805 1246 1860 hunc
1257 1823 1421 1882 porrorum
1435 1807 1549 1862 Zenone
1564 1817 1596 1862 ut
1609 1825 1657 1862 sua
1673 1820 1758 1864 aetate
1774 1810 1875 1868 claros

1078 1894 1246 1948 memoravit
1268 1895 1446 1948 Democritus
1469 1890 1542 1970 (41),
1569 1894 1645 1950 branc
1676 1898 1766 1952 etiam
1804 1919 1873 1955 cum

1081 1981 1190 2035 caeteris
1208 1981 1336 2036 Eleaticis
1347 1981 1510 2054 frequenter
1519 1981 1740 2054 disputationum
1749 2005 1876 2042 suarum

1078 2069 1225 2124 materiam
1238 2069 1370 2142 sophistae
1384 2080 1559 2138 sumserunt;
1575 2069 1651 2124 hune
1665 2070 1797 2146 denique
1815 2077 1877 2132 hle-

1078 2157 1167 2228 garici
1186 2155 1318 2212 admirati
1338 2168 1420 2226 sunt,
1444 2176 1568 2231 quorum
1582 2161 1714 2233 princeps
1733 2163 1877 2222 Euclides

1079 2243 1251 2298 Parmenidis
1269 2243 1447 2300 dialecticam
1470 2263 1535 2299 cum
1553 2247 1655 2300 momli
1677 2247 1812 2304 Socratis
1832 2253 1876 2306 di·

1078 2330 1195 2404 sciplina
1222 2332 1358 2404 copulare
1383 2333 1504 2387 instituit
1520 2331 1593 2404 (11).
1617 2335 1762 2406 Imprimis
1802 2357 1875 2394 vero

1079 2417 1255 2473 Parmenidis
1277 2419 1486 2495 philosophiam
1511 2420 1660 2474 illustravit
1681 2421 1765 2478 Plato
1791 2445 1876 2498 prae-

1080 2503 1158 2560 claro
1172 2505 1222 2560 illo
1242 2504 1358 2580 dialogo
1382 2524 1440 2579 quo
1455 2505 1513 2578 ejus
1526 2507 1639 2562 laudem
1653 2507 1690 2562 ab
1712 2509 1876 2568 hominum

1082 2589 1226 2646 oblivione
1251 2593 1414 2650 vindicavit.
1444 2594 1541 2665 Quid?
1563 2593 1643 2667 quod
1667 2614 1734 2651 cum
1762 2601 1878 2674 reliqui

1079 2695 1176 2734 omnes
1186 2679 1369 2755 philosophi,
1383 2691 1443 2736 tum
1458 2682 1657 2756 Neoplatonici
1673 2683 1753 2740 hune
1771 2685 1877 2743 dialo-

1078 2787 1144 2842 gum
1158 2768 1335 2837 lectitatum,
1350 2786 1525 2841 quamquam
1537 2787 1637 2824 eurum
1649 2770 1734 2844 culpa
1746 2776 1877 2851 accidit,

1078 2865 1110 2909 ut
1135 2854 1281 2911 Platonica
1308 2873 1373 2910 cum
1398 2856 1588 2911 Parmenideis
1608 2861 1876 2930 permiscerentur.

1079 2945 1218 3001 decorate
1230 2941 1407 3000 Parmenidis
1416 2945 1484 3000 scita
1497 2945 1657 3018 exploravit
1665 2965 1699 3002 ac
1711 2966 1793 3024 saepe
1806 2972 1878 3007 cum

1077 3033 1198 3086 aliorum
1214 3031 1335 3086 decretis
1349 3033 1497 3088 contendit
1516 3035 1694 3110 Aristoteles,
1710 3053 1807 3108 quem
1831 3052 1878 3095 ta-

1077 3137 1143 3174 men
1167 3119 1305 3193 peculiari
1336 3121 1576 3176 commentatione
1597 3122 1673 3178 illius
1696 3122 1877 3182 doctrinam

1076 3206 1209 3262 refutasse
1222 3205 1292 3262 falso
1306 3208 1436 3262 nonnulli
1449 3207 1582 3264 dixerunt
1596 3208 1665 3284 ((3).

1079 3425 1096 3474 f.
1110 3429 1149 3484 11,
1162 3424 1178 3473 b
1189 3441 1195 3473 t
1207 3425 1352 3490 Παρμενίδης
1365 3425 1454 3490 γράψας
1464 3427 1506 3476 δύο
1521 3427 1614 3490 βιὸλία,
1624 3429 1649 3478 ἓν
1659 3429 1722 3478 κατὰ
1730 3431 1774 3486 τὴν
1786 3437 1879 3492 κοινὴν

1078 3497 1154 3554 δόξαν,
1167 3497 1243 3558 Ιταρον
1255 3496 1280 3546 tt
1291 3497 1352 3545 κατὰ
1362 3498 1404 3554 τὴν
1418 3497 1535 3556 ἀλήθειαν.
1547 3498 1584 3547 ct.
1601 3499 1727 3549 Βοονατίοα
1743 3500 1810 3551 adv.
1827 3507 1877 3553 ca·

1080 3564 1154 3612 loma.
1168 3565 1259 3614 Platon.
1273 3566 1380 3622 11,11.1.
1401 3569 1441 3628 31,
1453 3565 1478 3615 b.
1495 3567 1675 3629 ιοοοαίοροτίοα
1692 3569 1722 3619 ad
1739 3571 1833 3624 cicer.
1847 3575 1878 3625 de

1078 3634 1131 3682 Nat.
1138 3633 1205 3682 deor.
1215 3636 1226 3682 1
1237 3648 1261 3696 ρ.
1272 3638 1311 3684 tt.

1109 3704 1158 3766 (37)
1177 3705 1297 3753 Plutarch.
1312 3710 1418 3755 Amator.
1436 3719 1459 3768 p.
1477 3707 1532 3766 tas,
1551 3709 1578 3756 F.

1109 3775 1158 3836 (38)
1176 3774 1244 3824 elato
1260 3778 1343 3837 Symp.
1361 3789 1384 3838 p.
1405 3777 1562 3836 135,01Τὰ
1581 3777 1606 3826 dl
1625 3777 1715 3827 παλαιὰ
1735 3782 1877 3846 πρᾶγματα

1077 3845 1129 3905 περὶ
1142 3845 1221 3906 troiae,
1234 3845 1249 3894 d
1261 3846 1371 3903 Ἠσίοδος
1384 3848 1424 3895 ατί
1436 3847 1582 3910 Παρμενίδης
1595 3848 1712 3908 λέγουσιν.
1724 3852 1877 3906 Macrobius

1078 3913 1192 3965 lusorum
1205 3915 1268 3977 scip.
1288 3917 1368 3976 leap.
1393 3921 1481 3965 reah.
1503 3931 1510 3965 z
1529 3937 1542 3960 a
1562 3917 1707 3979 Pythagoras
1720 3921 1775 3982 lpse
1793 3928 1877 3986 atque

1079 3983 1247 4048 Empedocles,
1259 3987 1412 4036 Parmenides
1425 4000 1523 4048 quoque
1534 3991 1560 4037 et
1574 3990 1708 4039 lleraditur
1720 3993 1755 4040 da
1768 3993 1832 4042 Diis
1843 3997 1877 4043 ta-

1078 4053 1152 4104 bulati
1166 4057 1402 4106 suarattaratae
1416 4057 1445 4104 do
1458 4059 1557 4106 lineam.
1574 4059 1594 4116 1.
1609 4063 1662 4108 ev
1680 4071 1703 4120 p.
1719 4064 1763 4118 39,
1779 4064 1878 4124 ὕμνοις

1077 4126 1254 4187 ρυσιολογιοιοὺς
1266 4126 1288 4175 el
1299 4125 1392 4187 tribuit,
1402 4125 1493 4176 addens
1503 4141 1510 4173 :
1521 4129 1627 4189 Χρῶνται
1638 4129 1662 4176 δὲ
1672 4130 1777 4192 τοιούτῳ
1786 4135 1878 4196 τρόπῳ

1078 4195 1222 4258 Παρμενίδης
1233 4211 1260 4245 τα
1275 4197 1315 4246 καί
1327 4195 1486 4258 Ἐμιτιδονιλῆς
1504 4197 1619 4259 άιιριῦῶς·
1628 4199 1741 4261 κέχρηται
1760 4201 1791 4250 δὲ
1804 4206 1852 4252 atui
1863 4207 1877 4252 d

1078 4265 1177 4314 Πλάτων
1192 4266 1216 4314 dv
1229 4269 1264 4328 τῷ
1275 4265 1380 4328 Φαίδρῳ.
1394 4299 1426 4315 -..
1438 4267 1583 4329 Παρμενίδης
1602 4267 1644 4328 μὲν
1659 4267 1700 4316 οὖν
1717 4270 1760 4317 καί
1778 4269 1877 4334 Ἐμπι-

1077 4335 1160 4394 δονλῆς
1174 4335 1323 4397 ἐξηγοῦνται,
1336 4336 1437 4386 Πλάτων
1448 4337 1469 4384 δ’
1480 4337 1505 4385 ἐν
1522 4337 1674 4400 βραχυτάτοις
1688 4338 1801 4399 &want
1820 4379 1829 4391 .
1844 4381 1851 4393 .
1868 4382 1875 4395 .

1077 4409 1117 4456 καί
1130 4411 1152 4457 ol
1165 4407 1273 4468 ποιηταί,
1290 4407 1323 4455 ὧν
1342 4407 1526 4468 ἐπεμνήσθημεν,
1545 4407 1704 4470 πραγματείας
1717 4408 1779 4465 ὅλας
1799 4417 1877 4464 καθέ-

1077 4479 1150 4527 διντο.
1395 4495 1401 4510 ’

1109 4548 1164 4609 (39)
1177 4547 1295 4609 Diogenes
1305 4545 1345 4595 lib.
1356 4546 1423 4603 lllll,
1434 4551 1472 4594 55.

1108 4621 1158 4678 (1ο)
1176 4619 1243 4668 Plato
1258 4619 1337 4665 Parin.
1353 4630 1377 4677 p.
1392 4618 1486 4676 113,11.

1109 4691 1158 4748 (11)
1175 4691 1242 4750 Diog.
1254 4690 1332 4738 baert.
1344 4689 1435 4746 111,11.

1108 4761 1158 4819 (ta)
1175 4759 1211 4808 lo.
1223 4760 1256 4818 tl,
1270 4758 1477 4808 retroactum
1491 4761 1533 4806 aa
1547 4758 1589 4814 tt,
1603 4760 1641 4806 ta.

1109 4829 1158 4890 (13)
1173 4831 1212 4877 to.
1227 4827 1373 4887 ehttopoous
1385 4827 1454 4888 Phys.
1461 4826 1507 4874 tit
1519 4828 1545 4876 u.
1559 4838 1612 4886 pag.
1624 4829 1638 4874 3
1649 4826 1730 4874 abaci
1742 4827 1768 4876 et
1783 4831 1876 4895 reped-

1076 4900 1129 4962 ρθαι
1142 4899 1206 4961 αὐτῷ
1217 4897 1264 4960 ἰδίη
1276 4898 1364 4960 βιὸλίον
1375 4897 1430 4959 raph:
1444 4897 1486 4954 τὴν
1501 4895 1647 4957 Παρμενίδου
1659 4894 1739 4956 δόξαν,
1750 4899 1824 4950 ὃνῦν
1838 4907 1876 4952 αἱ·

1076 4971 1174 5018 νίττεται
1186 4970 1224 5018 διὰ
1237 4973 1279 5017 τοῦ
1293 4969 1374 5027 eloah,
1389 4970 1428 5016 καὶ
1446 4967 1466 5016 al
1481 4982 1538 5021 τινες
1550 4968 1615 5016 ἄλλοι
1628 4968 1702 5028 ἕτερον
1723 4970 1782 5030 (leg.
1804 4975 1875 5033 itam)

1077 5053 1124 5089 uon
1134 5041 1253 5088 intellecto
1266 5039 1398 5088 aristotelis
1411 5039 1463 5086 loeo
1472 5037 1496 5086 in
1514 5037 1597 5098 Phys,
1616 5039 1636 5094 1,
1648 5041 1663 5086 3
1677 5049 1734 5098 pag.
1748 5047 1811 5092 155.
1825 5047 1855 5091 Ε.
1868 5063 1875 5093 =

1078 5111 1124 5158 Καὶ
1138 5111 1193 5171 πρὸς
1206 5108 1350 5170 Παρμενίδην
1363 5109 1413 5158 hid
1430 5108 1500 5164 αὐτὸς
1517 5107 1600 5168 τρόπος
1619 5111 1668 5156 τῶν
1679 5107 1770 5170 λόγων,
1785 5115 1834 5162 καὶ
1854 5115 1876 5163 τί

1076 5196 1134 5236 τινες
1146 5179 1210 5228 ἄλλοι
1221 5178 1276 5228 hrot
1288 5181 1354 5228 είοιν.
