3708 5916
611 369 650 432 ιιι
671 369 837 434 ananau
858 367 1031 432 canusa.
1311 431 1318 448 ‚
1525 369 1668 424 aaa.
1748 411 1751 418 .

22 497 53 576 ἦς
66 500 110 561 aul
122 499 170 566 τάς
183 495 365 574 δαιμονίας
377 493 482 574 τύχας
500 490 675 569 ἀπονίμισθαι
686 491 798 571 ἀνάγκη·
845 499 914 549 ποιεῖ
928 493 1012 547 ταῦτα
1023 488 1059 556 at<
1073 486 1190 557 ἀλληλα,
1201 485 1231 544 ού
1242 481 1291 556 την
1306 483 1359 542 τῶν
1372 479 1529 562 πασχόντων
1543 481 1621 550 ἀξίαν

23 581 87 649 τίνοι
112 587 141 646 il
164 587 216 658 τλν
239 585 340 660 ίκάστῳ
357 583 565 658 ἀπονεμηθεῖσαν
575 578 665 650 ἀξίαν,
685 579 734 652 τὴν
754 586 799 639 νῦν
844 575 1067 652 ίιιισκεπτόμινα,
1085 570 1153 633 ἀλλά
1164 571 1212 644 cla
1231 573 1330 630 ίαυτῶν
1344 568 1466 640 miravit
1484 568 1532 640 τλν
1545 569 1621 630 νόσον

23 675 166 754 λεγομένην
184 677 319 751 μοῖραν,
344 667 495 748 ι’,ρτημίνην
518 671 564 738 τῆς
575 691 605 728 τι
618 668 739 748 προνοίας
753 672 800 732 τοῦ
844 662 1032 742 θεραπεύοντα,
1045 660 1091 719 καλ
1114 657 1179 726 ύλως
1201 657 1232 717 rb
1247 656 1331 726 ἐνθείς
1350 660 1434 716 αὑτῶν
1449 659 1619 736 πληροῦντα,

24 768 79 822 θεοῦ
98 761 208 830 καὶτῆς
228 760 355 832 κωμικῆς
374 753 491 823 εὐταξίας
507 753 552 812 καί
572 759 618 826 τῆς
640 755 800 835 ἀνθρωπίνης
843 751 941 809 tauta
958 753 1034 810 τοῦτο
1046 755 1131 806 ποιεῖν
1144 746 1202 826 άξῇ.
1242 743 1327 804 Ὥστε
1345 745 1483 824 δυστυχίας
1498 745 1623 824 ἀφορμὴν

24 848 208 928 προαιρέσεως.
263 847 296 904 El
309 843 360 923 γάρ
379 841 416 920 μὴ
431 841 471 913 τίη
486 847 543 900 θοοῦ
561 843 683 920 πρόνοια,
702 847 750 901 οὐκ
768 841 800 900 ἀν
844 827 909 895 εἶναι
927 844 979 904 τοῖς
993 832 1067 916 ξείνοις
1080 833 1135 906 τὴν
1148 832 1277 912 ἡμετέραν
1296 829 1387 912 χρείαν
1408 837 1438 890 ἐκ
1457 835 1508 891 τῶν
1529 854 1619 910 παρα-

26 938 63 1008 είη
78 936 151 1003 τάξις
165 939 193 993 ἀν
210 933 317 1012 κόσμῳ,
337 930 427 1002 ἦνκαὶ
442 931 602 1008 εἱμαρμένην
616 927 648 989 ἀν
663 928 730 989 alitor
748 953 797 996 τις.
842 923 974 1004 τυχόντυιν
996 919 1196 1000 πληρουμένην,
1224 919 1270 980 καί
1296 923 1343 990 τῆς
1375 917 1499 990 δοκούσης
1536 923 1618 978 atro·
1736 949 1738 954 ·

25 1023 248 1095 attipiacum
269 1019 399 1093 similant
419 1017 464 1076 καί
479 1017 562 1098 κρίσις
574 1021 626 1076 τῶν
646 1024 734 1078 κακῶν
754 1019 800 1076 odat
843 1010 902 1090 χίας
930 1012 1016 1086 abacta
1036 1008 1118 1068 filim
1136 1008 1167 1066 'il
1189 1007 1252 1084 παρ’
1265 1009 1342 1080 ἡμῶν
1365 1003 1525 1082 προῦπαθές·
1584 1008 1617 1064 lli

27 1115 56 1172 ἀν
69 1112 177 1188 γίνοιτο·
193 1108 252 1166 ἀλλ’
266 1107 324 1167 οὐδὲ
338 1105 401 1182 τιμὴ
416 1103 461 1164 καί
475 1103 594 1183 ἀποδοχὴ
616 1105 667 1162 τῶν
681 1106 795 1181 ἀγαθῶν.
843 1098 891 1174 μέν
905 1087 950 1156 ούν
963 1095 1061 1174 προίῶν
1077 1093 1178 1172 όλόγος
1198 1094 1245 1152 καὶ
1269 1091 1362 1158 ἄλλους
1380 1092 1529 1171 κρείττονας
1541 1094 1620 1166 ἡμῶν

26 1197 152 1278 Προνοίας
167 1196 196 1254 δέ
211 1195 289 1264 αύσης
302 1197 347 1252 καί
364 1191 476 1268 τάξεως,
494 1189 594 1257 πάντας
607 1187 658 1248 ίθει
679 1189 738 1255 τούς
752 1195 797 1248 νῶν
842 1207 914 1251 τινας
934 1182 1120 1262 ἀντιιαόγαγεν
1143 1178 1224 1245 οὕτως
1243 1177 1444 1258 &walpur-sirau<
1468 1183 1531 1253 ἡμῖν
1554 1177 1620 1258 apic

27 1283 198 1362 γεννωμένους
212 1285 264 1340 τῶν
275 1280 338 1339 ίαιυν
350 1281 453 1354 ἀγαθῶν
465 1276 665 1358 τυγχάνειν,
685 1280 708 1336 al
719 1277 800 1354 μηθίν
847 1269 981 1348 πλήρωσιν
1000 1273 1048 1340 τῆς
1061 1269 1161 1325 ίᾶυτῶϊ
1175 1265 1289 1338 Militi,
1310 1267 1345 1332 ὥς
1359 1271 1435 1340 ἡμεῖς
1452 1273 1505 1332 rol<
1521 1264 1624 1340 ἆλύγῦῑο

27 1369 85 1449 παρ’
96 1371 196 1426 ἑαυτῶν
206 1368 243 1434 εἰς
251 1364 298 1436 τὴν
309 1363 450 1435 ἀνισότητα
456 1363 636 1422 αυνιτέλισαν.
653 1362 801 1423 Φαένονται
845 1355 988 1436 paradysi«
1006 1355 1146 1434 χρώμενοι·
1159 1350 1265 1424 θνητάος
1278 1351 1389 1418 ίιῑίνῦυι
1402 1351 1453 1409 llil
1466 1353 1621 1428 ὅμολθγῑῖν,

29 1454 54 1514 il
72 1457 100 1516 ού
115 1457 168 1512 τῶν
180 1451 247 1510 ίσων
258 1451 438 1530 τυγχάνοντες.
484 1450 570 1519 Δῆλον
585 1439 646 1520 ούν,
664 1451 698 1515 ῶς
712 1447 801 1519 τθοῆς
846 1437 1472 1524 καίραίνισθαιτάαιέιματατῶνάνθριίιπωνείς
1488 1436 1536 1509 τὴν
1553 1438 1621 1499 iuti·
1655 1439 1660 1449 '

29 1536 304 1621 αρααιρέσεωςάνισον,
315 1533 560 1614 θποόληθίντῇτῆς
573 1533 694 1613 προνοίας
706 1533 800 1614 κρίσει,
843 1533 996 1613 νωνχρείαν
1008 1533 1214 1608 ἀναλισκόμενα.
1257 1530 1329 1591 lilii
1346 1529 1427 1606 μηδὲν
1440 1532 1493 1588 τῶν
1509 1531 1561 1608 πρὸ
1574 1532 1620 1589 ἀν·

31 1630 73 1686 oda
85 1629 115 1706 ἐᾷ
131 1625 179 1695 τὴν
202 1620 264 1694 ίσην
279 1623 365 1687 αὐτοῖς
386 1619 563 1696 άπανάμεσθαι
586 1629 722 1698 μοῖραν,
746 1621 801 1698 είγσ
844 1620 948 1701 θρύάου
967 1619 1078 1691 θνητόν,
1103 1615 1206 1696 (lacatii
1225 1616 1271 1676 καί
1293 1616 1369 1683 αὐτὸς
1389 1617 1499 1695 ἔσχατος
1517 1617 1554 1675 ῶν
1567 1619 1620 1675 τῶν

31 1718 76 1772 τῶν
89 1712 151 1790 πρὸς
162 1707 239 1777 ἀξίαν
254 1709 356 1784 ἀνάγκη
376 1707 526 1786 τυγχάνειν.
579 1706 626 1777 Μὴ
650 1708 801 1786 ταραττέτω
849 1708 961 1784 λογικῶν
974 1710 1066 1786 γενῶν,
1081 1706 1127 1765 καί
1139 1704 1182 1764 διὰ
1195 1710 1272 1763 τοῦτο
1283 1705 1410 1770 ἀθάνατος
1424 1706 1459 1772 τίς
1470 1707 1548 1782 σῶμα
1563 1709 1624 1776 θνη·

33 1801 56 1858 ii
70 1807 134 1875 ἡμᾶς
146 1797 177 1856 τό
190 1796 238 1854 καὶ
250 1794 293 1854 inl
307 1793 379 1875 ζῴων
394 1795 510 1871 ἀλόγων,
523 1793 569 1852 καί
584 1797 687 1872 ρυτῶν,
701 1795 748 1853 καὶ
757 1797 802 1854 ai·
844 1796 889 1852 τθν
904 1796 933 1854 ίκ
945 1793 1123 1874 περιστάσεως
1133 1791 1254 1872 ἔρχεται,
1271 1790 1316 1850 καὶ
1329 1789 1447 1868 συγγενίς
1456 1815 1482 1851 τι
1496 1798 1550 1856 τοῖς
1563 1789 1625 1849 ἀλό-

31 1889 139 1944 τῶντῶν
153 1884 269 1963 ἀψύχων
283 1879 330 1952 τὴν
344 1880 426 1952 αὐτὴν
444 1880 596 1956 ἀνωμαλίαν
611 1882 799 1958 ἐπιμαίνεσθαι,
847 1879 1172 1960 γοιςάναλαύύινόργανον
1187 1877 1230 1938 ἐπὶ
1242 1876 1494 1956 γῆςπολιτεύεται,)
1509 1875 1623 1936 αύόίνάν
1720 1907 1721 1912 ’

32 1973 60 2042 ἣν
73 1971 115 2030 καί
128 1969 170 2028 ἐπ’
186 1967 341 2048 ἀνθρώπων.
393 1970 433 2026 ot
454 1967 506 2046 γάρ
530 1965 572 2025 tta
592 1972 669 2025 τοῦτο
688 1964 722 2024 τά
741 1967 800 2026 καθ’
848 1966 928 2039 είητὸ
941 1968 998 2032 ταῖς
1010 1967 1150 2047 ἡμετέραις
1161 1965 1311 2044 δυστυχίαις
1321 1967 1359 2031 εἰς
1371 1961 1419 2044 ιξλν
1433 1966 1527 2023 ίαυτοῶ
1536 1962 1624 2036 θοίνην

34 2063 97 2134 ἡμᾶς
109 2055 272 2135 ἀπρονόητα,
284 2053 336 2131 ιίγι
350 2053 456 2120 ίκτίνοις
469 2059 563 2128 ταῦτα,
579 2057 613 2120 ῶς
625 2051 717 2131 ίτυχε,
730 2077 799 2130 συμ-
848 2055 1072 2134 ἀποχρησόμιιον·
1086 2055 1177 2114 abacia
1199 2052 1257 2110 otta
1277 2050 1310 2110 τὸ
1323 2052 1441 2117 ἀτάκτως
1459 2051 1622 2132 χρησόμενον
1728 2059 1736 2078 ·

35 2144 125 2218 iubat,
137 2142 155 2214 ἢ
168 2142 215 2201 καί
231 2140 385 2200 titulant
399 2139 459 2211 δίκη
478 2139 523 2200 καί
537 2140 627 2220 κρίσις,
643 2142 689 2199 καί
706 2141 801 2218 ἀρετῆς
849 2145 912 2216 ημῖν
932 2140 1064 2221 προθυμίᾳ
1084 2138 1252 2218 πληρώσεως.
1292 2139 1360 2209 Δίκη
1383 2138 1468 2196 τοίνυν
1488 2139 1533 2196 καί
1556 2137 1626 2206 τάξις

36 2230 74 2288 καί
85 2229 175 2293 κακίας
188 2227 357 2305 ίκλογισμοί,
370 2225 428 2286 irtel
437 2225 470 2284 τά
481 2227 539 2284 καθ’
550 2231 620 2303 ἡμᾶς
633 2224 716 2293 ούτοις
729 2225 801 2307 alapi-
849 2231 902 2294 τοῖς
915 2229 967 2308 πρὸ
986 2232 1061 2302 ἡμῶν
1086 2227 1223 2293 ἀθανάτοις
1237 2224 1296 2292 τούς
1315 2225 1388 2303 όρους
1404 2231 1452 2296 τῆς
1464 2226 1524 2306 περὶ
1544 2229 1625 2301 ἡμας,

36 2315 119 2376 aaut.
161 2317 274 2396 Πρῶτον
294 2313 340 2390 μίν
362 2312 413 2392 γάρ
426 2313 460 2371 τὰ
482 2311 570 2393 ἀψυχα
593 2314 672 2379 οθτως
686 2315 800 2372 ίκκιιται
849 2315 1000 2384 διοικήσεως
1011 2319 1160 2391 νομοθετοῖ,
1181 2317 1263 2372 ταῦτα
1281 2318 1449 2392 μηχανᾶσθαι
1469 2311 1531 2390 περί
1550 2317 1625 2386 «ἡμᾶς

36 2401 143 2474 ίιςκοιηλ
152 2401 200 2473 ύλη
212 2409 318 2481 φυτοῖς,
332 2403 376 2458 καί
390 2399 479 2479 ζῴοις,
489 2400 534 2458 καὶ
547 2399 698 2480 ἀνθρώποις·
709 2400 800 2460 ίπιιτα
849 2401 866 2459 ά
879 2401 927 2470 την
938 2423 967 2458 τε
979 2401 1088 2459 ἐνταῦθα
1105 2399 1199 2460 κακίαν
1212 2401 1288 2474 ἡμῶν
1301 2399 1419 2471 ίλαττοῑ,
1436 2397 1482 2458 καλ
1496 2397 1560 2477 πρός
1576 2400 1627 2456 αύ-

36 2489 64 2548 ri
76 2489 139 2569 μιτά
152 2487 227 2568 ζῴοις
240 2487 285 2547 καί
304 2487 448 2565 ἀνθρώποις
465 2484 537 2558 κοινὴ
554 2486 637 2568 τροφὴ
651 2487 797 2566 πρόκειται,
826 2533 829 2566 ,
848 2487 907 2552 τοὺς
920 2485 1082 2566 ίπιστρίρειν
1094 2491 1164 2562 ἡμᾶς
1176 2484 1294 2544 δύναται.
1322 2484 1455 2556 Κῆδονται
1465 2483 1518 2562 γάρ
1532 2487 1625 2561 ἡμῶν,

37 2575 177 2634 :allucii
201 2572 276 2654 ζῴων
293 2572 369 2653 ζῴοις
385 2595 414 2632 τε
431 2574 476 2632 καὶ
491 2572 644 2653 ἀνθρώποις.
685 2575 733 2634 Διὸ
754 2576 799 2632 καί
825 2577 1026 2650 ξῶςονγγινῶν
1039 2573 1211 2659 ἐκπεσόγτων.
1262 2569 1343 2632 Ὅθεν
1359 2571 1437 2638 aalide
1456 2571 1502 2629 καὶ
1520 2569 1626 2647 ripam<

38 2770 172 2842 probitatis
191 2771 302 2824 crintcu
316 2769 478 2834 incurrere,
494 2768 518 2822 ai
538 2767 676 2823 mundum
700 2769 783 2840 provi
851 2769 965 2824 luntatis
982 2767 1217 2842 inaequalitatem,
1235 2767 1420 2842 providentiae
1430 2767 1544 2839 judicio
1558 2767 1627 2822 aub-

40 2856 123 2910 dcntia
140 2874 197 2909 non
210 2857 273 2929 regi
290 2866 340 2911 aut
358 2855 432 2910 male
448 2853 639 2908 administrari
661 2856 800 2908 existime-
846 2854 968 2926 jectam,
984 2855 1096 2911 obstare
1111 2873 1169 2929 quo
1184 2857 1277 2910 minua
1303 2855 1416 2926 aqualia
1430 2856 1469 2910 aia
1493 2873 1554 2909 sors
1575 2855 1629 2908 dis·
1747 2854 1750 2861 '

40 2961 102 2998 mats.
120 2945 179 2998 lloc
199 2961 272 2998 vero
295 2943 372 2998 ider'n
387 2953 428 2996 est
446 2959 479 2998 ac
494 2943 516 2995 si
531 2942 594 3013 quia
608 2951 689 3013 putet
710 2945 799 2997 Deum
849 2943 1003 3016 tribuatur,
1022 2943 1163 3016 siquidem
1187 2959 1236 2998 eoa
1258 2941 1366 2996 meritis
1384 2940 1470 3014 digna
1492 2942 1627 3012 consequi

40 3049 91 3084 non
103 3049 169 3097 erae,
181 3032 226 3084 vel
237 3071 247 3100 ,
258 3032 282 3085 ti
295 3031 345 3099 ait,
356 3030 471 3084 minime
483 3027 649 3099 providere,
664 3029 708 3082 vel
722 3027 801 3083 deni·
849 3047 961 3085 necessa
975 3041 1027 3087 est.
1042 3032 1145 3084 Verum
1161 3047 1199 3084 ne
1215 3047 1268 3084 nos
1279 3028 1309 3084 id
1321 3027 1489 3094 conturbet,
1506 3027 1585 3100 quod
1598 3029 1628 3080 iu
1646 3088 1650 3098 Ι

42 3120 133 3188 que,si
146 3117 305 3191 provideat,
318 3117 426 3171 bonum
437 3115 576 3185 etjuatum
586 3133 643 3169 non
653 3133 727 3184 osaea
741 3134 803 3188 quae
848 3113 942 3168 brutis
955 3132 1069 3188 quoquc
1083 3115 1252 3170 animalibus
1267 3125 1295 3168 ct
1307 3114 1410 3187 plantis
1423 3122 1452 3166 et
1462 3113 1528 3185 ipsis
1543 3114 1628 3167 etiam

43 3205 144 3274 quidem
156 3207 267 3260 nullum
277 3221 335 3258 non
347 3204 497 3278 impietatis
508 3221 595 3275 genus
608 3203 802 3276 complectun·
849 3203 980 3258 inanimis
992 3203 1089 3258 eadam
1103 3203 1208 3276 quaein
1223 3200 1387 3256 bominibus
1402 3210 1538 3274 appareat
1554 3201 1627 3254 irue-

43 3300 89 3360 tur,
111 3309 229 3365 eumque
250 3293 297 3347 cui
320 3293 388 3346 talea
410 3289 573 3346 insederunt
595 3291 742 3362 opiniones
766 3291 803 3346 ad
849 3290 977 3362 qualitas.
1001 3292 1067 3345 Nou
1088 3291 1167 3344 euim
1190 3289 1257 3344 ideo
1272 3307 1316 3342 res
1335 3297 1436 3342 nostrat
1453 3288 1512 3340 sinc
1527 3287 1628 3359 provi·

45 3378 162 3447 qualibet
177 3379 284 3433 scelera
298 3379 457 3452 impellunt.
479 3379 518 3432 Ut
531 3378 605 3432 enim
624 3377 714 3449 pietas
737 3395 804 3452 erga
850 3377 945 3432 dentia
959 3377 1166 3452 gubernantur,
1185 3379 1252 3450 quia
1267 3377 1321 3430 illis
1338 3376 1398 3429 lucc
1423 3374 1540 3428 fortuito
1555 3392 1629 3428 con-

45 3463 123 3516 Deam
146 3464 283 3518 uirtutum
305 3475 397 3520 mater
414 3463 574 3537 apparuit:
605 3463 643 3518 ita
671 3464 803 3518 vitiorum
851 3464 978 3538 tingunt3
1001 3467 1189 3537 nequeatiam
1215 3465 1245 3518 iu
1266 3461 1322 3518 illis
1339 3461 1384 3534 jus
1398 3472 1426 3517 et
1437 3461 1576 3532 judicium
1599 3474 1628 3518 et

45 3549 155 3604 omnium
169 3550 226 3605 dux
247 3551 360 3623 piatatis
372 3550 493 3606 desertio
517 3551 698 3606 cst‘iiorum
718 3537 804 3623 igitur
850 3551 961 3606 virtutis
984 3553 1102 3625 vitiique
1128 3553 1252 3606 rationes
1278 3551 1391 3618 valent,
1421 3550 1557 3622 quoniam
1583 3565 1629 3606 res

45 3633 194 3690 medicinam
208 3638 235 3692 ia
256 3637 331 3692 solua
344 3637 482 3691 invenerit
501 3637 598 3708 quiea
612 3635 712 3691 leniter
732 3637 804 3692 serre
848 3647 950 3692 τιυιῑτοε
963 3638 998 3694 ad
1011 3655 1140 3692 normam
1153 3639 1228 3692 illam
1239 3638 1400 3711 eriguntur.
1417 3637 1541 3690 Primum
1552 3637 1629 3691 enim

47 3717 171 3779 didicerit.
191 3723 223 3780 ld
243 3735 336 3778 autem
349 3741 402 3796 per
414 3723 621 3796 philosophiam
634 3723 721 3777 solam
743 3723 804 3778 eiii-
849 3722 975 3776 inanima
990 3723 1029 3778 ita
1051 3724 1082 3777 iu
1096 3723 1192 3778 medio
1215 3723 1308 3796 posita
1321 3731 1403 3791 sunt,
1418 3730 1450 3775 ut
1470 3724 1628 3778 communia

47 3805 118 3876 titur,
138 3827 198 3880 quaa
218 3827 316 3866 rerum
337 3811 464 3864 omnium
486 3819 599 3864 naturas
623 3811 804 3884 actionesque
851 3809 967 3864 materia
988 3809 1092 3882 plantis
1107 3819 1135 3865 et
1154 3809 1249 3864 bestiis
1273 3818 1302 3864 et
1325 3806 1502 3875 bominibus}
1525 3807 1629 3864 deiude

48 3905 130 3946 cauam
146 3896 253 3950 naturis
267 3905 467 3950 consentaneas
479 3908 609 3950 accurate
627 3899 721 3963 novit,
734 3916 804 3970 qua·
849 3895 951 3968 plautae
969 3897 1062 3951 bestiis
1084 3907 1113 3952 et
1136 3897 1298 3954 homiuibus
1320 3907 1454 3967 tanquam
1478 3914 1629 3954 commune

48 3989 101 4028 rura
119 3979 199 4034 series
217 3991 247 4035 et
263 3979 339 4036 ordo
356 3990 397 4035 est
418 3981 465 4036 illa
482 3983 670 4036 universitatis
682 3983 803 4039 admini·
851 3983 1015 4038 alimentum
1030 3984 1149 4052 cedunt,
1163 3985 1233 4056 quin
1253 3995 1282 4039 et
1299 3983 1393 4038 bestiae
1408 3985 1551 4038 nonnullae
1572 3985 1626 4040 bo-

48 4063 230 4138 stratio,aqua
239 4077 267 4121 at
277 4069 385 4122 dicium
388 4065 523 4137 fontanas
533 4067 684 4140 dispensari
693 4087 805 4126 necesse
851 4071 910 4126 atiis
931 4081 1017 4143 atqua
1030 4072 1203 4129 hominibus.
1219 4073 1400 4144 Quapropter
1415 4070 1470 4124 boc
1494 4069 1582 4126 modo
1600 4089 1631 4128 aa

49 4157 97 4212 ast:
108 4167 180 4205 auam
196 4171 264 4208 vero
277 4156 380 4228 cuique
392 4173 446 4228 pro
462 4155 567 4210 meritis
579 4155 713 4210 tributam
727 4175 805 4212 mer·
852 4159 972 4213 invicem
986 4168 1123 4227 tractant,
1140 4177 1198 4214 non
1212 4158 1343 4232 spectatis
1355 4175 1454 4212 eorum
1468 4158 1570 4229 quibus
1580 4175 1630 4214 noa

49 4232 131 4289 cedcut
141 4251 239 4295 sortem
256 4259 315 4297 esre
335 4242 458 4314 quaebic
476 4254 604 4313 vocatur,
623 4262 684 4316 quac
698 4263 731 4300 ex
753 4248 805 4301 Dei
853 4246 1052 4314 centmcritis,
1074 4245 1123 4300 sed
1145 4257 1177 4300 ut
1193 4246 1295 4301 samem
1320 4261 1400 4300 auam
1423 4244 1567 4327 depellant
1585 4247 1630 4302 rel

50 4322 210 4388 providentia
230 4338 260 4382 ct
278 4340 356 4384 racto
378 4327 477 4384 mnudi
492 4327 594 4383 ordine
608 4340 693 4401 atquc
708 4331 806 4386 bomi—
852 4331 985 4386 morbum
997 4343 1113 4399 curent,
1130 4341 1216 4403 atquc
1228 4332 1345 4386 omnino
1357 4341 1390 4385 ut
1404 4347 1483 4388 auant
1494 4333 1629 4404 inopiam,

50 4411 255 4468 numvoluutate
278 4415 393 4487 pendet.
420 4417 447 4470 Si
471 4415 546 4469 enirn
569 4417 646 4469 nulla
662 4427 732 4470 esset
752 4418 804 4472 Dei
852 4418 1042 4492 undecunque
1055 4419 1358 4489 liceat,levcnt;adao
1373 4429 1405 4473 ut
1421 4417 1518 4474 bestiis
1538 4418 1631 4473 infeli-

49 4495 228 4568 providencia,
243 4500 337 4556 nullus
354 4501 428 4556 soret
450 4503 479 4554 in
492 4500 600 4555 mundo
622 4501 711 4570 ordo,
727 4503 805 4574 quod
853 4507 945 4561 citatis
958 4508 1071 4563 occasio
1086 4507 1121 4562 sit
1143 4518 1237 4561 nostra
1251 4507 1422 4581 indigentia,
1437 4524 1499 4578 quae
1513 4521 1531 4560 c·
1546 4507 1631 4561 rebus

51 4577 163 4636 etiatum
177 4589 237 4656 quis
250 4588 379 4660 appellet.
394 4587 424 4644 Si
436 4607 504 4642 vero
516 4589 574 4642 baec
587 4588 727 4658 abessent,
742 4591 806 4644 nul·
853 4592 926 4647 forte
951 4594 1041 4648 obviis
1061 4593 1202 4666 expletur,
1225 4603 1310 4666 atque
1336 4592 1473 4647 felicitatis
1500 4608 1556 4663 qua
1572 4593 1630 4650 frui

51 4659 100 4716 lum
113 4667 183 4724 iuret
193 4671 236 4743 joa
249 4685 278 4728 at
301 4674 338 4730 de
350 4676 492 4732 sceleratis
503 4674 662 4750 judicium,
681 4677 741 4730 imo
753 4696 806 4734 nec
852 4679 984 4734 ridentur
998 4697 1082 4735 causa
1095 4681 1132 4734 sit
1145 4691 1246 4735 nostra
1259 4697 1324 4754 erga
1337 4695 1384 4734 aaa
1395 4675 1520 4734 affectio.
1533 4675 1562 4732 Si
1578 4680 1628 4753 igi·

52 4743 174 4809 bouorum
189 4761 336 4832 prumiam
356 4771 383 4816 et
397 4763 607 4836 comprobatio.
625 4765 725 4818 Positis
736 4783 805 4821 vero
853 4774 900 4820 tur
929 4781 1078 4839 progressa
1097 4766 1190 4820 oratio
1210 4776 1238 4820 et
1261 4765 1331 4820 alios
1350 4763 1488 4836 quosdam
1509 4765 1629 4820 vicissim

51 4840 209 4901 providentia
230 4858 316 4921 atquc
336 4847 456 4917 ordine,
482 4851 612 4923 oportuit
634 4869 731 4906 omnes
747 4851 804 4923 jam
852 4852 934 4908 nobis
948 4854 1155 4926 praestantiores
1169 4853 1340 4919 induxisset,
1359 4852 1407 4924 qui
1422 4849 1506 4904 nobis
1527 4852 1630 4907 codem

53 4930 119 5014 patos
139 4935 288 5002 aequalibus
311 4936 367 4990 frui
393 4937 488 5004 bonis,
513 4938 534 4991 si
555 4938 625 4992 nibil
647 4939 748 4994 desuo
768 4941 805 4994 ad
852 4939 940 4995 modo
955 4939 991 4994 ad
1005 4940 1152 4995 levandam
1168 4941 1294 5014 inopiam
1305 4955 1384 4995 suam
1399 4949 1555 5018 uterentur,
1570 4959 1629 5014 quo

51 5017 245 5082 inequalitatem
271 5025 464 5081 contulissent.
490 5029 617 5099 Apparet
638 5039 732 5082 autern
757 5047 805 5084 eoa
852 5045 904 5082 noa
924 5027 983 5082 iere
1001 5027 1092 5082 brutia
1114 5028 1279 5083 animalibus
1298 5025 1420 5098 utimur,
1435 5028 1568 5082 mortales
1581 5045 1631 5084 eoa

55 5100 154 5165 aqualia
163 5121 219 5163 nou
231 5113 570 5185 consequi.'blaniiesuuu
584 5115 739 5188 igiturest,
752 5135 803 5171 νο·
852 5117 1060 5174 mutandum
1069 5118 1352 5192 iorctbnminumque
1359 5131 1482 5190 corpora
1492 5115 1631 5176 incorum
