3690 5924
520 731 611 840 DE
658 733 992 846 MELISSO.

625 955 903 988 ,ψ-

21 1075 128 1128 Πτίίτοιιο
155 1071 204 1144 (ι),
234 1073 374 1146 Ithagenis
401 1071 488 1139 filius,
515 1076 622 1129 Samius
650 1095 734 1150 quem
781 1083 977 1154 actionemque
1004 1079 1147 1138 traductus
1176 1085 1283 1141 civibus
1310 1090 1358 1158 qui
1380 1099 1460 1144 antea
1487 1107 1553 1144 eum

6 1161 156 1234 palladorus
173 1159 249 1232 apud
275 1157 429 1236 Diogenem
452 1161 526 1216 circa
540 1161 734 1236 Olympiadem
782 1165 936 1222 dilexerant
959 1168 1096 1239 majorem
1118 1172 1200 1225 etiam
1215 1172 1256 1225 sui
1278 1171 1494 1230 admirationem
1508 1179 1552 1230 iu-

6 1247 163 1320 rtogesimam
178 1256 308 1317 quartam
324 1244 450 1300 floruisse
467 1257 590 1318 testdur,
605 1251 642 1304 ita
659 1250 735 1305 litte·
778 1253 854 1324 jecit.
1374 1249 1380 1262 ’

6 1353 64 1388 arum
79 1333 168 1387 studia
186 1351 252 1386 cum
267 1351 411 1386 armorum
433 1336 599 1390 tractatione
619 1338 736 1409 copula·
821 1334 916 1386 Unum
930 1336 1089 1406 composuit
1108 1334 1212 1388 librum
1236 1334 1355 1390 dialecto
1370 1339 1467 1392 Ionica
1487 1335 1552 1411 Μερλ

8 1423 34 1486 it,
45 1429 70 1471 nt
80 1429 131 1472 tam
145 1419 314 1472 eruditionis
327 1431 355 1473 et
367 1419 501 1474 doctrinas
514 1422 604 1494 gloria
617 1423 732 1477 excelle·
780 1421 825 1472 τοῦ
840 1417 924 1481 ἐόντος
936 1415 974 1487 (tl
988 1421 1032 1474 vel
1049 1417 1113 1495 Περὶ
1127 1418 1215 1496 trimo<
1225 1421 1262 1495 (3)
1275 1463 1282 1490 ‚
1294 1424 1338 1477 vel
1351 1434 1382 1476 ut
1396 1425 1442 1478 alli
1455 1426 1554 1479 v⁰lunt

6 1519 24 1562 et
35 1525 105 1577 quam
118 1506 225 1560 bellicis
246 1506 376 1560 laudibus
390 1516 543 1579 prostaret.
568 1507 737 1563 Adolescens
782 1507 824 1558 De
836 1518 898 1559 ente
911 1519 939 1560 et
950 1519 1051 1560 natura
1062 1509 1235 1580 inscriptum.
1250 1511 1282 1562 ln
1295 1527 1352 1582 quo
1364 1523 1478 1583 apparet
1490 1531 1552 1565 eum

6 1592 167 1660 'amrenidem
185 1588 315 1646 Eleaticae
326 1593 427 1646 scholae
441 1594 616 1665 principem,
630 1595 736 1649 audivit
781 1612 839 1646 non
849 1595 935 1666 egisse
948 1593 983 1648 de
995 1592 1105 1648 infinita
1119 1613 1217 1648 eorum
1237 1614 1298 1666 quae
1314 1606 1389 1663 orta,
1407 1608 1551 1668 generata,

6 1683 91 1749 ¹liosquc
103 1680 177 1732 riros
189 1679 342 1750 primarios
357 1679 498 1731 convenit.
513 1681 583 1733 Nam
598 1697 662 1735 cum
678 1682 736 1734 lle-
781 1691 911 1735 concreta
925 1691 989 1736 sunt
1009 1682 1090 1753 copia
1109 1691 1137 1734 et
1155 1682 1306 1749 varietate,
1329 1682 1379 1736 sed
1401 1682 1436 1737 de
1453 1695 1553 1740 natura

6 1768 67 1820 atlito
78 1766 153 1818 etiam
162 1766 366 1818 commercium
377 1764 503 1818 habuisse
513 1784 634 1838 eumque
644 1766 736 1840 Ephe·
782 1777 882 1820 aeterna
897 1785 980 1839 quam
996 1767 1031 1820 ah
1047 1769 1124 1821 omni
1143 1769 1323 1822 concretione
1337 1770 1448 1822 mortali
1460 1787 1554 1842 segre-

6 1853 29 1904 iis
38 1850 230 1905 commendasse
245 1852 345 1908 fertur.
368 1852 465 1904 Postea
488 1853 632 1922 quumrir
650 1853 736 1906 civilis
781 1864 873 1928 gatam
899 1860 971 1908 entis
991 1856 1119 1920 nomine,
1145 1853 1340 1908 Parmenidem
1360 1865 1470 1909 secutus
1495 1857 1547 1925 (ἔγ),

6 1950 15 1990 t
29 1937 191 2008 popularibus
215 1939 275 1990 suis
291 1949 385 2010 gratus
405 1946 489 2004 esset,
516 1937 553 1992 ad
575 1939 735 2011 reipublicae
780 1940 882 1998 assecit.
899 1940 986 2011 llujus
1007 1941 1073 1994 libri
1091 1940 1173 2012 plura
1187 1940 1346 2011 Simplicius
1356 1943 1476 1994 servavit
1496 1941 1552 1996 lra-

6 2041 66 2076 uram
79 2021 201 2075 admotus
212 2023 355 2096 egregiam
365 2024 393 2075 in
408 2023 484 2076 bello
496 2027 591 2096 patriae
602 2043 656 2078 suae
669 2041 735 2096 ope·
781 2031 892 2096 grnema
903 2045 963 2097 quae
976 2025 1049 2080 infra
1059 2043 1207 2096 exponam.
1216 2024 1294 2079 ldem
1308 2043 1378 2096 opus
1392 2035 1552 2097 spectarunt

6 2127 38 2162 aar
58 2111 167 2164 navarit.
205 2111 324 2163 Constat
357 2118 450 2162 autem
477 2109 553 2164 bello
578 2111 736 2165 Samiorum
781 2113 860 2165 Plato
882 2111 920 2186 (5)
936 2113 965 2164 in
984 2113 1125 2166 Tlreaeteto
1140 2129 1204 2184 pag.
1224 2110 1277 2164 180
1293 2112 1330 2178 E,
1349 2123 1377 2164 ct
1394 2112 1552 2166 Aristoteles

6 2195 142 2248 ltlrenicnses
162 2213 289 2266 quorum
306 2195 390 2248 rebus
408 2205 467 2248 tum
485 2206 603 2267 praeerat
617 2196 737 2250 Pericles
783 2196 810 2247 in
830 2196 974 2250 volumine
997 2195 1032 2250 de
1051 2197 1215 2268 sophisticis
1238 2195 1366 2251 Elenchis
1386 2194 1444 2270 (6),
1463 2216 1552 2270 porro

6 2281 93 2333 isaniis
103 2281 198 2334 Melissi
214 2281 306 2334 (luctu
318 2291 345 2334 et
359 2282 488 2352 auspiciis
502 2278 616 2336 duobus
630 2281 735 2334 navali·
782 2281 966 2353 Physicorum
978 2282 1028 2338 lib.
1041 2285 1062 2350 1,
1081 2302 1098 2337 a
1113 2293 1140 2338 et
1152 2282 1180 2355 3,
1195 2301 1247 2337 nec
1261 2303 1321 2336 non
1341 2285 1372 2337 in
1383 2283 1552 2356 disputatio-

6 2385 32 2418 rus
42 2369 130 2438 preliis
142 2367 313 2441 Olympiade
325 2368 493 2439 octogesima
509 2368 605 2439 quinta
617 2384 735 2439 supera-
780 2367 863 2420 nibus
883 2367 918 2420 de
942 2369 1066 2436 Melisso,
1086 2369 1263 2440 Xenophane
1284 2379 1312 2422 et
1335 2370 1439 2442 Gorgia
1469 2382 1554 2442 atque

6 2470 28 2506 rs
43 2472 96 2506 esse.
112 2455 154 2508 Sic
175 2471 190 2506 a
211 2471 312 2506 rerum
335 2453 573 2523 contemplatione
599 2452 635 2506 ad
656 2470 734 2504 usum
781 2453 858 2508 alibi.
874 2453 971 2524 Neque
993 2453 1111 2508 dubium
1129 2455 1198 2526 quin
1216 2455 1405 2527 Hippocrates
1427 2451 1479 2530 (7),
1495 2453 1552 2509 l‘a-

20 2691 44 2746 tt)
54 2689 152 2746 olorense
166 2689 276 2738 laerllus
287 2689 328 2737 lib.
346 2691 387 2748 lll,
403 2693 432 2737 at
448 2689 581 2742 τΜελισσος
594 2687 734 2748 Ἰθαγένους.
793 2695 798 2704 “
815 2689 847 2747 (ὁ)
864 2687 932 2736 Plelo
945 2688 1035 2736 Tlretrl.
1048 2701 1101 2748 pau.
1115 2691 1185 2737 18οΕ
1201 2701 1208 2730 ²
1224 2686 1318 2745 ’ολίγου
1328 2689 1352 2737 δέ
1366 2689 1554 2752 έπελοιθόμην,εἶι

6 2757 142 2816 Μνιος.ούτος
157 2759 245 2816 ἢκουσε
261 2759 415 2818 Παρμενίδου·
430 2759 540 2806 ἀλλὰκαὶ
557 2761 588 2812 τίς
604 2756 734 2818 λόγουςὴλ-
783 2758 900 2818 θεοδωρτ,
922 2757 957 2804 ὅτι
981 2758 1045 2804 οἰλλοι
1058 2756 1088 2805 αὗ
1103 2757 1214 2804 τάναντία
1231 2758 1320 2811 τούτοις
1339 2759 1553 2818 &captivaremur

6 2827 167 2888 ινῊραιλείτῳ,
187 2828 225 2875 δτι
246 2829 288 2874 καλ
313 2829 453 2884 συνέστησεν
472 2829 541 2875 αύτδν
560 2833 608 2882 τοῖς
622 2826 734 2886 Ἐφεσίοις
781 2825 887 2881 ἀκίνητον
902 2825 1104 2886 τελέθεινῷπύντ’
1117 2824 1182 2885 ὄνομ’
1196 2825 1390 2882 είναι,καὶο“ιλλα
1407 2828 1453 2874 ὅσα
1469 2829 1554 2875 Μέλισ-

6 2895 197 2957 ίγνοούσι.....γε’γονε
206 2897 230 2944 δέ
239 2898 283 2944 καί
295 2897 410 2950 πολιτικὸς
420 2895 485 2956 ἀνήρ,
495 2899 534 2944 καὶ
547 2897 663 2958 ἀποδοχῆς
674 2896 735 2956 παρὰ
781 2893 819 2942 σοί
838 2909 863 2941 τε
876 2895 915 2942 καὶ
931 2895 1071 2954 Παρμενίδαι
1086 2894 1253 2955 ένοιντιούμενοι
1266 2899 1323 2942 πᾶσι
1339 2895 1429 2950 τούτοις
1440 2897 1552 2958 διισχυρί·
1633 2937 1634 2942 ,

6 2967 120 3020 σ’ςτολίταις
133 2967 266 3028 ἠξιωμένος.
280 2967 329 3013 δθεν
340 2966 453 3026 ναύαρχος
464 2967 559 3028 αἱρεθείς
576 2967 609 3014 έτι
625 2967 664 3013 καί
676 2965 734 3027 μᾶλ-
784 2967 875 3019 ζονται,
889 2967 919 3016 ὡς
932 2964 955 3011 έν
967 2980 991 3010 τε
1003 2964 1080 3010 πάντα
1092 2963 1141 3011 έστί
1155 2966 1194 3011 καί
1205 2965 1301 3021 ἔστηκεν
1313 2965 1368 3012 αύτὸ
1381 2967 1404 3012 έν
1419 2967 1499 3026 αύτῷ,
1511 2969 1554 3013 ούκ

7 3049 26 3080 ον
34 3037 144 3095 ίθιογσοοη
155 3038 192 3084 διὰ
206 3039 251 3094 τὴν
263 3036 350 3084 οἰκείαν
363 3037 482 3098 ἀριστέα...
497 3038 552 3098 φησὶ
562 3036 582 3085 δ’
595 3036 735 3086 Ἀπολλόδω-
780 3032 834 3094 tyci
845 3033 922 3093 χώραν
935 3033 958 3080 ἐν
969 3031 1097 3092 δκινιῑται.

7 3106 143 3164 πὴιμακίναι
160 3107 230 3154 αύτδν
257 3106 317 3153 κατὰ
335 3107 376 3162 τήν
392 3105 500 3168 τετάρτην
521 3106 563 3153 καί
577 3104 734 3164 ὀγδοηκοστὴν
813 3103 846 3159 (θ)
862 3102 1001 3149 Aristoteles
1017 3102 1047 3148 ile
1062 3099 1203 3160 Soplrintleis
1222 3101 1330 3149 Elenclris
1348 3115 1400 3164 pag.
1424 3107 1464 3150 167
1484 3103 1552 3151 beel.

7 3173 103 3232 ίνμτιίδι.
124 3175 266 3223 Plutarchus
284 3174 326 3220 vil.
351 3175 433 3222 Pencl.
453 3187 506 3234 rap.
523 3180 553 3222 26
571 3193 576 3220 :
591 3174 736 3228 Πλεύσαντος
781 3171 882 3218 Beller.
895 3183 901 3212 τ
915 3169 1014 3232 Ὁμοίως
1029 3173 1053 3218 δέ
1065 3173 1104 3218 καὶ
1115 3171 1138 3218 έν
1152 3176 1199 3224 τοῖς
1209 3173 1389 3230 συλλογιστικοῖς
1399 3208 1406 3233 ,
1415 3173 1489 3220 οίονδ
1505 3175 1554 3226 Με-

7 3243 94 3300 apulsus
111 3244 160 3304 [τοῦ
176 3243 316 3304 Περικλέους
325 3242 351 3304 ],
364 3244 480 3297 Μέλισσος
491 3244 505 3290 δ
517 3242 662 3304 Ἰθαγένους,
678 3243 734 3304 ἀνὴρ
784 3238 866 3286 λίσσου
879 3237 946 3298 λόγος
958 3239 993 3285 ὅτι
1007 3240 1100 3300 ἄπειρον
1111 3241 1138 3286 τὸ
1150 3239 1228 3298 ἅπαν,
1239 3240 1316 3286 tatus
1329 3242 1355 3288 τὸ
1372 3241 1412 3301 μίν
1424 3241 1486 3287 ἅπαν
1501 3241 1551 3301 ἀγέ-

7 3311 102 3370 unae,
112 3319 243 3373 στρατηγῶν
262 3312 313 3360 τότε
334 3317 374 3369 τῆς
392 3313 485 3372 Σάμου,
503 3312 678 3372 καταφρονήσας
696 3317 736 3368 τῆς
780 3323 847 3359 νητον
858 3308 899 3368 (ἐκ
909 3308 953 3368 γὰρ
967 3309 998 3366 μὴ
1010 3309 1074 3363 ὄντος
1084 3308 1149 3355 οὐδέν
1162 3309 1191 3355 ἂν
1206 3310 1340 3366 γενέσθαι),
1353 3311 1380 3356 τὸ
1396 3310 1420 3356 δὲ
1433 3309 1554 3370 γενόμενον

7 3377 96 3438 linteam:
113 3387 154 3429 τῶν
171 3387 227 3430 νεῶν
248 3383 264 3439 ἦ
281 3388 321 3436 τῆς
337 3381 440 3442 ἀπειρίας
451 3385 497 3428 τῶν
509 3385 644 3442 στρατηγῶν
660 3380 736 3427 έπεισε
781 3377 803 3430 ἐξ
815 3377 1006 3438 ίιρχῆςγτνέσθαι.
1020 3379 1040 3426 εί
1054 3378 1085 3437 μή
1095 3376 1135 3424 ούν
1147 3379 1255 3438 γέγοναν,
1268 3377 1340 3439 ἀρχὴν
1350 3378 1393 3425 οὐκ
1403 3378 1451 3439 ἔχει
1461 3378 1555 3437 τδπᾶν,

7 3447 36 3498 aa:
44 3449 119 3499 πολίτας
129 3451 242 3498 ἐπιθέσθαι
259 3453 306 3504 τοῖς
319 3449 454 3505 Ἀθηναίοις.
469 3449 508 3496 καί
518 3449 639 3509 γενομένης
651 3448 735 3508 μάχης,
783 3443 839 3492 ὥστ’
859 3447 961 3506 ἄπειρον.
981 3449 1024 3493 ούκ
1036 3446 1126 3505 ἀνάγκη
1146 3447 1170 3493 δέ.
1185 3451 1253 3494 τοῦτο
1267 3447 1419 3508 συμδαίνειν’
1433 3448 1460 3495 ού
1476 3447 1520 3508 γὰρ
1531 3450 1551 3495 εί

7 3516 101 3570 etism
113 3521 133 3565 οί
147 3519 245 3579 Σάμιοι,
261 3520 301 3566 καί
315 3519 413 3573 πολλοὺς
427 3519 469 3579 μὲν
484 3519 561 3566 αὐτῶν
579 3517 660 3578 ἄνδρας
672 3517 735 3564 έλόν·
780 3515 807 3561 τὸ
818 3513 939 3575 γενόμενον
951 3514 1013 3562 ιίπαν
1022 3515 1095 3576 ἀρχὴν
1107 3517 1170 3576 ἔχει,
1180 3517 1220 3563 καὶ
1228 3516 1248 3562 εί
1257 3532 1278 3562 τι
1289 3516 1361 3577 ἀρχὴν
1374 3516 1437 3577 ἔχει,
1451 3518 1552 3577 γέγονεν,

7 3597 37 3638 ²3.
46 3584 145 3640 τοίλίςδί
156 3592 209 3644 ναύς
225 3588 409 3650 διαφθείραντες,
425 3589 528 3650 έχρῶνιο
539 3593 567 3649 τῇ
579 3586 684 3644 θαλάσση
696 3587 735 3632 καί
781 3585 860 3645 ὥσπερ
871 3584 919 3631 οὐδ’
936 3585 956 3631 εί
965 3585 979 3631 δ
987 3586 1103 3645 πυρέττων
1115 3585 1194 3645 θερμός
1202 3621 1210 3644 ,
1218 3586 1257 3632 καί
1269 3585 1308 3632 τδν
1319 3585 1399 3646 θερμὸν
1410 3583 1498 3644 ἀνάγκη
1507 3601 1552 3631 τιυ-

7 3653 112 3711 ιεριτίθεντσ
123 3661 166 3701 τῶν
181 3655 316 3713 ἀναγκαίων
332 3657 388 3717 πρὸς
398 3657 438 3705 τδν
450 3657 565 3718 πόλεμον,
578 3657 623 3705 θσα
635 3659 667 3718 μὴ
678 3657 735 3718 apo-
780 3654 870 3711 ρέτττιν.
885 3651 922 3701 ld.
937 3651 992 3700 lbltl.
1011 3665 1035 3712 p.
1053 3657 1094 3700 168
1111 3652 1126 3700 ί)
1148 3670 1154 3700 ε
1176 3654 1190 3710 ἣ
1209 3652 1291 3707 πάλιν,
1303 3653 1335 3705 ὡς
1349 3653 1372 3698 έν
1387 3655 1422 3712 τῷ
1434 3650 1556 3700 Μελίσσου

7 3735 46 3780 τερον
54 3723 113 3784 είχον.
125 3727 168 3774 ύπδ
177 3726 201 3773 δέ
214 3730 257 3773 τοῦ
270 3727 389 3774 Μελίσσου
402 3728 443 3775 καί
456 3729 572 3788 Περικλέα
587 3729 655 3785 φησίν
667 3729 736 3776 αὐτὸν
780 3723 841 3782 λόγῳ
851 3756 858 3778 ,
868 3723 895 3770 τὸ
907 3723 964 3769 αὐτὸ
975 3722 1032 3769 εἶναι
1048 3722 1159 3782 λαμύοίνει
1169 3724 1196 3769 τδ
1210 3723 1327 3780 γεγονέναι
1343 3723 1382 3769 καί
1392 3722 1465 3783 ἀρχὴν
1475 3722 1551 3783 έχενν,

7 3785 122 3848 Ἀριστοτέλης
140 3795 279 3851 ἡττηθῆναι,
298 3801 465 3856 ναυμαχοῦντα
486 3796 603 3857 πρότερον.
632 3796 668 3844 ld.
692 3796 734 3845 rit.
781 3792 836 3847 ἢτδ
846 3790 907 3844 ίσοις
917 3791 1019 3852 γίνεσθαι
1033 3793 1072 3838 καί
1081 3792 1153 3842 ταύτδ
1167 3793 1259 3852 μέγεθος
1273 3791 1404 3852 λαμδάνειν.
1416 3792 1452 3840 ὅτι
1464 3793 1508 3854 γὰρ
1525 3793 1553 3840 τδ

7 3857 90 3906 tranat.
101 3873 149 3921 rap.
160 3869 172 3911 θ
185 3877 192 3910 :
207 3863 293 3912 Καίτοι
306 3865 476 3927 Στησέμδροτος
489 3863 637 3926 Ἀναξαγόρου
647 3881 672 3912 τε
685 3866 735 3913 δια·
782 3860 873 3920 γεγονὸς
883 3860 931 3922 ἔχει
945 3860 1032 3921 ἀρχήν,
1041 3863 1080 3908 καί
1094 3862 1121 3909 τδ
1136 3861 1189 3923 ίγον
1207 3861 1278 3922 ἀρχὴν
1290 3861 1406 3922 γεγονέναι
1421 3860 1495 3920 ἀξιοῖ,
1518 3865 1550 3915 ὡς

7 3930 62 3974 aaut
70 3931 102 3978 τδν
111 3933 266 3992 θεμιστοκλέα
278 3932 347 3994 φησί,
360 3934 400 3980 καὶ
412 3935 464 3994 περὶ
476 3935 593 3982 Μέλισσον
605 3934 735 3983 σπουδάσαι
780 3929 849 3988 ἄμφω
862 3929 936 3975 ῖαῦτᾶ
954 3929 1010 3976 ὄντα
1024 3934 1059 3989 τῷ
1074 3929 1146 3990 ἅέκθλέ
1156 3929 1230 3991 lxm,
1243 3927 1270 3976 τό
1281 3945 1306 3976 τε
1317 3929 1409 3987 serora<
1420 3930 1460 3976 ml
1468 3930 1496 3976 so
1511 3944 1553 3976 πε·

8 3994 127 4060 marciali,
140 4006 181 4048 οθκ
196 4000 222 4049 εδ
240 4005 289 4049 τῶν
306 4000 396 4063 χρόνων
407 4003 544 4064 έιπτόμενος.
563 4005 670 4063 Περικλεῖ
682 4005 735 4066 γάρ,
780 4000 930 4058 περασμένον.
945 3999 1031 4060 δμοίως
1042 4000 1067 4048 δέ
1077 4001 1116 4046 καί
1129 3999 1222 4046 ἐπὶτῶν
1235 3999 1294 4047 ίσων
1312 3999 1438 4060 γινομένων
1453 4001 1473 4046 εί
1484 3999 1514 4046 τὰ
1523 4001 1550 4047 τδ

8 4061 72 4116 tuit
83 4071 181 4132 νεώτερος
190 4071 217 4130 ἦν
226 4073 424 4133 θιμιστοκλέους,
434 4075 549 4128 Μέλισσος
560 4074 602 4132 μέν
614 4073 736 4135 δντεστρα-
780 4067 836 4114 αὐτὸ
852 4070 946 4128 μέγεθος
956 4069 996 4116 καί
1010 4070 1033 4116 ἓν
1042 4068 1188 4128 λαμὸάνοντα
1196 4068 1239 4115 ίσα
1250 4067 1352 4126 γίνεται,
1363 4069 1402 4115 καλ
1416 4067 1446 4115 τὰ
1460 4069 1502 4115 lae
1515 4084 1552 4128 γε·

8 4133 47 4194 τέγει
57 4139 198 4200 πολιορκοῦντι
209 4141 326 4203 Σαμίους,
337 4142 488 4203 Ἀναξαγόρας
503 4143 527 4191 δέ
537 4143 683 4204 συνδιέτριδε.
699 4142 734 4191 ΠΙ.
779 4137 863 4196 νόμενα
875 4139 898 4184 έν
908 4139 1000 4198 μέγεθος
1010 4139 1127 4198 λαμδάνει.
1141 4137 1178 4186 ld.
1193 4139 1264 4210 l‘lrys.
1277 4137 1315 4190 tio.
1331 4140 1350 4194 l,
1363 4144 1437 4196 tpag.
1454 4141 1496 4186 tat
1514 4137 1530 4185 lt
1546 4157 1551 4186 :

8 4201 41 4248 ur.
53 4205 118 4253 Colat.
137 4219 186 4267 εεμ.
204 4211 234 4256 θθ
259 4222 264 4252 :
281 4209 397 4264 Μέλισσος
410 4209 451 4268 δέ,
464 4215 504 4266 τῆς
515 4209 623 4270 πατρίδος
637 4225 735 4270 στρατη·
781 4207 870 4266 ἀνάγκη
881 4206 900 4254 δ’
909 4207 959 4264 ἦτοι
973 4207 1028 4268 μίαν
1040 4207 1098 4254 είναι
1110 4207 1151 4272 τὴν
1166 4207 1264 4268 ἀρχὴνῆ
1280 4207 1386 4266 πλείους,
1399 4207 1471 4254 aulul
1484 4207 1553 4267 μίαν,

8 4271 166 4330 lullanae
175 4275 375 4338 κατεναυμάχησε.
386 4277 492 4326 AEliauus
501 4279 558 4325 Var.
568 4278 630 4325 llisl.
642 4277 681 4324 lllt.
691 4279 736 4323 Vll
781 4277 832 4330 ἦτοι
847 4275 968 4331 ἀκίνητον,
981 4277 1012 4329 ὥς
1026 4291 1081 4334 φησι
1092 4274 1237 4336 Παρμενίδης
1248 4275 1288 4322 καὶ
1307 4277 1424 4330 Μέλισσος
1433 4277 1464 4333 ,ἢ
1476 4291 1555 4324 κινου·

8 4349 39 4396 μ
50 4343 224 4404 Πεθίδί,ούκ
236 4346 297 4405 ἦσαν
311 4348 351 4394 καὶ
363 4349 385 4394 ol
399 4348 517 4408 φιλόσοφοι
527 4348 557 4394 τὰ
566 4349 664 4408 πολέμια
677 4347 735 4406 ἀγα·
780 4347 857 4404 μένην,
873 4345 984 4404 ῶσπεροέ
1001 4343 1102 4403 φυσικοί.
1118 4345 1148 4390 Et
1162 4356 1214 4402 pag.
1229 4346 1271 4390 tas
1297 4341 1412 4389 θεδλλέι
1427 4345 1471 4403 μὴν
1488 4345 1507 4391 εί
1522 4346 1553 4397 ιὀς

8 4405 38 4464 θές
51 4409 92 4470 ἐμοὶ
113 4415 313 4472 μένδοιοῡοιν,εῑ
332 4431 359 4477 γε
373 4414 482 4478 Ἀρχύταν
497 4417 537 4478 μέν
560 4417 647 4464 είλοντο
663 4415 735 4471 ἑξάκις
779 4411 915 4474 ἀδιαίρετον,
925 4413 989 4460 οὐθέν
1004 4413 1069 4461 tosa
1077 4413 1150 4460 ποσὸν
1163 4413 1216 4460 οὐδέ
1229 4412 1311 4470 ποιόν,
1324 4412 1376 4459 οὐδὲ
1386 4409 1413 4468 δὴ
1425 4412 1517 4474 ἄπειρον
1526 4413 1554 4460 τέ

8 4480 99 4534 mataras
111 4483 250 4543 Ταραπῖνοι,
262 4485 378 4539 Μέλισσος
394 4485 419 4532 δέ
433 4485 575 4545 έναυείρχησε
583 4484 631 4531 κτλ.
780 4482 824 4540 δν,
839 4483 917 4541 ὥσπερ
926 4481 1041 4536 Μελισσύς
1049 4497 1132 4542 φησιν,
1142 4481 1194 4529 οὐδὲ
1204 4482 1375 4543 πεπερασμένον
1386 4517 1392 4541 ,
1402 4482 1480 4542 ὥσπερ
1490 4483 1552 4542 Παρ-

23 4547 47 4598 ll]
59 4549 88 4594 Gi.
99 4550 176 4599 Sullas
191 4565 214 4600 r.
231 4554 344 4608 Μελιτος,
360 4552 403 4602 ubl
420 4552 505 4611 legitur
519 4554 570 4612 aspi
579 4557 621 4599 τοῦ
629 4553 701 4607 ὄντος.
779 4551 877 4612 μενίδης.
890 4551 956 4600 utem
970 4564 1022 4612 cap.
1035 4557 1059 4610 θ,
1074 4563 1125 4612 pag.
1141 4555 1183 4600 έθθ
1199 4550 1214 4598 lt
1230 4570 1236 4599 τ
1249 4551 1371 4611 ἀμφότεροι
1382 4551 1426 4611 γὰρ
1435 4551 1497 4612 έριστ
1506 4557 1552 4605 κῶς

23 4618 46 4670 (3)
54 4619 99 4678 Περὶ
108 4620 189 4678 φύσεως
201 4621 260 4670 titel
273 4623 378 4670 Galenus
394 4621 422 4669 ad
440 4622 551 4682 Πίμροοτ.
562 4621 592 4668 ‹le
604 4623 658 4670 aa.
670 4621 733 4668 lrom.
779 4621 961 4681 συλλογίζονται,
974 4623 1014 4668 καί
1024 4622 1139 4676 Μέλισσος
1149 4621 1188 4668 καὶ
1204 4621 1359 4681 Παρμενίδης·
1372 4622 1412 4666 καί
1427 4622 1471 4680 γὰρ
1479 4621 1551 4679 ψευδῆ

8 4687 129 4742 νέομαί.
153 4690 230 4737 llilhu.
252 4690 321 4740 etde
337 4689 450 4740 clement.
472 4703 520 4739 see.
542 4692 654 4751 llippoor.
675 4691 695 4749 l,
720 4693 735 4738 9
779 4689 924 4750 λαμέάνουσι
937 4688 1553 4750 καίᾰσυλλόγιστοίιίσιναύτῶνοίλέγοι·μο”ιλλονδ“δ

8 4757 86 4808 *tulli
102 4757 136 4805 ea.
157 4760 237 4807 lli'tlrn.
258 4759 294 4807 lrls
319 4759 398 4808 verbis
421 4760 480 4808 εΤὰ
504 4759 549 4822 γὰρ
566 4764 613 4808 τῶν
630 4753 735 4806 παλαιῶν
780 4758 898 4806 Μελίσσου
910 4761 1014 4819 φορτικὸς
1027 4762 1067 4806 καί
1080 4759 1123 4806 ούκ
1139 4758 1200 4819 έχων
1217 4757 1388 4818 ἀπορίαν,ὰλλ“
1403 4759 1452 4811 ένδς
1464 4757 1551 4804 ἀτόπου

8 4815 70 4868 δοντα
79 4826 214 4886 περὶφύσεως
229 4828 407 4889 έπιγέγραπται,
419 4827 449 4874 τὰ
460 4827 595 4884 Μελίσσου,
605 4829 634 4874 τὰ
644 4829 733 4888 Παρμε-
778 4823 880 4878 δοθέντος
894 4825 967 4872 τᾶλλα
980 4825 1114 4884 συμδαίνει·
1130 4829 1198 4872 τούτο
1213 4822 1232 4870 δ’
1252 4824 1316 4871 οὐδέν
1331 4823 1440 4883 χαλεπόν.
1454 4823 1489 4869 δτι
1507 4823 1548 4881 μέν

9 4883 59 4944 tra,
70 4893 95 4939 τὰ
104 4894 292 4956 Ἐμπεδοκλέους,
315 4896 467 4956 Ἀλημαίωνές
480 4913 507 4946 τε
516 4898 556 4945 καί
571 4897 682 4959 Γοργίου,
694 4897 733 4944 καί
778 4893 818 4942 ούν
831 4895 1007 4955 παραλογίζεται
1028 4897 1157 4951 Μέλισσος,
1170 4894 1255 4950 δῆλον·
1273 4893 1345 4939 οίεται
1364 4893 1409 4952 γὰρ
1420 4891 1549 4950 εἰληφέναι,

9 4953 146 5017 Mutuum
157 4967 202 5012 τῶν
217 4963 292 5012 ἄλλων
306 4965 423 5013 ἀπάντων,
434 4969 469 5014 De
480 4969 573 5015 ettleel
588 4969 687 5014 nulrtru
698 4968 734 5013 etl
779 4963 798 5010 εί
812 4965 839 5010 τδ
853 4961 975 5023 γενόμενον
990 4963 1038 5024 ἔχει
1057 4965 1130 5026 έρχήν
1147 4963 1221 5022 ίίπαν,
1235 4962 1270 5009 δτι
1282 4961 1323 5008 καὶ
1338 4962 1365 5008 τὸ
1383 4962 1414 5020 μη
1429 4960 1550 5020 γενόμενον

9 5021 49 5076 lul
57 5026 198 5078 Alexandrum
208 5031 414 5091 aphudisiensem
426 5038 450 5082 et
460 5033 584 5083 Nicolaum
603 5037 729 5084 Damasce-
778 5034 821 5081 οὐκ
833 5033 892 5095 ἔχει,
903 5035 955 5080 κτλ.

9 5097 51 5136 lm¹·
62 5092 108 5142 lid.
120 5098 274 5149 θσιεετίοιιεπι
285 5103 309 5151 la
319 5101 431 5151 calama.
448 5103 540 5152 Platon.
554 5107 587 5159 Π,
606 5107 640 5152 tt.
809 5104 842 5164 (7)
856 5103 1009 5164 Hippocrates
1017 5101 1047 5151 cle
1058 5105 1113 5150 Nat.
1127 5103 1192 5151 lrom.
1204 5103 1284 5149 tom!
1300 5112 1322 5160 γι.
1341 5102 1385 5147 νίν
1397 5098 1434 5146 ecl.
1449 5097 1527 5145 Kttlm.
1542 5116 1547 5145 ι

26 5159 52 5218 (t)
62 5163 113 5212 Vlle
125 5169 277 5227 {ttaeltllouem
288 5174 318 5222 ad
330 5174 503 5224 Pamtenldetn.
777 5175 834 5224 Ἀλλ’
848 5174 898 5234 έμοί
918 5189 945 5234 γε
965 5174 1072 5222 δοκέουσι
1093 5176 1114 5221 ol
1136 5176 1236 5220 τοιοῦτον
1252 5170 1369 5230 ένθρωποι
1389 5173 1448 5230 σφᾶς
1464 5167 1558 5224 αύτούς,

713 5267 763 5316 ²59
1399 5295 1432 5334 ιτ.
