3776 5926
258 455 314 507 iii

592 560 701 622 xxiv.

314 673 443 755 Γλυκερδν
458 670 486 730 δὲ
496 665 637 734 τέκοςΔιδς
654 663 811 732 ἐξεκαλεῖτο.

311 819 317 828 ·
358 789 495 868 (Proclus
505 788 536 842 in
558 785 629 840 Tim.
654 781 703 838 lib.
716 778 746 837 11
757 795 787 852 p.
811 781 865 842 ini
882 775 966 847 D,p.
979 771 1036 845 ²93

316 881 363 938 ed.
380 875 536 936 Schneider
550 889 557 930 τ
571 869 622 934 Ὦς
632 865 683 946 γάρ
695 863 798 941 είρηται
818 858 955 940 πρότερον,
979 861 1037 914 νοῦν

318 968 378 1026 ἄνευ
399 966 484 1044 ψυχῆς
504 959 629 1018 ἀδύνατον
643 948 837 1032 παραγενέσθαι
849 972 895 1028 τῳ.
909 951 997 1008 Τοῦτο
1011 943 1038 1002 δὲ

312 1053 398 1130 ὅμοιον
408 1053 446 1130 τῷ
459 1051 522 1127 παρ’
534 1047 636 1122 Ὀρφεῖ·
648 1039 773 1118 γλυκιρδν
788 1037 815 1097 δὲ
833 1039 892 1096 κτλ.
907 1038 994 1095 Τοῦτο
1012 1031 1040 1091 δέ

321 1133 352 1214 ἧν
367 1143 381 1198 θ
395 1135 519 1213 κοσμικδς
531 1139 588 1199 νοῦς
600 1131 670 1196 Δίιος
688 1127 737 1202 ὤν,
755 1123 824 1184 κατδ
842 1124 887 1183 τδν
909 1125 935 1182 ίν
946 1124 984 1203 τῷ
998 1119 1041 1180 Διί

326 1227 452 1304 μείναντα
466 1217 621 1300 προελθών.)

542 1321 619 1385 Μετὰ
633 1319 665 1392 δὴ
683 1316 812 1397 πατρικάς
826 1314 939 1380 διανοίας

321 1419 394 1502 ψυχὴ
410 1415 462 1496 ἐγὼ
476 1411 556 1486 ναίω,
573 1410 657 1490 θέρμῃ
668 1412 789 1490 ψυχοῦσα
801 1407 834 1464 τδι
844 1403 942 1462 πάντα.

362 1525 497 1599 (Procius
508 1524 529 1577 ί.
547 1540 572 1576 c.
588 1539 595 1573 τ
612 1514 691 1575 Ούτω
710 1510 737 1571 δέ
755 1510 831 1582 καλὴ
855 1507 1043 1587 θεοπαράδοτος

322 1611 440 1687 θεολογία
464 1607 527 1690 φησί
557 1604 801 1682 συμπεπληρῶσθαι
828 1597 871 1657 τὸν
893 1598 991 1670 κόσμον
1015 1595 1044 1650 ἐκ

323 1699 404 1756 τῶνδε
430 1697 481 1753 τῶν
497 1695 589 1772 τριῶν.
614 1689 692 1767 Λέγει
715 1690 808 1766 γοῧνὴ
829 1681 901 1765 ψυχὴ
918 1680 978 1759 περὶ
999 1685 1044 1738 τοῦ

324 1785 384 1852 Διὸς
399 1783 518 1843 ἐπέκεινα
534 1785 578 1839 τοῦ
595 1775 836 1854 δημιουργήσαντος
849 1771 879 1831 τδ
894 1779 955 1828 πᾶν·
977 1766 1044 1844 μετὰ

325 1871 357 1942 δὴ
378 1868 506 1949 πατρικάς
522 1867 582 1925 κτλ.
605 1866 648 1926 Cf.
669 1863 794 1920 Lobeclr.
809 1862 874 1936 igi.
888 1879 919 1933 p.
939 1856 1023 1932 953).

326 1979 397 2038 Νοῦν
418 1973 465 2051 μὲν
480 1971 517 2031 ἐνί
529 1974 615 2051 ψυχῇ,
630 1967 718 2051 ψυχὴν
729 1970 752 2025 δ’
768 1966 804 2024 ivi
817 1965 920 2040 σώματι
940 1965 1013 2043 α’ργῷ

325 2069 388 2140 ἡμῖν
401 2059 557 2138 ίγκατέθηκε
571 2055 660 2134 πατὴρ
674 2056 775 2134 ἀνδρῶν
789 2075 818 2110 τε
832 2054 898 2110 θεῶν
911 2073 948 2108 τε.

367 2179 503 2250 (Procius
515 2177 534 2234 l.
546 2195 572 2232 c.
585 2169 711 2230 κατέθετο
724 2169 774 2247 γὰρ
786 2195 796 2219 ι
806 2171 865 2224 νοῦν
883 2163 931 2241 μὲν
948 2161 984 2221 ἐνί
1000 2166 1050 2242 ψυ-

328 2270 365 2345 χῇ
377 2262 626 2338 xri.»1.egebatur
640 2255 720 2334 ἡμέας
731 2253 890 2333 ἐγκατέθηκε
904 2252 983 2328 quod
992 2271 1049 2306 mu·

323 2355 378 2411 ,ανί
392 2355 422 2408 in
439 2353 504 2424 ἡμῖν
520 2349 578 2425 ίγκ.
590 2350 663 2404 Nam
675 2346 711 2402 od
722 2342 806 2420 ἡμέας
823 2339 1049 2408 defendendum,

329 2439 488 2496 aniinashic
498 2434 745 2510 pluraliterloqui,
757 2451 823 2487 curn
829 2429 954 2495 Gesnoro
964 2444 1048 2482 nenio

330 2525 433 2602 dicet.)

515 2667 517 2670 -
586 2617 589 2623 ¹
618 2621 711 2681 XXV.

331 2725 431 2794 Νώτοις
447 2726 469 2784 δ’
482 2725 549 2806 ἀμφί
560 2731 619 2790 θεᾶς
634 2721 709 2802 φύσις
720 2705 831 2786 άπλέτος
845 2718 975 2799 ᾐώρηται.

372 2839 503 2918 (Procius
518 2841 547 2895 in
558 2841 632 2895 Tim.
648 2840 708 2911 1,p.
724 2839 793 2904 iD,
808 2854 838 2908 p.
849 2835 867 2890 θ
878 2833 923 2889 ed.
937 2833 1052 2889 Schnei-

332 2929 394 2988 der.
413 2946 420 2986 :
438 2923 556 2994 Τοιαύτη
581 2923 609 2981 δὲ
643 2915 708 2981 οὖσα
738 2919 912 3000 προελήλυθεν
936 2919 988 2976 άπδ
1006 2920 1053 2986 τῆς

332 3012 459 3093 ζωογόνου
473 3018 540 3080 θεᾶς·
556 3009 646 3076 νώτοις
666 3013 688 3068 δ’
706 3011 774 3087 ἀμφί
788 3009 846 3064 κτλ.
864 3004 920 3085 Ἀφ’
932 2997 963 3076 ἧς
978 3013 1051 3062 πᾶσα

333 3101 387 3173 ζωὴ
404 3101 532 3180 πρόεισιν,
549 3099 568 3170 ἥ
588 3121 617 3156 τε
638 3096 715 3176 νοερὰ
737 3093 783 3152 καί
797 3097 815 3164 ἡ
830 3092 976 3173 όχόιριστος
999 3095 1051 3150 τῶν

334 3187 528 3266 διοικουμένων,
544 3182 707 3263 ἐξηρτημένη
722 3181 744 3240 δ’
756 3183 852 3239 ἐκεῖθεν
867 3180 912 3238 καί
925 3182 1052 3258 όπηωρη-

335 3274 401 3352 μένη
416 3272 546 3355 φοιτᾷδιδι
562 3271 666 3329 πάντων
684 3265 824 3332 ἀκωλύτως
839 3266 884 3326 καί
900 3264 986 3324 πάντα
1005 3267 1054 3342 ἐμ·

335 3372 410 3434 πνεῖ,
424 3362 456 3419 δι’
476 3361 508 3432 ἣν
526 3358 558 3417 zi
574 3355 728 3437 ἀψυχότατα
741 3357 828 3435 ψυχῆς
843 3351 949 3432 μετάγει
969 3353 1052 3426 τινός,

335 3449 380 3508 καί
393 3448 427 3508 τὰ
438 3447 593 3528 φθειρόμενα
609 3446 680 3520 μένει
694 3441 830 3507 διαιωνίως
842 3443 869 3498 ἐν
890 3444 928 3520 τῷ
940 3439 1051 3522 κόσμῳ,

297 3607 300 3612 ¹
335 3534 393 3600 ταῖς
405 3535 431 3590 ίν
445 3534 511 3612 αὐτῇ
524 3535 575 3591 τῶν
587 3533 661 3590 εἰδῶν
674 3529 768 3594 αἰτίαις
783 3527 974 3606 συνεχόμενα.)

332 3636 425 3718 Ἀργει
438 3636 459 3694 δ’
470 3625 503 3694 αθ
516 3633 591 3716 φύσις
604 3631 729 3711 ἀκαμότη
740 3630 847 3710 κόσμων
859 3651 887 3688 τι
901 3629 946 3688 καὶ
960 3627 1053 3708 ἔργων.

377 3751 509 3826 (Procius
523 3752 543 3806 1.
568 3769 594 3806 c.
615 3745 691 3826 άρχει
706 3747 728 3805 δ’
744 3735 778 3803 αδ
800 3745 860 3804 κτλ.
877 3743 941 3825 φησί
957 3741 987 3802 τδ
1006 3743 1054 3802 λό-

918 451 925 462 ·
976 417 1157 482 uuPflicu.

1183 549 1320 628 (Procius
1334 550 1365 604 in
1378 549 1451 604 Tim.
1470 549 1537 620 Vp.
1559 543 1616 602 308
1630 544 1670 618 F,
1687 561 1721 618 p.
1745 548 1800 616 749
1811 542 1851 601 od.

1143 637 1318 696 Schneider.:
1333 632 1386 693 Καὶ
1402 630 1574 711 διαφερόντως
1588 631 1602 686 ό
1618 625 1853 707 βασιλεὺςἯλυς·

1142 730 1231 786 τοῦτον
1243 723 1294 802 γὰρ
1309 720 1437 791 έπέστησε
1448 721 1500 785 τοῖς
1513 717 1584 784 δλοις
1597 721 1611 774 ὁ
1623 720 1800 796 δημιουργὸς,
1817 718 1854 775 καί

1143 811 1237 891 φύλακ’
1252 812 1310 869 κτλ.
1324 805 1359 874 ὥς
1369 830 1447 888 φησιν
1459 809 1473 864 θ
1485 805 1624 885 Ὀρφεύς.)

1421 940 1530 999 XXVI.

1145 1073 1242 1154 Κραῖνε
1268 1069 1315 1148 μέν
1329 1059 1373 1129 odi
1392 1069 1457 1136 Ζεδς
1480 1068 1568 1127 πάντα
1585 1067 1678 1148 πατήρ
1688 1113 1696 1139 ‚
1721 1065 1823 1146 Βάκχος
1838 1071 1855 1126 3.

1204 1179 1207 1186 ¹
1700 1153 1855 1235 [ἔπε’κραινε.

1186 1291 1320 1370 [Procius
1332 1294 1361 1347 in
1381 1291 1457 1350 Tim.
1475 1294 1541 1364 Vp.
1559 1289 1615 1345 336
1631 1283 1734 1346 uz⁶0
1750 1285 1800 1364 γὰρ
1812 1279 1857 1344 εἶτε

1146 1380 1206 1459 περί
1217 1383 1264 1449 τῆς
1276 1378 1387 1454 μονάδος
1397 1381 1448 1434 τῶν
1458 1377 1523 1434 νέων
1534 1378 1598 1434 θεῶν
1611 1378 1625 1432 ὁ
1638 1373 1771 1454 Ὀρφεύς,
1782 1383 1858 1451 κραῑνε
1879 1395 1880 1398 ’

1148 1468 1195 1543 μὲν
1208 1459 1252 1526 οθν
1264 1469 1337 1538 κτλ,
1350 1471 1429 1524 τοῦτο
1442 1465 1488 1523 καί
1510 1464 1638 1542 περὶτῶν
1662 1465 1730 1522 νέων
1746 1465 1807 1520 θεῶν
1819 1467 1857 1541 ρη-

1146 1556 1220 1630 τέον,
1233 1556 1274 1614 ότι
1293 1553 1325 1624 δὴ
1336 1552 1384 1624 τλν
1400 1551 1571 1630 δημιουργίαν
1587 1553 1743 1609 ἐπιτελοῦσι
1755 1555 1798 1606 τοῦ
1812 1573 1856 1607 πτ-

1150 1641 1225 1721 τρός,
1241 1641 1272 1712 ἣν
1290 1643 1386 1707 ἐκεῖνος
1404 1643 1475 1722 αὐτῷ
1490 1643 1529 1718 τῷ
1543 1642 1611 1697 νοεῖν
1629 1635 1807 1715 θπίατησεν.)

1149 1767 1175 1824 Τ
1176 1769 1243 1822 αῦτα
1258 1764 1347 1843 πατὴρ
1359 1763 1466 1840 ἐνόησε,
1484 1761 1573 1842 βροτδς
1585 1762 1614 1820 δέ
1624 1764 1648 1820 οἱ
1658 1759 1792 1842 έψύχωτο.

1191 1878 1327 1956 (Procius
1345 1881 1365 1938 l.
1382 1900 1409 1936 c.
1423 1876 1513 1959 ὥσπερ
1532 1877 1564 1949 δή
1581 1901 1645 1960 φησι
1659 1877 1707 1935 καὶ
1731 1876 1761 1933 τὸ
1778 1877 1858 1954 λόγιον·

1149 1969 1241 2026 Ταῦτα
1255 1965 1343 2046 πατὴρ
1362 1969 1421 2024 κτλ.
1437 1965 1484 2023 καί
1497 1965 1649 2023 πέπλασται
1663 1956 1711 2023 ούν
1723 1965 1757 2023 τὰ
1775 1967 1860 2044 θνητά,

1151 2055 1196 2112 καί
1217 2055 1352 2135 ἒψύχωται
1369 2052 1427 2112 κατ’
1439 2052 1521 2124 αὐτὴν
1542 2053 1624 2130 μόνην
1644 2052 1692 2122 τὴν
1719 2055 1860 2132 δημιουργι-

1152 2147 1200 2214 κήν
1212 2143 1308 2214 νόησιν·
1317 2144 1340 2200 οί
1362 2142 1389 2199 δὲ
1400 2141 1453 2200 νέοι
1468 2141 1520 2200 θεοί
1535 2140 1584 2212 τὴν
1597 2143 1687 2212 ὁλικην
1705 2141 1801 2201 ἐκείνου
1811 2143 1860 2199 τοί-

1151 2253 1211 2304 ησιν
1225 2229 1374 2309 ἐκφαίνουσι
1385 2229 1430 2302 διδ,
1442 2233 1487 2298 τῆς
1501 2231 1601 2287 ἑαυτῶν
1612 2231 1741 2308 ἐκφανοῦς
1751 2229 1859 2309 δημιουρ·
1879 2217 1880 2220 ¹

1152 2319 1227 2396 γίας,
1239 2316 1413 2392 πληρούμενοι
1427 2321 1473 2388 τῆς
1483 2317 1671 2395 δημιουργικῆς
1689 2317 1828 2393 μονάδος.)

1153 2435 1200 2512 Τῷ
1213 2432 1276 2510 πυρὶ
1289 2431 1339 2510 γάρ
1355 2430 1445 2510 βροτδς
1464 2430 1614 2507 ἒμπελάσας
1628 2431 1717 2490 θεόθεν
1733 2431 1794 2512 φάος
1810 2433 1859 2498 ἔξει.

1195 2551 1328 2631 [Proclus
1341 2557 1371 2609 in
1391 2557 1460 2610 Tim.
1475 2556 1516 2614 ΙΙ.
1539 2575 1570 2631 p.
1585 2554 1661 2612 6513
1699 2576 1732 2631 p.
1754 2555 1802 2612 151
1823 2558 1860 2614 ed.

1155 2639 1322 2700 Schneider.
1338 2662 1345 2697 τ
1363 2639 1427 2700 Ἐπί
1442 2641 1470 2699 δὲ
1483 2641 1591 2708 ταύταις
1605 2645 1780 2718 ηέμπέλασις
1795 2642 1862 2725 [οὕτω
1879 2633 1880 2652 ³

1148 2726 1198 2806 γάρ
1224 2726 1304 2797 αὐτὴν
1329 2729 1406 2786 καλεῖ
1425 2727 1455 2786 ἰδ
1478 2727 1575 2806 λόγιον·
1595 2732 1633 2810 τῷ
1647 2731 1715 2808 πυρὶ
1729 2731 1780 2811 γδιρ
1795 2731 1880 2810 κτλ.]’

1157 2815 1237 2892 μείζω
1249 2813 1295 2885 τὴν
1309 2815 1443 2875 κοινωνίαν
1463 2821 1526 2891 ἡμῖν
1539 2819 1713 2898 παρεχομένη
1729 2821 1772 2878 καί
1787 2842 1861 2898 τρανε·
1879 2813 1880 2816 “

1150 2902 1244 2982 στέραν
1258 2901 1306 2974 τὴν
1321 2903 1461 2978 μετουσίαν
1474 2910 1519 2962 τοῦ
1534 2907 1583 2962 τῶν
1596 2909 1662 2964 θεῶν
1675 2907 1792 2982 φωτός.)

1157 3023 1298 3098 Δηθύνοντι
1313 3029 1396 3107 βροτῷ
1409 3028 1531 3106 κραιπναί
1544 3029 1661 3109 μάκαρες
1675 3031 1815 3089 τελέθουσι.

1199 3148 1335 3224 (Procius
1363 3153 1392 3206 in
1415 3154 1488 3208 Tim.
1521 3155 1550 3208 ΙΙ
1571 3172 1603 3227 p.
1627 3153 1665 3210 65
1693 3158 1735 3226 D,
1760 3135 1809 3211 θύα
1828 3156 1862 3214 ed.

1158 3235 1291 3299 Schneid.
1307 3256 1314 3295 :
1330 3238 1374 3294 καί
1386 3237 1439 3316 χρὴ
1452 3239 1625 3306 ἀδιαλείπτως
1639 3239 1750 3318 ἔχεσθαι
1760 3247 1802 3312 τῆς
1814 3243 1861 3320 περὶ

1158 3323 1188 3382 τδ
1199 3329 1265 3382 θεῖον
1277 3325 1424 3404 θρησκείας·
1440 3326 1575 3398 δηθύνοντι
1588 3327 1640 3406 γδιρ
1655 3331 1743 3409 βροτῷ
1759 3331 1828 3407 κτλ.)

1424 3455 1543 3518 xxvii.

1161 3567 1227 3639 Είδη
1239 3566 1262 3624 τ’
1278 3566 1378 3640 εὐειδὴς
1393 3568 1439 3627 καί
1453 3571 1599 3649 ὁμόσπορος
1613 3571 1781 3651 Ἀδράστεια.

1200 3693 1373 3767 (Ηειτιιίαοίιι
1382 3694 1508 3753 Platonis
1519 3695 1670 3773 Phaedr.p.
1685 3701 1790 3764 iiiicd.
1799 3702 1862 3754 Asta

1160 3775 1194 3836 ‘ii
1224 3777 1252 3836 δὲ
1275 3779 1428 3858 Ἀδράστεια
1447 3782 1496 3858 μία
1521 3783 1577 3842 ἐστί
1598 3785 1645 3844 καί
1665 3785 1734 3860 αὕτη
1758 3785 1808 3852 θεδς
1824 3789 1864 3842 τῶν

335 3859 401 3914 γιον.

335 3835 453 4027 Οὐραίδς
465 3945 532 4028 δφρα
545 3945 590 4025 θέη
604 3945 699 4025 δρόμον
714 3943 795 4004 εἰίδιον
806 3943 975 4024 κατασύροιν.

1162 3869 1294 3941 μενουσῶν
1306 3869 1331 3925 ἐν
1344 3871 1376 3946 τῇ
1393 3870 1477 3930 Νυκτί
1484 3913 1492 3938 ,
1504 3871 1630 3948 γενομένη
1646 3873 1676 3931 ἐκ
1687 3873 1817 3932 Μελίσσου
1830 3873 1865 3927 καί

1162 3949 1316 4026 Ἀμαλθείας
1327 3997 1335 4014 .
1352 3999 1359 4015 .
1378 3957 1495 4037 ,ἀδελφὴ
1505 3963 1551 4030 τῆς
1566 3959 1655 4032 Είδης·
1668 3960 1736 4036 Είδη
1750 3963 1771 4019 τ’
1782 3957 1865 4028 εὐειδὴς

380 4061 538 4139 (Proclusl.
555 4082 580 4119 c.
594 4058 700 4140 ούρανδς
711 4056 778 4138 όφρα
790 4061 847 4116 κτλ.
856 4058 901 4116 καί
913 4057 948 4116 τδι
960 4057 1046 4135 ίξῆς.)
1162 4040 1240 4117 κτλ-ί

340 4165 392 4227 Καὶ
400 4164 495 4246 φύλακ’
503 4164 581 4224 αὐτὸν
590 4163 674 4233 ἔτευξε
680 4164 787 4226 κέλευσέ
796 4187 825 4222 τε
832 4172 912 4222 πᾶσιν
924 4162 1057 4223 ἀνάσσειν.

1165 4213 1172 4229 .
1191 4213 1198 4228 .
1216 4169 1386 4250 ,Παλάμησι
1400 4170 1427 4232 δέ
1440 4173 1541 4254 χάλκεα
1557 4175 1659 4256 ῥόπτρα

280 4333 1863 4363 Q

624 4437 710 4485 xxiv.

279 4531 360 4582 Dulcis
372 4535 452 4581 ouioni
464 4531 532 4581 iovis
544 4531 667 4594 progenies
679 4529 833 4581 evocabatur.

403 4620 461 4669 Posi
471 4622 581 4681 paternus
590 4619 639 4680 jorn
650 4617 804 4680 cogiiuiionoo

278 4705 358 4756 animo
372 4717 415 4768 ego
429 4705 524 4766 hobiio,
536 4705 617 4755 omnia
629 4705 708 4754 caiore
717 4705 834 4754 animani.
849 4734 873 4746 -

279 4795 384 4844 Mentem
396 4792 498 4852 animo,
510 4792 615 4842 unimam
629 4794 711 4842 auium
720 4793 816 4854 corpori
826 4792 894 4855 pigro

277 4882 361 4932 uoeiri
373 4881 445 4930 causi
457 4879 542 4929 indidit
553 4878 677 4928 homiuum
692 4879 764 4940 uque
776 4877 876 4926 deorum
886 4877 958 4940 poter.

608 4963 610 4968 '
631 4966 706 5014 XXV.

278 5066 297 5113 ii
311 5063 362 5112 deo
373 5063 440 5125 tergo
452 5063 537 5112 naiuru
549 5062 666 5112 immenso
680 5060 774 5123 pendei.
785 5088 813 5102 -

1106 4416 1246 4478 —Eurnque
1262 4419 1386 4470 custodem
1399 4423 1509 4484 opposuit
1521 4425 1545 4474 εί
1556 4426 1670 4476 onnssius
1679 4428 1793 4492 imperare
1800 4425 1865 4488 judu

1451 4524 1535 4573 xxvi,

1105 4601 1228 4653 Eiiciebot
1240 4605 1312 4666 igilur
1323 4608 1405 4658 οοιιιΙε
1421 4611 1435 4660 J
1439 4610 1516 4672 upiier
1527 4613 1608 4675 prior,
1620 4614 1757 4675 perficiebat
1769 4612 1866 4664 Βεωίιυε

1104 4693 1194 4741 -Ηαιο
1205 4695 1272 4755 poter
1282 4697 1362 4745 menie
1373 4697 1487 4760 agitavit,
1498 4701 1607 4750 mortuiis
1618 4704 1702 4753 ouiom
1711 4704 1740 4751 ab
1750 4716 1778 4753 οο
1789 4701 1866 4750 anina·
1879 4741 1880 4744 ι

1758 4789 1865 4854 [iuueni.

1105 4868 1187 4929 -igni
1202 4868 1265 4918 enirn
1283 4871 1389 4922 mortuiis
1402 4875 1594 4937 appropinquans
1610 4877 1727 4928 divinitus
1741 4879 1815 4928 iumen
1832 4875 1866 4922 iu·

1105 4960 1182 5008 -Diu
1196 4961 1296 5011 moronti
1309 4963 1404 5012 moriuii
1414 4964 1501 5014 οοίειεε
1517 4965 1549 5014 dii
1560 4969 1626 5016 sunt.
1794 4962 1864 5028 [uiui

1449 5055 1545 5103 xxvii.
1721 5057 1723 5060 '

277 5149 347 5212 Regii
364 5153 445 5199 ouium
458 5153 542 5200 noiuro
556 5149 672 5200 indefeso
682 5148 785 5198 mundos
797 5158 913 5210 agrosque
925 5145 1010 5196 cuiios.
1027 5169 1059 5182 -
1105 5137 1147 5187 ida
1159 5138 1263 5187 ίοῐπὶῡνα
1273 5143 1297 5189 ei
1309 5153 1377 5190 soror
1388 5139 1510 5190 Αότοείοο.
1522 5165 1553 5175 —-

279 5235 310 5282 iii
323 5233 410 5284 coion
426 5235 570 5298 sempiterno
581 5249 651 5286 rursu
667 5235 756 5287 ieraiur
767 5235 891 5300 superiora
903 5234 1042 5286 detrahens.
1107 5259 1134 5276 ι.
1167 5227 1278 5278 Minibiss
1299 5240 1357 5278 V0¹⁰
1375 5240 1440 5276 noea
1451 5225 1560 5289 ci¹1¹b⁸¹a

373 5410 379 5444 i
395 5433 402 5440 .
