3696 5922
260 385 319 458 aas
522 419 528 430 .
910 367 961 430 bu
981 367 1212 430 ouuocutto.

261 507 364 575 nriarn,
391 501 641 579 scenographiam,
670 499 801 578 opticen,
823 501 1030 576 geometriam,
1056 507 1062 554 l
1077 520 1222 577 negemus.
1233 501 1268 560 ln
1278 501 1454 579 quolapsutn
1464 519 1526 560 esse
1537 514 1656 580 apparet
1667 502 1825 566 hleioersins

260 591 474 660 arithmeticen,
487 608 575 667 porro
586 607 634 646 eas
645 586 790 646 doctrinas
807 605 879 664 quas
894 607 971 644 nunc
985 607 1034 644 no·
1056 566 1061 618 Ι
1078 590 1169 665 quiin
1183 591 1280 646 Gesclr.
1291 593 1342 645 dcr
1356 592 1396 647 W
1397 591 1528 648 issemels.
1540 587 1552 645 l
1565 609 1593 666 p.
1607 610 1665 666 7²9
1680 609 1758 668 seqq.
1767 595 1828 670 plara

260 683 305 738 ris
330 677 479 736 vocabulis
504 674 737 754 psychologiam,
760 673 1032 748 chromatologiatu,
1081 675 1243 734 Democrito
1263 675 1408 752 abjudicat
1433 675 1589 752 fragmenta
1604 691 1756 754 propterea
1773 685 1829 756 qud

261 767 441 840 zoologiam,
466 763 665 838 lithologiam,
695 759 855 836 geologiam
879 779 1032 831 vocamus,
1077 774 1182 820 aeterna
1195 775 1223 820 et
1236 763 1380 838 peritura,
1395 763 1495 820 divina
1508 775 1535 820 et
1553 763 1683 822 burnana
1695 778 1830 826 atomomn

261 865 404 933 praterea
417 851 590 920 botanicen,
604 849 758 918 musicam,
779 847 927 925 poeticen,
942 867 1035 923 gram·
1077 849 1235 926 explicator
1248 849 1415 924 distinguat.
1432 851 1469 907 tt
1482 852 1683 910 Democritum
1698 854 1832 914 verisimile

261 939 406 1006 maticam,
425 936 615 1007 medicinam,
631 935 853 1010 agriculturam,
874 935 1032 1012 picturam,
1077 947 1120 992 est
1139 957 1174 994 eo
1188 937 1312 994 maxime
1326 937 1448 994 consilio
1462 955 1550 1014 opera
1570 938 1695 994 moralia
1707 941 1832 1012 emisisse,

227 1031 234 1046 “
259 1039 348 1083 artem
364 1023 528 1082 militarem.
548 1020 619 1091 Quae
632 1041 721 1098 quum
736 1022 777 1079 ita
790 1021 866 1097 sint,
883 1039 968 1078 nemo
981 1020 1034 1080 du·
1078 1034 1110 1079 ut
1130 1022 1321 1100 popularibus
1343 1024 1403 1080 suis
1425 1024 1579 1100 prodesset.
1597 1023 1741 1082 Prodesse
1759 1041 1832 1085 autea

259 1110 366 1168 bitabit
376 1151 385 1180 ‚
395 1109 466 1186 quin
481 1107 671 1186 philosophus
684 1106 879 1165 Abderitanus
890 1109 920 1164 in
932 1125 1032 1165 eorum
1077 1109 1211 1184 plurimis
1224 1120 1337 1186 poterat
1350 1123 1399 1167 aut
1414 1112 1558 1168 narrando
1572 1130 1638 1187 quae
1649 1113 1714 1189 ipse
1727 1114 1754 1169 in
1767 1115 1833 1172 itim-

261 1199 347 1256 fuerit
361 1215 482 1255 numero
499 1214 623 1270 quorum
639 1196 691 1252 vix
711 1195 817 1270 singuli
837 1195 960 1269 singulis
981 1213 1034 1252 sae·
1077 1193 1159 1252 tibus
1173 1194 1371 1252 memorabilia
1382 1196 1501 1254 vidisset
1513 1196 1736 1256 audissetveaut
1747 1200 1779 1256 de
1789 1203 1833 1258 rita

260 1285 333 1343 culis
353 1297 517 1342 nascuntur.
542 1283 609 1341 Fuit
630 1281 697 1352 ille,
714 1300 888 1356 quamquam
906 1282 937 1339 in
953 1295 1033 1339 caete·
1076 1280 1233 1356 prudenter
1260 1283 1451 1353 instituenda,
1466 1276 1509 1342 'de
1532 1285 1614 1342 ritiis
1644 1297 1674 1342 et
1699 1286 1832 1346 virtutibus

259 1374 300 1430 ris
321 1372 488 1440 dissimilis,
505 1371 535 1426 in
555 1369 610 1425 hoe
628 1367 763 1444 aequabili
782 1369 911 1426 omnium
928 1369 1032 1426 artium
1077 1365 1254 1427 disserendo.
1268 1368 1425 1444 Utramque
1438 1369 1532 1428 dotem
1548 1371 1705 1428 moralium
1719 1371 1777 1447 ejus
1788 1375 1832 1432 dis·

262 1461 358 1518 studio
373 1459 539 1518 simillimus
567 1456 739 1516 Aristotelis.
762 1458 856 1532 Atque
878 1456 954 1514 haud
973 1459 1033 1516 scio
1077 1455 1256 1529 putationum
1272 1455 1360 1514 fuisse
1372 1457 1440 1512 satis
1451 1456 1542 1532 liquet
1557 1457 1607 1533 (a).
1618 1457 1833 1532 Quamvisigitur

261 1567 297 1604 an
313 1547 462 1621 Stagirites
475 1545 552 1601 illam
566 1562 624 1619 qua
639 1543 768 1619 reliquos
786 1543 974 1620 philosophos
986 1563 1033 1602 su·
1077 1539 1138 1615 ipse
1153 1541 1289 1622 derebus
1303 1542 1413 1600 divinis
1426 1543 1508 1600 aliter
1521 1546 1640 1601 sentiret
1651 1556 1737 1620 atque
1750 1549 1833 1620 vulgus

260 1647 341 1709 perat
367 1631 557 1691 eruditionem
580 1630 678 1704 aliqua
701 1647 735 1686 ex
765 1641 847 1706 parte
875 1629 1033 1688 Democriti
1076 1625 1260 1708 Grgecorum,
1279 1643 1373 1688 tamen
1396 1630 1426 1688 in
1451 1628 1527 1688 libro
1553 1631 1723 1690 erudiendis
1742 1633 1833 1692 civibus

260 1723 402 1781 librorum
429 1721 546 1780 lectioni
572 1719 713 1778 debuerit.
735 1719 806 1777 lude
826 1720 877 1777 illa
898 1719 1033 1798 frequens
1077 1712 1731 1791 destinatonecesseereleumdediisadvulgi
1740 1733 1832 1795 captun

261 1811 337 1887 apud
351 1808 533 1868 Aristotelem
550 1807 705 1865 Democriti
716 1807 824 1864 mentio
839 1819 893 1866 est.
1077 1802 1290 1862 accommodate
1311 1803 1402 1878 loqui.
1420 1801 1490 1871 Quae
1503 1821 1593 1878 quum
1614 1803 1655 1860 ita
1668 1805 1742 1874 siut,
1756 1809 1834 1862 omnia

300 1894 452 1953 Librorum
466 1894 710 1951 Democriteoruut
726 1890 963 1968 reliquias,quas
972 1893 1032 1969 jam
1078 1887 1136 1947 fere
1157 1891 1313 1966 fragmenta
1333 1910 1350 1948 u
1370 1890 1524 1950 llleinersio
1545 1911 1600 1967 pro
1622 1893 1732 1967 spuriis
1755 1893 1833 1950 habita

259 1993 340 2038 antea
359 1981 416 2056 (54)
440 1979 538 2051 edidi,
565 1975 613 2034 hic
633 1990 763 2054 repetere
783 1977 856 2035 mihi
877 1979 971 2036 visum
991 1991 1033 2036 est
1077 1976 1258 2035 Democritea
1268 1996 1330 2035 esse
1344 1977 1429 2034 nobis
1442 1995 1611 2052 persuasum
1625 1990 1680 2036 est.
1702 1978 1793 2054 Neque
1804 1995 1834 2036 ta-

260 2071 366 2128 omisso
379 2069 459 2126 omni
474 2066 682 2124 commentario
701 2066 840 2142 omnique
857 2063 1033 2142 dephiloso·
1076 2081 1142 2120 tuen
1167 2064 1337 2135 diffitemur,
1363 2065 1488 2122 inveniri
1510 2064 1541 2122 in
1566 2065 1627 2122 illis
1652 2065 1779 2140 quasdam
1794 2067 1834 2124 De-

257 2157 306 2232 phi
320 2155 434 2232 placitis
447 2153 651 2231 disputatione.
1077 2150 1201 2208 mocrito
1220 2152 1380 2228 supposita.
1395 2155 1444 2208 Est
1456 2151 1534 2208 enim
1553 2149 1660 2227 duplex
1679 2170 1767 2225 genus
1780 2153 1834 2228 frag-

296 2243 327 2300 Si
345 2261 445 2300 verum
465 2239 597 2315 estquod
619 2239 676 2296 alio
697 2237 762 2295 loco
782 2237 820 2313 (r)
838 2236 1031 2313 conjecimus,
1078 2249 1256 2309 mentorum,
1282 2239 1314 2296 in
1341 2237 1449 2314 quibus
1473 2237 1600 2296 coelestia
1628 2250 1657 2294 et
1681 2241 1834 2315 sempiterna

255 2349 347 2404 opera
359 2328 479 2386 moralia
489 2326 678 2384 aDemocrito
688 2337 736 2382 aut
744 2324 872 2381 omnium
886 2329 1034 2400 primaaut
1077 2337 1282 2396 memorantur,
1294 2325 1413 2382 alterum
1424 2324 1464 2382 ita
1473 2336 1681 2400 comparatum,
1692 2337 1723 2381 ut
1734 2329 1835 2386 serratis

257 2433 388 2488 magnam
407 2427 514 2491 partem
533 2425 598 2470 ante
619 2412 732 2486 reliqua
750 2411 858 2486 scripta
874 2411 1034 2486 compositu
1076 2408 1157 2483 vulgi
1170 2409 1206 2466 de
1227 2410 1345 2468 deorum
1360 2413 1485 2487 potentia
1498 2430 1532 2467 ac
1553 2411 1701 2468 voluntate
1721 2413 1834 2488 opinioni

255 2519 335 2568 esse,
359 2517 444 2556 nemo
471 2496 635 2568 mirabitur,
660 2497 691 2554 in
715 2495 761 2554 bis
785 2494 870 2553 libris
895 2497 1034 2554 nonnulla
1077 2496 1131 2553 bus
1141 2497 1211 2554 utile
1221 2496 1257 2554 ad
1268 2497 1356 2555 vitatu
1368 2509 1443 2554 recte
1452 2496 1591 2570 agendam
1601 2511 1772 2574 praeceptum
1781 2521 1834 2558 ooa-

258 2585 333 2642 tradi
351 2597 509 2662 praecepta,
527 2603 591 2660 quas
611 2583 766 2660 posteriori
790 2582 957 2661 philosophi
978 2583 1032 2641 do·
1078 2579 1204 2654 tineant,
1220 2583 1341 2640 alterum
1354 2583 1397 2640 sic
1416 2582 1624 2658 compositum,
1648 2595 1681 2639 ut
1694 2585 1833 2660 profectam

258 2673 357 2730 ctrinae
375 2672 558 2729 vehementer
577 2683 747 2747 repugnent.
767 2669 837 2726 Nam
862 2690 950 2745 quum
974 2690 1033 2728 non
1077 2685 1140 2726 esse
1166 2683 1301 2746 appareat
1326 2667 1363 2726 ab
1388 2669 1521 2740 homine,
1544 2669 1595 2744 qui
1624 2668 1688 2745 ipse
1716 2671 1833 2728 mundun

258 2759 360 2816 divina
371 2756 562 2836 potentia,de
571 2775 628 2832 qua
639 2775 697 2812 non
712 2754 866 2812 admodum
876 2755 1035 2816 honorifice
1078 2766 1184 2812 aeterna
1207 2756 1254 2814 dei
1280 2756 1421 2833 sapientia
1442 2773 1474 2813 ac
1494 2753 1680 2832 providentia
1699 2755 1833 2829 gttbemaci

258 2845 414 2915 sentiebat,
430 2843 479 2900 sed
503 2854 665 2900 atomorum
686 2861 828 2900 concursu
850 2841 949 2898 omnia
969 2857 1034 2902 nata
1077 2841 1262 2900 existimaret.
1281 2843 1430 2901 Posterius
1444 2860 1534 2918 genus
1547 2841 1763 2918 supposititium
1781 2863 1833 2900 oeo-

258 2951 320 2990 esse
331 2944 359 2988 et
372 2943 511 3008 perpetuo
526 2929 604 2986 nasci
617 2927 805 2996 decrevisset,
819 2925 884 2983 fieri
905 2927 1033 3003 profecto
1078 2928 1135 2985 seri
1148 2941 1271 3006 oportet.
1286 2929 1318 2987 ln
1339 2948 1398 3006 quo
1417 2949 1476 2986 non
1491 2929 1575 2987 valde
1586 2928 1725 2987 dissentio
1745 2949 1762 2986 a
1780 2930 1836 2986 Bur·

258 3038 316 3076 non
342 3029 470 3096 poterat,
489 3015 561 3091 quin
582 3032 713 3088 magnam
737 3011 855 3070 moralis
875 3011 1035 3088 disciplinae
1078 3013 1193 3072 chardo.
1207 3015 1300 3084 Quum
1314 3017 1402 3090 igitur
1413 3017 1596 3074 Democritus
1605 3016 1724 3073 aitzdir'
1734 3017 1834 3074 morini-

258 3119 367 3182 partem
383 3105 506 3161 tolleret.
522 3101 577 3160 Sed
597 3113 629 3158 ut
642 3100 838 3168 inveniuntur,
857 3101 908 3176 qui
926 3100 1033 3158 nullutn
1077 3101 1211 3156 tristano
1229 3105 1387 3175 largiuntur
1400 3102 1447 3176 fef.
1468 3102 1570 3178 fragm.
1596 3101 1657 3179 13),
1672 3102 1744 3160 nihil
1765 3103 1835 3171 dicit,

258 3210 320 3250 esse
345 3191 475 3248 divinam
507 3202 638 3246 naturam
670 3187 821 3262 opinantes
849 3187 917 3244 vitre
940 3199 1033 3245 tamen
1077 3185 1154 3261 quod
1182 3207 1199 3244 a
1223 3186 1318 3264 plebis
1341 3187 1480 3265 opinione
1507 3187 1681 3264 abhorreat,
1704 3203 1785 3266 atque
1802 3191 1834 3246 his

258 3279 407 3336 sanctitate
421 3290 449 3334 et
463 3274 605 3353 probitate
618 3272 773 3343 excellant,
788 3273 828 3330 ita
840 3274 1032 3330 Democritum
1078 3273 1149 3348 ipsis
1168 3273 1268 3332 verbis
1281 3277 1370 3334 utitur
1391 3274 1427 3332 ad
1452 3274 1602 3332 hominum
1624 3277 1776 3334 &citatem
1797 3277 1834 3332 dr-

257 3362 499 3423 arbitranrurhos
515 3360 551 3418 de
566 3358 696 3416 moribus
719 3358 810 3416 libros
829 3359 908 3416 salva
925 3371 1034 3417 atomo·
1078 3360 1308 3430 monstrandam,
1336 3359 1387 3436 qui
1414 3361 1488 3418 mala
1519 3379 1572 3418 sua
1595 3361 1630 3417 ad
1653 3361 1723 3419 deos
1747 3362 1833 3420 referre

258 3470 320 3508 rum
333 3452 464 3509 doctrina
473 3447 600 3507 scribere
613 3447 750 3524 potuisse.
762 3445 873 3516 Quodsi
883 3448 1034 3505 statuimus
1077 3459 1207 3504 auctores
1224 3460 1443 3506 consueverunt.
1457 3447 1566 3504 Contra
1577 3447 1651 3504 nibil
1663 3451 1754 3522 magis
1765 3469 1832 3526 supra

259 3537 465 3616 philosophum
479 3548 631 3612 antequam
646 3531 682 3590 de
696 3533 798 3591 atomis
812 3533 983 3609 dissereret,
998 3534 1034 3591 de
1077 3532 1156 3607 vulgi
1166 3546 1277 3610 captum
1286 3573 1295 3603 ,
1304 3533 1375 3590 nihil
1386 3553 1403 3590 a
1413 3534 1593 3591 Democritea
1604 3533 1641 3592 de
1650 3533 1737 3592 rebus
1745 3535 1832 3592 diriuis

259 3625 362 3682 morali
383 3623 540 3701 disciplina
558 3622 780 3679 commentarios
802 3622 956 3698 plerosque
972 3621 1033 3697 jani
1077 3621 1217 3678 sententia
1230 3633 1285 3678 tam
1296 3621 1421 3678 alienum
1435 3632 1493 3688 est,
1507 3639 1593 3697 quam
1609 3619 1689 3696 quod
1702 3621 1773 3697 apud
1788 3623 1831 3675 lo

257 3711 408 3785 vulgasse,
432 3710 528 3779 illam,
548 3707 632 3783 cujus
648 3707 755 3765 mentio
771 3707 842 3766 facta
856 3721 917 3778 est,
932 3707 1033 3764 incon·
1078 3709 1187 3764 touium
1203 3719 1231 3764 et
1255 3707 1410 3764 Maximum
1434 3706 1556 3765 Abdere
1579 3707 1697 3764 alumno
1718 3705 1832 3763 tribuitur

257 3797 388 3854 stantiam
397 3795 584 3853 necessariam
596 3794 683 3851 fuisse
697 3804 781 3870 patet.
794 3795 888 3869 Atque
902 3791 1034 3868 haecipsa
1077 3795 1123 3870 (cf.
1140 3795 1240 3870 fragm.
1256 3813 1374 3872 suppos.
1396 3796 1432 3871 7)
1448 3797 1522 3850 illud
1540 3809 1568 3850 re
1584 3797 1638 3850 deo
1650 3796 1765 3866 dignam
1784 3793 1831 3868 effi-

257 3882 449 3940 inconstantia
462 3899 520 3938 non
534 3879 620 3938 modo
632 3877 810 3951 excusanda,
826 3897 926 3936 verum
947 3881 1032 3936 etiam
1076 3887 1145 3950 ciet,
1171 3888 1196 3936 si
1219 3881 1293 3936 nitu
1314 3899 1346 3936 eo
1369 3883 1515 3954 iudignum
1532 3878 1653 3950 seceris.
1680 3881 1776 3954 Itaque
1792 3878 1832 3932 hoe

256 3965 405 4043 probanda
418 3967 505 4036 foret,
521 3967 546 4024 si
572 3969 667 4023 virum
683 3965 852 4043 praeclarum
873 3978 940 4042 post
963 3966 1034 4022 illu·
1078 3966 1266 4040 fragmentum
1285 3987 1349 4024 cum
1372 3964 1507 4043 pluribus
1530 3965 1597 4024 aliis
1621 3963 1660 4044 (3)
1677 3965 1830 4023 eDemooi-

256 4065 344 4110 strata
361 4053 474 4110 demum
492 4051 652 4110 litterarum
672 4051 864 4109 monumentis
881 4051 1033 4108 individua
1078 4063 1187 4110 teorum
1204 4054 1375 4129 fragminum
1397 4071 1518 4110 numero
1535 4053 1741 4130 expunximus.
1755 4051 1830 4126 licque

256 4140 426 4216 corpuscula
440 4138 475 4196 ad
486 4139 643 4196 ornandam
654 4137 909 4215 explicandumque
920 4158 1032 4196 morum
1078 4152 1171 4196 tamen
1187 4159 1300 4216 semper
1318 4140 1347 4196 in
1368 4138 1535 4215 rejiciendis
1549 4139 1785 4214 sententiis,qua
1800 4137 1831 4194 u'·

255 4224 438 4301 disciplinam
451 4224 578 4280 animum
589 4223 727 4300 adjecisse
739 4225 814 4281 inter
824 4237 954 4281 auctores
967 4243 1033 4281 con·
1077 4226 1181 4296 dentur
1200 4228 1299 4291 νοθείας
1313 4227 1437 4303 speciem
1451 4245 1511 4303 prae
1526 4243 1556 4282 se
1569 4225 1661 4300 ferre,
1684 4227 1832 4304 astipulans

257 4311 378 4370 veniret.
396 4311 492 4380 Quare
507 4310 664 4368 cavendum
679 4323 737 4382 est,
751 4329 787 4368 ne
803 4331 867 4386 quae
883 4311 913 4368 in
928 4311 1032 4368 Demo·
1078 4331 1141 4370 suin
1155 4313 1335 4383 burchardo,
1350 4331 1434 4389 quem
1456 4313 1590 4370 acerrimi
1612 4313 1742 4370 censoris
1763 4314 1832 4369 instar

256 4397 354 4456 eriteis
382 4399 418 4454 de
445 4397 547 4454 morali
569 4396 755 4475 philosophia
785 4396 976 4471 fragminibus
1000 4417 1033 4456 ae
1055 4398 1356 4477 ,justoplurestribu
1372 4401 1554 4470 movisse‚et
1567 4399 1646 4474 quod
1660 4401 1782 4457 maxime
1794 4397 1831 4454 ni·

256 4485 405 4542 sententiis
417 4485 561 4542 contraria
574 4483 728 4542 videantur
738 4484 903 4562 philosophi
918 4483 954 4542 de
965 4485 1034 4542 deo·
1078 4487 1166 4558 reris,
1181 4485 1239 4544 sibi
1259 4505 1295 4544 ne
1309 4486 1471 4545 constitisse
1489 4485 1606 4563 quidem
1618 4487 1652 4544 in
1672 4487 1725 4544 illo
1739 4483 1830 4560 negotio

256 4590 320 4628 rum
334 4583 436 4630 natura
448 4569 578 4648 judicio,
595 4587 628 4628 ea
642 4590 776 4646 germana
791 4569 854 4647 ejus
865 4571 956 4629 verba
969 4591 1033 4630 esse
1077 4572 1347 4634 animadvertimus.
1361 4573 1490 4650 Namque
1503 4573 1594 4631 rerba
1607 4574 1657 4632 illa
1672 4593 1736 4651 quae
1752 4573 1830 4646 legatu-

286 4762 337 4824 (st)
351 4761 480 4811 Democriti
506 4759 625 4810 audente
645 4771 744 4822 operum
766 4761 898 4820 fragmenta
919 4761 1026 4823 collegit,
1107 4762 1140 4825 (³)
1157 4761 1247 4811 similla
1258 4764 1314 4810 sunt
1328 4762 1389 4810 luter
1402 4761 1533 4824 lngus-ts
1545 4761 1693 4825 mestuus
1702 4757 1829 4824 podager

255 4832 389 4890 rocensuit,
401 4831 615 4892 vertit‚erplieuit
625 4843 653 4878 ae
669 4830 700 4880 de
712 4829 847 4892 philosophi
870 4834 919 4880 uta
935 4832 1029 4893 scriptis
1076 4843 1143 4880 mum
1158 4831 1269 4894 quintum
1283 4831 1330 4893 (ap.
1349 4834 1436 4882 toton
1449 4837 1473 4880 et
1487 4833 1552 4881 Mat.
1569 4844 1593 4893 p.
1609 4833 1685 4894 ²77ls
1702 4833 1754 4891 θεῷ
1768 4831 1828 4889 epau

254 4902 279 4948 et
293 4899 385 4961 placitis
396 4902 571 4950 mmmeutatus
582 4901 618 4947 est
629 4901 656 4949 F.
666 4900 698 4948 G.
715 4903 742 4948 Α.
754 4897 905 4948 ttuilachius.
917 4898 1029 4960 berolini,
1076 4902 1124 4963 iga
1132 4904 1145 4950 t
1154 4899 1335 4964 ἀνθρωποςτὸιῦ
1344 4907 1419 4950 uersu
1427 4901 1516 4950 ὅταντὸ
1526 4899 1552 4950 u'r
1560 4907 1634 4949 auctr
1641 4899 1827 4963 himaldum,

254 4969 390 5031 sumptibus
397 4971 427 5018 G.
444 4968 548 5028 essert,
565 4971 632 5018 1843.
1076 4973 1115 5018 aul
1130 4971 1158 5020 td
1169 4971 1293 5032 εὐεργετεῖν
1309 4972 1349 5020 aul
1360 4971 1490 5028 ἀληθεύειν·
1504 4975 1529 5019 el
1541 4969 1740 5030 quadragesimum
1752 4967 1827 5013 terim

287 5041 319 5100 (t)
334 5039 388 5088 vid.
403 5037 490 5089 librom
502 5038 574 5087 modo
582 5039 680 5088 citatum
693 5049 744 5102 pag.
759 5041 813 5091 tot.
1075 5039 1220 5100 (Democrit.
1230 5040 1303 5089 orell.
1312 5053 1337 5088 u.
1349 5038 1390 5100 so)
1401 5039 1463 5087 εἪν
1472 5039 1570 5100 πιστεύῃ
1578 5053 1611 5092 τις
1620 5037 1680 5094 terh
1689 5031 1826 5084 ὲκισκοιτίω

284 5111 319 5170 (t)
335 5105 390 5156 vid
406 5109 422 5156 l.
432 5121 453 5156 e.
468 5121 520 5171 pag.
534 5113 585 5157 101.
936 5106 942 5120 “
1048 5127 1052 5156 t
1075 5106 1162 5168 aduro,
1173 5108 1225 5157 orias
1234 5108 1304 5173 λάθρη
1314 5109 1367 5158 οὔτε
1381 5113 1481 5171 φανερῶς
1490 5107 1650 5170 ἁμαρτήσεται.
