3838 5926
196 341 241 426 ω’
841 343 1149 410 comunummus

194 493 267 571 γένος
284 469 561 570 ιίοὶοιοτριοίοειι
576 483 718 566 adjectum
734 483 786 562 qui
800 501 916 542 versum
931 481 974 541 sic
1022 481 1095 539 sitne
1121 488 1220 556 patere
1244 472 1409 534 voluerunt.
1445 469 1640 542 Quamobrem
1665 475 1811 549 quernvls

195 581 312 640 videtur
324 577 495 637 constituere
512 575 662 634 voluisse:
1021 566 1174 626 humorem
1198 577 1227 621 et
1245 582 1361 622 succum
1387 579 1422 618 eo
1434 560 1560 618 nomine
1582 573 1733 617 vocarunt
1752 560 1811 618 Sic

1022 653 1111 712 Antii.
1131 650 1183 727 xl,
1201 652 1257 726 298
1269 645 1283 709 t⁴
1294 647 1415 725 ἀμπέλου
1430 647 1560 718 ἡδυτάτης
1574 645 1637 704 τάδε
1647 646 1748 725 δάκρυα
1761 647 1811 712 δός

1024 763 1069 817 μοι
1091 741 1228 819 ἇρύσσειν.
1247 738 1319 807 Quae
1342 754 1433 812 quum
1453 739 1493 792 ila
1514 733 1585 802 sint,
1613 735 1809 792 scribendum

1025 829 1126 906 putavi
1141 845 1149 886 2
1162 824 1262 895 Νῆστίς
1274 825 1298 883 θ’
1316 822 1334 895 ἣ
1351 821 1469 900 δακρύων
1484 819 1570 897 τέγγει
1583 819 1725 898 κρούνωμα
1741 825 1812 900 βρό-

200 929 343 988 Arsenius
371 927 518 1003 denique,
548 921 633 1000 cujus
660 909 814 979 lectionem
840 915 978 997 probavit
1023 937 1102 990 τιιον,
1115 913 1194 992 quod
1209 911 1321 990 duplici
1336 909 1422 968 modo
1434 910 1706 986 licetinterpretari,
1720 921 1752 965 ut
1769 909 1813 965 sit

198 1015 393 1076 Karsteuius:
422 1035 428 1045 ·
1024 1001 1070 1059 vel
1094 1021 1101 1058 :
1124 1004 1215 1058 Nestis
1238 1021 1304 1078 quoe
1327 1002 1506 1054 lacrimarum
1524 996 1637 1069 sontem
1662 997 1814 1052 humectat

1025 1092 1197 1157 mortalibus,
1211 1087 1258 1144 vel
1272 1089 1326 1142 cleu
1342 1106 1408 1160 quoe
1422 1087 1600 1151 mutabilem,
1625 1096 1658 1139 ut
1677 1097 1742 1139 euru
1763 1104 1814 1138 res

743 1219 750 1241 ,
893 1219 899 1238 .
1025 1177 1166 1246 irreruuuoe,
1192 1195 1330 1250 aquarum
1344 1173 1457 1245 fontem
1486 1178 1594 1247 irrigue.
1620 1169 1687 1248 lpsa
1707 1171 1814 1244 igitur

677 1221 838 1300 [κρουνομαί
852 1223 978 1298 βροτω
1025 1262 1120 1321 Nestis
1134 1266 1271 1340 quoniam
1290 1260 1385 1317 locum
1403 1259 1480 1316 inter
1500 1257 1620 1314 numina
1634 1256 1710 1333 apud
1725 1257 1816 1313 Sicu-

199 1360 340 1420 Sicetiam
349 1355 509 1414 Violarium
521 1351 768 1410 ms.bibliotl1ecae
780 1349 981 1408 laurentiana·
1028 1351 1071 1407 los
1080 1363 1157 1408 tenet
1169 1341 1226 1426 [Cf.
1241 1347 1369 1406 Eustath.
1383 1345 1414 1403 in
1425 1344 1507 1402 lliad.
1519 1345 1554 1414 T,
1568 1363 1600 1420 p.
1613 1346 1700 1413 1180,
1713 1364 1740 1414 1,
1758 1352 1812 1413 14,

239 708 339 782 Νῆστίς
359 712 383 767 θ’
406 705 424 778 ἢ
448 705 568 784 δακρύοις
587 725 618 781 γι
636 703 737 782 πικροῖς
761 709 838 782 νωμᾷ
859 698 898 866 τὸ[
912 696 975 777 βρύ-

899 809 976 846 τιιον.

241 1148 341 1214 Νῆστις
363 1137 525 1219 δακρυύιοοά
543 1136 578 1212 τ’,
603 1133 788 1214 ίπικρούνωμοι
808 1132 903 1209 (vulg.
919 1131 979 1188 lm·

87 1473 89 1479 ’
201 1448 268 1509 cod.
282 1444 369 1506 lixit
391 1441 481 1521 plutei
497 1440 547 1502 lV.
564 1459 630 1518 pag.
651 1441 705 1498 128
723 1439 865 1497 adversa:
928 1449 942 1518 3
1027 1435 1072 1495 καί
1095 1435 1220 1506 Σικελικὴ
1243 1436 1270 1494 δέ
1292 1457 1346 1508 τις,
1371 1431 1452 1512 φασί,
1473 1429 1529 1497 Θεὸς
1552 1433 1652 1500 Νῆστις
1672 1430 1813 1505 ili-suto),

1028 1524 1151 1602 ideoque
1159 1538 1292 1584 aternam
1308 1533 1391 1580 nacta
1400 1533 1444 1578 est
1452 1522 1556 1589 vitam,
1571 1518 1612 1576 ita
1621 1517 1708 1588 rebus
1718 1519 1815 1575 fluxis

1028 1625 1057 1669 et
1072 1612 1188 1670 caducis
1199 1613 1265 1692 (τοῖς
1278 1607 1418 1690 βροτείοις)
1432 1619 1546 1684 preest,
1561 1617 1594 1662 ut
1602 1604 1688 1662 modo
1696 1606 1816 1681 aperiat

203 1705 265 1762 lloc
281 1702 391 1760 accedit
404 1698 567 1758 versiculus
580 1697 616 1756 ab
632 1697 718 1756 llenr.
732 1696 879 1774 Stephano
894 1695 980 1754 l‘oes.
1031 1699 1123 1758 sontes
1138 1699 1225 1757 modo
1247 1698 1362 1756 claudat
1385 1711 1559 1770 omnemque
1578 1711 1719 1770 aquarum
1745 1694 1814 1750 vim

202 1787 276 1869 phil.
294 1810 324 1868 p.
342 1809 396 1845 aar
412 1798 608 1844 memoratus:
1031 1805 1084 1844 suo
1097 1787 1221 1865 imperio
1238 1799 1328 1862 regat.

865 1881 867 1884 '
1069 1872 1117 1931 Vs.
1136 1875 1199 1932 162.
1215 1875 1322 1933 Sensus
1336 1884 1380 1930 est
1399 1893 1406 1928 :
1423 1895 1436 1922 ι
1452 1869 1498 1928 luis
1511 1869 1661 1926 elementis
1673 1870 1817 1926 amicitiae

243 1580 374 1647 Νῆστις...
392 1570 521 1651 κρούισοοί
535 1568 558 1626 τ’
570 1567 754 1648 ἐπικρούνωμα
771 1567 896 1648 βρότειον.

245 1919 344 1991 usust<
358 1917 380 1976 θ’
393 1917 411 1988 i
422 1913 543 1995 δακρύοις
556 1914 761 1993 mmm-[²²²²
777 1913 902 2000 ipim
1030 1957 1172 2020 beneii'cio
1193 1961 1376 2029 coeuntibus,
1393 1957 1546 2016 Discordia
1560 1956 1595 2013 ad
1611 1969 1739 2014 exueram
1764 1979 1816 2014 re·

205 2067 319 2126 quemn
335 2046 476 2120 Diogenis
491 2055 572 2102 textu
587 2061 646 2100 non
658 2040 813 2098 admodum
836 2041 983 2102 diversum
1032 2053 1125 2110 cessit.
1141 2077 1153 2103 ν
1170 2053 1204 2110 Ιιι
1220 2070 1279 2127 quo
1295 2047 1452 2107 notandum
1471 2045 1617 2118 vocabulo
1630 2045 1741 2121 ἔσχατον
1760 2046 1816 2102 de-

204 2134 387 2193 ecodieibus
406 2129 622 2192 parisiensibus
635 2129 756 2207 petitum
769 2147 831 2186 esse
847 2149 925 2190 reor.
939 2132 987 2189 At·
1032 2137 1143 2212 signari
1154 2138 1287 2197 effectum
1302 2141 1347 2194 τοῦ
1361 2133 1518 2201 ἐξίστασθαι.
1533 2133 1579 2189 Cs.
1591 2133 1668 2190 inira
1677 2153 1708 2190 v.
1723 2135 1781 2206 198
1805 2153 1814 2190 t

205 2242 263 2300 ιγιιο
290 2221 415 2296 intelligi
441 2219 559 2297 quidem
588 2237 674 2295 posse
695 2217 749 2274 hos
774 2236 849 2293 quos
864 2237 880 2276 e
894 2219 986 2277 variis
1032 2223 1165 2294 ίξίστηκιν
1191 2223 1345 2303 ἐπ’ἔοχοτο
1369 2221 1487 2300 τέρματα
1506 2217 1614 2278 κύκλου.
1630 2218 1725 2277 Verba
1748 2221 1817 2276 haec

207 2308 403 2388 scriptoribus
421 2306 597 2386 protulimus
612 2325 715 2364 versus
736 2324 836 2363 omnes
851 2307 985 2364 confiten-
1033 2312 1173 2387 spectarit
1197 2311 1368 2369 Aristoteles
1389 2307 1512 2384 lletaplr.
1534 2306 1573 2378 ll,
1598 2316 1614 2374 l,
1639 2326 1705 2383 pag.
1731 2327 1814 2364 ιοοο

208 2410 266 2468 tur,
283 2396 453 2456 sententiam
472 2413 543 2451 vero
556 2411 615 2449 non
635 2409 697 2450 esse
711 2410 775 2450 eam
791 2412 856 2468 quas
873 2394 920 2450 bic
936 2414 995 2472 pot
1035 2396 1119 2456 Bell.
1135 2401 1183 2458 :sl'
1194 2397 1245 2477 γὰρ
1266 2397 1302 2474 μὴ
1330 2387 1362 2468 ἦν
1385 2395 1415 2452 τὸ
1433 2397 1516 2460 νεῖκος
1529 2397 1556 2451 ἐν
1571 2397 1624 2460 τοῖς
1644 2393 1815 2472 πράγμασιν,

208 2487 353 2544 tissimum
373 2482 540 2559 requiratur
560 2499 647 2538 nemo
670 2499 729 2536 non
753 2480 842 2540 videt.
866 2480 936 2539 Nam
952 2482 988 2539 de
1034 2483 1061 2542 ἓν
1076 2483 1108 2542 ἂν
1123 2477 1154 2558 ἦν
1169 2485 1291 2557 ἅπαντα,
1307 2482 1342 2549 ὥς
1363 2505 1450 2562 φησιν·
1473 2479 1599 2558 ὅτανγὰρ
1613 2481 1735 2560 συνέλθῃ,
1750 2481 1817 2539 τότε

209 2582 346 2650 qtrattuor
382 2589 479 2628 remm
508 2568 639 2626 omnium
676 2566 826 2626 radicibus
857 2569 902 2626 vel
931 2568 987 2626 ele·
1035 2573 1058 2630 δ’
1069 2571 1181 2652 ἔσχατον
1195 2571 1288 2631 ἵστατο
1299 2580 1391 2636 νιῑκος.

210 2660 316 2718 mentis
327 2677 392 2735 quae
409 2654 545 2737 ῥιζώματα
560 2655 598 2733 (ἱ.
611 2674 639 2712 e.
651 2654 810 2733 interprete
825 2655 989 2733 Philopono
1074 2660 1139 2719 Vsu.-
1165 2661 1303 2720 163.165.
1321 2657 1413 2735 Αὒςλρ
1432 2656 1489 2715 iusi
1507 2653 1707 2732 νεῖκος-μόνον
1726 2645 1817 2734 εἶναι]

209 2747 299 2824 Phys.
311 2746 337 2816 l,
353 2745 398 2804 lit.
408 2744 456 2816 C,
471 2765 500 2822 p.
515 2765 546 2814 a,
561 2741 594 2799 τὰ
610 2739 686 2800 ulixi
699 2740 785 2820 aissa)
801 2757 887 2802 vocat
897 2745 988 2803 ‹lictu-
1003 2743 1006 2748 ‘
1036 2745 1104 2804 citat
1116 2747 1328 2825 Simpliciusde
1338 2742 1422 2802 Coelo
1435 2741 1461 2801 ll
1473 2761 1520 2819 ap.
1533 2739 1699 2817 Peyronum
1714 2763 1743 2819 p.
1755 2763 1816 2815 275

214 2855 266 2893 rtis
294 2833 398 2894 Jovem
420 2851 483 2890 esse
508 2829 697 2908 Empedocles
722 2831 823 2888 statuit
855 2831 988 2888 aetherem
1037 2832 1123 2890 iidem
1149 2852 1251 2891 versus
1273 2832 1403 2908 corrupti
1430 2829 1590 2902 allegantur
1618 2829 1649 2885 in
1673 2828 1719 2888 ed.
1743 2830 1815 2890 tid.

212 2923 274 2981 sive
286 2923 394 2998 ignem,
409 2919 534 2978 lunonis
550 2919 667 2976 nomine
681 2918 836 2977 Plutarcho
854 2930 924 2978 teste
947 2921 995 2977 ae}
1039 2920 1059 2976 f.
1075 2921 1129 2977 128
1144 2919 1175 2977 b.
1187 2921 1267 2978 aude
1281 2919 1464 2998 Simplicium
1478 2918 1509 2974 in
1520 2917 1607 2974 Arist.
1624 2915 1711 2993 Phys.
1724 2916 1749 2987 l,
1766 2919 1786 2974 s.
1799 2940 1816 2990 7

212 3029 275 3068 rem
290 3009 390 3079 allicit,
403 3007 509 3066 Orcum
527 3019 632 3064 terram
648 3024 710 3063 esse
722 3007 785 3064 vult
798 3007 808 3083 l
819 3007 857 3067 cf.
869 3026 927 3066 νου.
943 3009 990 3079 16,
1037 3006 1068 3066 b.
1084 3008 1223 3066 Caeterum
1250 3009 1338 3066 iidem
1355 3024 1459 3065 versus
1474 3005 1550 3063 inira
1571 3003 1715 3061 habentur
1739 3006 1818 3082 (vsa.

216 3099 322 3170 17,18,
338 3099 399 3172 ορ),
410 3095 478 3153 licet
489 3092 802 3164 Heraclitus,Stobaeus
811 3095 993 3171 aliiquecon-
1041 3099 1170 3172 191-193
1183 3093 1201 3174 J.
1211 3095 1308 3164 Quum
1320 3094 1398 3152 enim
1413 3092 1452 3152 ob
1464 3111 1498 3150 ea
1510 3111 1576 3169 quae
1589 3090 1625 3148 ab
1641 3089 1818 3167 Empedocle

213 3185 335 3243 trarium
348 3201 500 3262 perperam
512 3181 734 3252 affirmaverint,
749 3180 892 3240 Nestidem
910 3182 990 3240 deni·
1038 3183 1174 3242 dicuntur
1190 3183 1343 3262 probabile
1364 3181 1402 3238 sit
1422 3180 1540 3238 eandem
1563 3178 1735 3236 sententiam
1751 3197 1820 3236 esse

214 3291 271 3349 que
284 3271 366 3328 deam
379 3287 520 3347 aquarum
535 3268 691 3346 praesidem
707 3283 865 3347 nuncupat.
887 3270 944 3329 Sed
964 3273 993 3328 in
1039 3275 1207 3350 repetitam,
1223 3272 1271 3330 bis
1283 3291 1357 3342 eom,
1380 3266 1622 3347 quemadmodum
1643 3265 1818 3324 l‘anzerbie·

213 3359 268 3416 huc
278 3358 473 3436 descriptione
488 3357 560 3434 quid
572 3357 674 3414 attinet
686 3359 820 3418 lacrimas
834 3360 994 3418 amortnli·
1040 3373 1101 3417 tero
1116 3361 1282 3437 placuerat,
1303 3360 1334 3417 in
1357 3359 1403 3416 his
1430 3357 1655 3432 fragmentorum
1679 3355 1819 3432 reliquiis

214 3445 270 3504 bus
288 3445 364 3504 susas
379 3445 624 3504 commemorare?
641 3443 726 3513 Quod
749 3466 838 3524 quum
856 3446 993 3522 frigidum
1040 3467 1149 3522 ponere
1162 3449 1256 3505 visum
1272 3460 1324 3507 est.
1341 3446 1510 3504 accuratius
1523 3455 1618 3502 autem
1638 3444 1674 3500 dc
1687 3442 1725 3501 iis
1739 3445 1820 3502 inira

215 3534 263 3604 sit,
275 3534 391 3592 diversa
402 3534 516 3592 ratione.
527 3531 586 3592 viri
592 3530 670 3589 docti
678 3545 770 3610 poetae
783 3553 897 3591 manium
911 3537 995 3593 resti·
1043 3533 1228 3592 disseremus.

221 3633 301 3676 tuere
315 3619 411 3678 conati
423 3631 501 3681 sunt.
515 3618 617 3698 ltaque
630 3619 766 3678 Struvius
779 3621 810 3679 in
825 3622 938 3680 dissert.
958 3621 995 3680 de
1081 3619 1125 3680 Vs.
1146 3623 1211 3682 166.
1222 3617 1280 3679 otei
1294 3643 1319 3676 τι
1332 3619 1600 3697 κτλ.]Μοιιιοιιιιυι
1612 3616 1648 3675 ab
1661 3617 1823 3676 Aristotele
1895 3639 1898 3650 ι

217 3705 309 3766 Elem.
325 3705 510 3784 Empedoclis
533 3708 672 3786 (Dorpati
698 3709 792 3788 1805)
814 3729 930 3767 versum
954 3711 997 3767 ita
1042 3705 1078 3764 de
1097 3707 1231 3779 llelisso,
1255 3705 1327 3765 llcn.
1351 3720 1379 3763 et
1401 3709 1488 3781 Gorg.
1513 3724 1575 3782 cap.
1597 3725 1614 3760 a
1640 3723 1704 3780 pag.
1725 3704 1822 3778 976b

218 3793 346 3850 correxit
362 3814 368 3849 :
1042 3794 1087 3854 ed.
1102 3796 1187 3852 lielsls.
1205 3797 1284 3872 (pag.
1302 3794 1338 3852 35
1353 3813 1412 3870 seq.
1426 3793 1472 3852 ed.
1493 3793 1605 3868 nostr.)
1627 3790 1740 3848 Stobaeo
1756 3789 1819 3852 uel.

1045 3881 1066 3951 l,
1091 3903 1126 3957 ¹9
1146 3901 1211 3960 pag.
1228 3883 1285 3954 378
1301 3880 1398 3955 i'l'orn.
1417 3881 1428 3937 l
1444 3901 1473 3958 p.
1493 3879 1603 3949 russed.
1618 3879 1709 3938 Gaisf.
1721 3878 1823 3954 ),Plu·

1045 3967 1142 4026 tarcho
1156 3969 1192 4026 de
1203 3968 1279 4027 l‘lac.
1291 3969 1365 4045 phil.
1378 3971 1404 4036 l,
1422 3969 1472 4039 183
1489 3968 1600 4025 Galeno
1612 3967 1680 4025 hist.
1696 3966 1768 4043 phil.
1783 3965 1821 4038 X,

219 4043 458 4104 Panuerbieterus
474 4067 481 4102 :
496 4049 531 4106 N.
548 4044 570 4102 θ’
584 4045 602 4117 ἣ
618 4044 739 4122 δακρύοις
757 4045 843 4126 τέγγει
858 4050 998 4125 κρουνωπλ
1044 4056 1228 4114 'l'lreodoreto
1240 4051 1367 4132 'l'herap
1383 4055 1475 4116 Serm.
1495 4055 1544 4127 lv,
1561 4068 1631 4114 tom.
1654 4053 1689 4110 tv
1711 4073 1740 4130 p.
1762 4054 1823 4129 529

222 4138 367 4212 βροτοῖσιν,
380 4133 618 4194 Schneidewinus
632 4132 740 4194 Philol.
756 4133 793 4191 Vl
808 4155 838 4212 p.
859 4136 936 4193 156:
1045 4143 1076 4201 C.
1092 4144 1240 4201 Pertinent
1261 4162 1296 4200 ea
1322 4163 1387 4219 quae
1408 4144 1456 4202 Ιιὶο
1477 4143 1614 4200 dicuntur
1636 4143 1671 4198 od
1688 4141 1822 4199 universi

1046 4230 1283 4308 aequabilitatem,
1294 4232 1388 4308 qualis
1404 4233 1434 4288 in
1449 4230 1536 4307 globo
1550 4231 1733 4308 potissimum
1751 4249 1825 4286 con·

1046 4319 1179 4394 spiritur,
1189 4330 1220 4375 ut
1230 4318 1359 4375 indicant
1368 4319 1453 4375 etiam
1462 4317 1627 4378 Aristotelis
1638 4316 1727 4374 verba
1740 4318 1758 4374 l.
1771 4337 1800 4376 c.
1815 4336 1822 4374 ε
1897 4319 1898 4328 ’

223 4396 267 4455 Ex
286 4395 334 4468 liis
347 4413 432 4457 nemo
447 4393 563 4452 videtur
576 4392 835 4468 animadvertisse,
849 4395 998 4472 ambigui·
1046 4401 1107 4461 daus
1122 4403 1172 4482 γὰρ
1186 4406 1221 4470 τίς
1233 4402 1296 4480 μίαν
1308 4403 1409 4484 poppis
1423 4407 1549 4482 συγκριύῇ
1561 4402 1625 4462 ὥσθ’
1639 4401 1668 4461 ἓν
1680 4393 1758 4472 εἶναι,
1775 4406 1822 4460 οὗ·

224 4495 311 4542 tatem
323 4480 459 4540 vocabuli
475 4480 585 4559 δάκρυον
599 4481 630 4538 in
645 4499 731 4538 causa
746 4480 846 4554 fuisse,
869 4503 922 4540 cur
935 4503 999 4541 ver·
1047 4489 1089 4550 δέν
1103 4513 1168 4570 φησι
1184 4490 1214 4549 τό
1230 4513 1259 4569 γι
1273 4491 1359 4550 κενεὸν
1370 4491 1444 4550 πέλει
1456 4491 1515 4550 οὐδὲ
1529 4490 1661 4570 περισσόν.
1677 4492 1824 4560 Quocirca¹

224 4571 447 4632 susalibrariis
470 4586 639 4634 mutaretur.
661 4572 773 4631 Etenim
797 4587 829 4632 ut
851 4573 946 4633 Latini
962 4576 1001 4633 la·
1050 4578 1236 4656 fflpedocles
1263 4580 1447 4639 Parmenidis
1474 4582 1607 4656 vestigiis
1633 4580 1688 4656 (ci.
1723 4579 1824 4640 Parm.

226 4661 331 4719 crimas
354 4679 413 4717 non
433 4658 603 4718 hominibus
628 4673 752 4732 tantum,
776 4661 825 4722 sed
849 4661 1003 4720 arboribus
1050 4684 1092 4724 vs.
1109 4669 1145 4738 78
1159 4673 1211 4722 πᾶν
1225 4669 1295 4724 ἐστιν
1309 4668 1405 4740 ὁμοῖον,
1425 4685 1470 4725 vs.
1488 4687 1540 4738 ¹⁰7
1554 4664 1642 4744 τὸγὰρ
1655 4663 1713 4723 οὔτι
1728 4688 1753 4722 τι
1764 4671 1824 4742 μεῖ-

225 4748 312 4806 etiam
322 4759 350 4804 et
360 4747 466 4824 plantis
475 4748 618 4818 tribuunt,
634 4767 737 4826 resque
751 4749 924 4809 inanimatas
935 4749 1004 4807 llere
1049 4756 1090 4819 ζον
1105 4751 1165 4809 οὔτι
1179 4773 1206 4810 τι
1227 4751 1360 4832 βοιότερον
1377 4752 1485 4811 πελέναι
1506 4751 1592 4830 χρεών
1617 4755 1672 4810 ἐστι
1687 4757 1719 4832 τῇ
1741 4751 1759 4823 ἢ
1775 4752 1826 4833 τῇ)

226 4846 256 4890 οι
268 4834 420 4890 lacrimare
434 4833 554 4906 dicunt,
578 4836 657 4894 velut
679 4835 830 4893 Lucretius
851 4835 904 4896 lib.
924 4841 938 4893 1
958 4856 1003 4897 ss.
1051 4841 1199 4916 ingressus
1210 4840 1284 4898 nihil
1298 4840 1329 4898 in
1344 4859 1439 4898 rerum
1455 4841 1645 4909 universitate
1657 4859 1710 4898 uec
1722 4861 1825 4918 parum

231 4921 370 4994 3495550,
386 4927 415 4976 in
428 4927 508 4976 souis
521 4943 555 4977 ac
564 4927 700 4996 speluncis
708 4927 858 4998 perrnouai
870 4943 1004 4998 uquarum
1051 4945 1103 4984 nec
1119 4927 1242 4985 nimium
1256 4946 1318 4986 esse
1330 4928 1380 4986 ait.
1394 4927 1495 4985 Varias
1507 4928 1595 4985 lectio
1611 4927 1688 5005 apud
1703 4929 1825 5005 scripto·

229 5011 350 5082 liquidus
367 5009 480 5078 humor,
500 5012 675 5068 uerberibus
688 5013 877 5084 fleotomum
893 5019 1004 5088 guttis:
1051 5033 1097 5072 res
1109 5015 1160 5091 qui
1174 5015 1252 5073 hunc
1267 5033 1384 5073 versum
1399 5027 1561 5072 servarunt.
1580 5014 1710 5091 Namque
1720 5015 1751 5072 in
1764 5015 1827 5072 Sto·

229 5091 364 5154 itaotiam
379 5095 473 5155 Graeci
488 5097 681 5174 significatum
697 5099 779 5158 vocis
798 5097 909 5179 δάκρυον
924 5100 1005 5160 latis·
1052 5101 1107 5160 bei
1122 5102 1207 5162 libris
1218 5115 1260 5162 est
1269 5103 1343 5164 κενόν
1356 5102 1434 5180 quod
1450 5101 1607 5160 lleereoius
1621 5101 1652 5160 in
1665 5102 1826 5163 κινεόνιιιυ-

259 3913 359 3984 Νῆστίς
373 3913 422 3986 ύίλ
435 3885 583 3992 δακρύουσα
593 3913 667 3972 πέλοι
677 3915 817 3994 κρούνωμα
830 3919 956 3996 βροτοῖσι,

261 4262 360 4336 Νῆστίς
373 4263 396 4322 θ’
409 4263 642 4343 ἣδακρυοστακτιῑ
661 4263 802 4342 κρούνωμα
818 4269 941 4346 ῥυτοῖσιν.
