3708 5916
251 483 309 536 m
768 475 974 539 ursaceus
995 476 1308 540 muneraturus
1851 451 1852 524 l

249 610 334 665 νοοῦσι
348 603 411 666 ποτί
425 603 452 665 δί
465 605 649 686 ἀφισταμένοις
666 609 714 678 τ’ής
730 606 800 674 θείας
819 605 939 685 γνώσεως
953 606 1027 668 καίδ
1071 607 1266 684 μεμαθηκότας.
1308 606 1395 678 Σίδας
1404 607 1431 668 δὲ
1442 605 1520 689 δρκου
1534 607 1610 686 μόνον
1623 609 1658 670 δν
1673 610 1720 684 τίη
1743 611 1852 691 ἡτήρην

248 689 323 768 θρκος
335 692 431 770 δμοίως
443 693 635 774 παραόαίνιται
649 693 695 772 μίν
709 693 761 754 ont
770 700 821 756 τῶν
832 694 1026 775 ἀφισταμένων,
1071 701 1170 764 σιςτῶν
1184 697 1397 774 δμωμοσμίνων,
1412 695 1473 756 ὅσον
1485 700 1526 778 ἀφ’
1536 703 1613 775 ἡμῖν,
1627 700 1852 778 ἀπαραπόόιετη

249 769 322 847 αὖθις
339 779 366 839 δὲ
380 785 499 861 τηριῖται
511 782 561 842 ύπδ
576 787 627 844 τῶν
640 781 704 862 πρδς
718 781 765 854 τήν
782 783 853 842 θείαν
868 782 1026 863 ἰπιστροφὴν
1071 787 1088 854 ἡ
1102 784 1167 863 πρίις
1177 784 1208 842 τί)
1217 783 1328 862 μόνιμον
1338 783 1384 842 καί
1403 785 1574 855 ἀληθευτεκδν
1587 790 1636 858 τῆς
1648 787 1723 854 θείας
1740 786 1852 866 ἴςεωςή

250 866 428 944 ἀναγομένων.
470 867 505 930 Ἦ
519 868 570 949 γὰρ
583 869 693 948 τήρησις
707 873 758 929 τῶν
767 869 841 930 θιίων
855 867 941 948 νόμων
953 871 1028 950 δρκος
1072 871 1183 953 ίκουσίιμ
1205 870 1307 950 ἀνείγκῃ
1330 870 1390 939 τούς
1408 870 1532 938 σίόοντας
1554 873 1598 932 τὀν
1617 872 1697 950 δρκον
1727 880 1852 952 συναρμδ

248 959 293 1012 νῦν
305 952 423 1034 λε’γεται,
438 947 460 1036 ᾧ
474 956 575 1017 δέδεται
589 957 633 1018 καί
648 955 792 1038 ἀνήρτηται
805 957 892 1016 πάντα
906 957 971 1038 πρὸς
983 957 1026 1016 τὸν
1043 1019 1047 1026 ,
1072 961 1161 1027 ζουσα.
1202 959 1257 1018 Καὶ
1271 963 1288 1030 ἡ
1301 959 1349 1035 μὲν
1360 957 1452 1040 πρώτη
1466 960 1513 1018 καί
1527 961 1675 1040 ἀπόρρητος
1687 963 1814 1040 εὖορκία,
1824 961 1852 1020 at

250 1039 407 1121 δημιουργὸν
419 1045 475 1103 θεὸν
485 1043 518 1104 τὰ
529 1043 682 1122 γιγνώσκειν
698 1044 776 1105 αὐτὸν
785 1044 927 1124 πεφυκότα·
942 1037 978 1104 ὧν
994 1044 1028 1104 τὰ
1072 1050 1118 1118 τῆς
1140 1047 1178 1113 είς
1194 1047 1251 1108 θεὸν
1269 1050 1445 1129 ἐπιστροφῆς,
1461 1041 1534 1116 αὖθις
1553 1050 1799 1126 ἀναλαμόᾶνεσθαι
1820 1059 1852 1113 τέ

251 1127 298 1202 μίν
323 1129 364 1187 ἀεί
387 1127 500 1208 ἀγόμενα
523 1135 600 1191 αὐτοῦ
624 1131 665 1192 ἀεὶ
687 1131 758 1190 σι’ἀει
780 1131 823 1191 τὸν
843 1131 934 1210 ὅρκον,
950 1131 984 1190 τίς
998 1133 1027 1191 δὲ
1072 1156 1136 1215 φυκε
1150 1138 1201 1201 τοῖς
1219 1136 1276 1201 ταῖς
1298 1137 1469 1214 καθαρτικοῖς
1495 1138 1600 1216 ἀρεταῖς
1620 1138 1672 1208 τήν
1685 1140 1852 1218 παρίκόασιι

251 1217 417 1294 ἀφιστάμινά
427 1240 507 1292 ποτε,
521 1219 580 1278 τότε
591 1219 635 1278 καί
654 1218 717 1299 περί
731 1221 774 1279 τὸν
788 1219 865 1299 δρκον
882 1219 985 1293 ἀσεόεῖ,
998 1223 1029 1279 ού
1074 1222 1191 1298 ἰωμένοις
1205 1228 1250 1283 τοῦ
1266 1224 1334 1283 θείου
1355 1225 1442 1304 ὅρκου·
1463 1225 1524 1296 tlt
1539 1226 1652 1304 βιωτικῆ
1669 1229 1785 1308 εθορκία
1806 1233 1852 1296 ταῖς

252 1302 329 1378 μόνον
344 1310 389 1364 τοῦ
401 1304 470 1365 θείου
483 1309 563 1382 νόμου
582 1303 629 1378 τήν
646 1305 728 1382 τάξιν,
744 1304 813 1366 ἀλλά
832 1307 878 1367 καί
897 1313 943 1368 τοῦ
959 1309 1029 1368 θείου
1073 1311 1219 1377 πολιτικαῖς
1229 1313 1334 1390 ἀρεταῖς
1346 1313 1510 1382 διασώζεται.
1552 1313 1635 1374 Μόνοι
1647 1317 1700 1395 γὰρ
1710 1319 1739 1374 τί
1750 1317 1852 1394 τδςᾶρε

251 1390 328 1472 ὅρκου
342 1389 389 1462 τήν
403 1392 490 1451 πίστιν
505 1392 712 1474 παραθαίνοντα.
754 1396 878 1460 Τοιοῦτος
893 1393 940 1470 μίν
956 1386 1030 1455 ούνθ
1073 1397 1120 1465 τὰς
1133 1399 1231 1466 ταύτας
1253 1399 1408 1477 κεκτημίνοι
1422 1400 1468 1460 καί
1481 1402 1599 1480 εὐορκεῖν
1613 1404 1642 1460 ἀν
1662 1411 1719 1468 τοίς
1733 1404 1808 1462 κατὰ
1823 1408 1852 1464 τ’τι

252 1483 304 1545 τοῖς
314 1480 426 1556 λογικοῖς
440 1479 539 1559 γένεσιν
558 1482 740 1559 ἰνουσιωμίνος
759 1480 846 1561 ὅρκος,
861 1482 965 1562 ἔχεσθαι
977 1489 1028 1541 ’τοῦ
1076 1484 1131 1563 βίον
1144 1486 1275 1546 δύνανται·
1294 1493 1312 1560 ἡ
1331 1488 1359 1547 δί
1373 1487 1454 1546 κακία
1468 1488 1557 1568 μήτηρ
1580 1489 1721 1568 ἐπιορκίας
1744 1495 1786 1570 τῷ
1801 1493 1852 1549 cifis·

252 1567 350 1647 πατρὸς
371 1569 454 1625 αὐτῶν
469 1567 514 1626 καί
529 1573 655 1646 ποιητοῦ,
676 1570 722 1629 καί
735 1567 773 1646 μὴ
790 1567 963 1649 παραόαίνειν
978 1592 1030 1644 μη·
1074 1571 1142 1652 ύαίιρ
1155 1578 1200 1631 τοῦ
1212 1573 1289 1645 ήθους
1301 1573 1345 1632 τὸν
1357 1573 1432 1652 ὅρκον
1444 1581 1646 1636 καταπαταῖσα.
1693 1581 1763 1641 Πῶς
1773 1577 1843 1656 γεᾶρ’

253 1656 325 1730 δαμῆ
338 1652 396 1721 τοίις
409 1655 452 1712 ὑπ’
465 1653 562 1718 ίκιίνου
573 1655 745 1734 διορισθέντας
756 1654 849 1728 νόμους
864 1655 1029 1732 ἀναγκάζων.
1073 1663 1088 1717 δ
1102 1659 1296 1741 φιλοχρήματος
1317 1659 1335 1732 ἢ
1351 1661 1414 1742 πρδς
1437 1661 1561 1743 ἀργυρίου
1582 1666 1666 1742 λῆψιν
1689 1663 1708 1735 ἢ
1738 1668 1821 1724 ase>
1849 1700 1851 1703 v

253 1737 286 1800 Ὁ
308 1739 335 1798 δί
358 1741 385 1798 ἰν
399 1748 455 1806 ταῖς
474 1742 543 1800 κατὰ
557 1742 600 1800 τδν
619 1741 673 1820 βίον
685 1743 860 1824 ἀναστροφαῖς
873 1741 947 1821 ὅρκος
961 1740 1031 1820 ἴχνος
1075 1746 1179 1828 εύσρκός
1197 1770 1262 1808 ποτε
1282 1749 1401 1827 γένοιτος
1416 1753 1472 1816 πῶς
1486 1749 1698 1818 δίόάκυλαστος
1716 1749 1737 1822 ἢ
1753 1756 1769 1808 ὃ
1784 1755 1852 1810 &eni

254 1825 447 1902 ἀστίνίκείνου,
465 1827 527 1908 πρδς
540 1829 663 1901 ἀλήθειαν
683 1829 834 1889 ἀπευθύνων
855 1829 912 1896 τούς
924 1831 1031 1896 δεόντυνς
1075 1835 1176 1916 ίμμίνῃ
1189 1839 1244 1903 τοῖς
1261 1835 1361 1915 δρκοις;
1377 1836 1422 1896 καί
1441 1839 1492 1916 οὐχ
1505 1837 1570 1896 ὅπου
1586 1839 1609 1896 δ’
1624 1837 1658 1896 ἀν
1675 1839 1805 1916 ἑκάτερος
1817 1845 1852 1898 τί·

254 1915 325 1994 αὐτῷ
335 1914 496 1993 χρωμίνθυς·
537 1914 577 1976 Τὸ
590 1913 854 1998 γᾶρᾶμφίὸολοντῆς
869 1915 1032 1996 ἀνθρωπίνης
1075 1925 1127 1980 τῶν
1141 1925 1216 2004 οἰηθῇ
1234 1923 1312 1982 πλέον
1328 1947 1354 1982 τι
1366 1922 1441 1994 stata,
1457 1925 1483 1981 ἰν
1498 1914 1536 1990 οἷς
1548 1927 1618 1984 ἐστιν
1629 1925 1738 2000 ἥττων,
1754 1929 1842 1984 ἐνταῦι

253 2001 429 2080 προαιρέσεως
439 2003 475 2068 εἰς
487 2001 646 2082 βεύαιύτητα
657 2005 874 2087 μεταρρυθμίζει,
888 2003 933 2064 καί
946 2003 1032 2081 μένειν
1075 2007 1105 2068 τδ
1119 2007 1197 2076 σε’ύας
1216 2013 1268 2068 τῶν
1284 2009 1367 2088 ὅρκων
1389 2009 1564 2082 ἀποδώσεται,
1584 2013 1669 2082 amet
1685 2014 1734 2072 καί
1751 2015 1826 2071 tntu
1850 2052 1851 2063 ι

254 2089 298 2147 let
315 2093 361 2159 τῆς
370 2088 528 2160 ταύτότητος
539 2092 680 2168 ἀναγκάζει
700 2093 726 2151 ἔν
738 2115 766 2151 τε
777 2092 862 2170 λύγοις
871 2091 917 2150 καί
931 2090 1032 2172 ἔργοις,
1075 2097 1126 2156 τῶν
1143 2096 1217 2154 θείων
1231 2098 1334 2173 ἀγαθῶν
1349 2095 1606 2174 ἀνταλλαττόμενοςς
1619 2089 1672 2166 Οἷς
1688 2098 1718 2159 δὲ
1732 2103 1819 2166 καλῦς
1835 2144 1840 2158 .

253 2181 329 2234 τοῦτο
342 2175 388 2255 μίν
402 2181 455 2236 τῶν
470 2181 648 2258 γεγενημένων
662 2181 692 2239 τίν
712 2181 791 2262 σαφὲς
803 2180 942 2262 ἕκφαίνων,
956 2185 1032 2241 τοῦτο
1075 2187 1126 2244 τῶν
1142 2186 1240 2262 ἀρετῶν
1255 2182 1383 2264 ἐνίδρυται
1397 2190 1506 2261 κτῆμα,
1516 2185 1617 2254 τούτοις
1629 2179 1660 2246 εῖν
1676 2189 1726 2246 καί
1742 2188 1775 2247 τὸ
1788 2189 1852 2254 σε’όας

254 2262 281 2323 δί
297 2268 349 2324 τῶν
369 2265 518 2342 μελλόντων
543 2267 697 2346 γενήσεσθαι
717 2269 747 2329 τὸ
768 2268 875 2350 βίόαιον
898 2271 1028 2327 ἀπαιτῶν.
1076 2275 1129 2330 τῶν
1144 2270 1227 2351 δρκων
1241 2271 1413 2340 διασώζεσθαι
1435 2270 1544 2352 πέφυκε.
1588 2275 1700 2346 Μελέτη
1725 2275 1755 2333 δὲ
1770 2276 1852 2354 ἀρίστη

253 2351 305 2412 Διά
319 2359 404 2413 ταῦτα
415 2353 447 2425 δὴ
463 2355 507 2413 καί
520 2355 636 2430 μάλιστα
653 2355 775 2415 σε’όεσθαι
788 2357 913 2436 προσήκει
928 2355 972 2415 τδν
986 2354 1034 2434 tp·
1076 2361 1122 2416 τοῦ
1143 2358 1232 2438 τηρεῖν
1251 2356 1282 2416 τὸ
1294 2357 1355 2436 περί
1370 2357 1446 2416 αὐτόν
1470 2357 1550 2426 σε’ύας
1570 2359 1601 2418 τὸ
1615 2359 1653 2436 μὴ
1671 2365 1782 2426 πυκνῶς
1799 2361 1852 2435 μηδὲ

254 2463 317 2514 κον,
340 2440 384 2500 τδν
397 2441 445 2518 μὲν
459 2441 518 2500 κατ’
530 2441 620 2500 οὐσίαν
634 2443 853 2523 προϋπάρχοντα,
869 2441 912 2501 διδ
925 2441 973 2514 τήν
986 2449 1034 2515 τῆς
1077 2447 1111 2510 ὥς
1126 2443 1204 2524 ίτυχε
1225 2448 1340 2524 χρῆσθαι
1362 2448 1399 2524 τῷ
1414 2445 1500 2526 όρκιμ,
1521 2446 1589 2522 μηδὲ
1605 2448 1649 2506 ἐπί
1670 2456 1728 2513 τοῖς
1743 2472 1852 2526 παρτεμ

255 2529 400 2600 ἀίδιότητος
415 2528 541 2609 φρουράν,
553 2529 596 2587 τδν
608 2527 635 2588 δί
651 2529 809 2608 ἀνθρώπινον
821 2529 866 2588 καί
882 2537 933 2595 τοῖς
946 2531 972 2587 ἐν
984 2531 1034 2610 βίῳ
1077 2537 1174 2612 χοῦσι,
1190 2532 1256 2610 μηδὲ
1273 2535 1308 2599 εἰς
1320 2533 1505 2612 ἀναπλήρωσιν
1518 2534 1613 2612 λόγου,
1629 2536 1702 2611 μηδὲ
1715 2539 1754 2602 εἷς
1768 2537 1852 2592 πίστιν·

255 2618 408 2696 πράγμασιν
422 2617 558 2694 ἐπίκουρον
568 2619 602 2683 ὡς
614 2616 699 2676 εἰκόνα
714 2617 823 2689 ἐκείνου,
838 2617 883 2675 καί
896 2618 953 2693 μετ’
968 2619 1035 2677 ἐκεῖ·
1078 2642 1117 2678 σιν
1141 2619 1324 2696 διηγήματος,
1343 2620 1447 2687 ἀλλ’ὡς
1471 2613 1523 2681 οἷόν
1546 2644 1577 2679 τε
1598 2631 1692 2700 τηρεῖν
1715 2625 1794 2681 αὐτοῦ
1811 2621 1848 2692 τήν

255 2728 297 2762 νον
314 2703 480 2782 βεόαιότητος
489 2704 534 2762 καί
547 2703 669 2776 ἀληθείας
677 2704 814 2782 γενόμενον
824 2706 887 2782 ἡμῖν
900 2705 1033 2786 πρύτανιν,
1077 2706 1168 2787 χρείαν
1182 2709 1210 2765 ἰν
1231 2715 1284 2773 τοῖς
1305 2706 1456 2782 ἀναγκαίοις
1477 2731 1506 2765 τε
1529 2707 1587 2784 θίμα
1612 2710 1660 2768 καί
1674 2709 1794 2784 τιμίοις,
1815 2709 1852 2764 καί

256 2789 301 2848 καί
312 2793 364 2848 τῶν
375 2791 523 2857 καλλίστων
535 2794 605 2862 ἠθῶν
619 2795 769 2873 πληροῦνται
783 2793 840 2874 τοὺς
853 2791 940 2850 σέύειν
956 2793 1034 2852 αὐτὸν
1076 2794 1149 2867 τότε,
1164 2791 1206 2851 ὅτε
1221 2793 1338 2870 μηδεμία
1353 2795 1421 2867 ἀλλη
1439 2797 1492 2853 τῶν
1505 2794 1628 2854 τοιούτων
1641 2795 1765 2874 σωτηρία
1779 2818 1849 2873 ταρτ-

257 3015 322 3070 ιΙειιι
350 3015 424 3070 inter
444 3017 497 3072 Dei
513 3033 623 3090 semper
645 3015 830 3088 intelligentes
856 3016 977 3070 maxime
1002 3032 1034 3070 ac
1079 3013 1149 3069 illud
1173 3014 1289 3088 quidem
1313 3025 1414 3070 natura
1433 3015 1512 3090 prius
1536 3017 1603 3090 quie
1624 3019 1808 3090 perennitatis
1819 3029 1850 3071 est

256 3113 396 3178 perpetuo
410 3114 537 3160 servatur
552 3121 559 3158 a
575 3104 649 3158 inter
662 3102 848 3175 intelligentes
867 3102 1034 3176 aliquando,
1079 3111 1191 3171 custos,
1210 3101 1365 3156 humanum
1378 3113 1471 3180 autem
1489 3104 1569 3176 quod
1590 3105 1620 3158 in
1636 3105 1727 3161 rebus
1738 3105 1852 3161 liuman's

257 3189 413 3264 aliquando
427 3209 497 3246 vero
519 3209 536 3246 a
558 3189 655 3246 divina
678 3192 842 3264 cognitione
856 3190 1036 3246 abscedentes
1079 3187 1186 3243 auxilio
1203 3195 1261 3256 est,
1282 3191 1349 3261 quia
1362 3189 1467 3263 prioris
1486 3191 1641 3264 imaginem
1662 3193 1789 3247 reserens
1802 3207 1852 3264 pua,

257 3281 349 3352 ipsum
363 3296 479 3354 quoque
494 3276 690 3349 jusjurandum
705 3279 833 3334 similiter
844 3278 880 3332 ab
896 3278 939 3333 liis
950 3279 1037 3334 riola·
1078 3275 1150 3330 illud
1167 3278 1351 3331 constantiam
1373 3289 1458 3350 atque
1479 3279 1631 3332 veritatem
1653 3289 1753 3334 tuetur
1764 3299 1849 3350 eosque

258 3377 306 3422 tur
324 3368 373 3440 qui
388 3366 560 3441 abscedunt,
582 3376 683 3421 contra
700 3382 769 3419 vero
793 3365 829 3420 ab
854 3367 909 3420 illis
932 3367 979 3438 qni
999 3365 1035 3422 ad
1079 3363 1206 3418 moribus
1217 3365 1332 3437 optimis
1344 3365 1458 3418 instruit
1475 3363 1525 3436 qui
1540 3365 1750 3438 ipsamcolere
1764 3365 1848 3421 didice-

257 3457 349 3510 Deum
370 3454 465 3510 denno
489 3463 670 3510 revertuntur
696 3461 888 3509 conservatur.
910 3455 1036 3527 Namque
1080 3451 1442 3522 sanaturisjurandivero
1458 3453 1550 3508 cultus
1564 3455 1849 3510 unicnsestinriolata

258 3540 417 3596 divinarum
443 3542 536 3616 legum
559 3541 720 3596 observatio
742 3559 818 3596 nunc
841 3540 1036 3612 jusjurandum
1082 3555 1182 3592 eorum
1198 3557 1259 3611 quae
1272 3537 1415 3612 jurantur,
1428 3552 1567 3613 quantum
1579 3543 1610 3595 in
1622 3542 1711 3597 nobis
1736 3553 1789 3610 est,
1813 3559 1848 3596 ιιι·

257 3628 373 3701 dicitnr,
390 3647 448 3702 quo
467 3640 570 3685 cuncta
589 3629 636 3688 illa
655 3647 721 3684 cum
743 3631 806 3684 Deo
828 3627 931 3704 opifice
953 3630 1036 3684 colli·
1082 3626 1320 3699 stotlia,quaeeos
1330 3628 1380 3699 qni
1387 3625 1583 3698 jusjurandum
1592 3631 1694 3684 colunt
1709 3630 1847 3684 voluntaria

259 3725 363 3790 gantur
378 3729 406 3772 et
417 3727 637 3786 connectuntur,
653 3734 715 3790 qua·
728 3718 766 3772 ad
784 3735 850 3772 enm
865 3733 1036 3790 cognoscen·
1081 3713 1205 3784 quadam
1217 3715 1380 3770 necessitate
1392 3713 1429 3769 ad
1441 3714 1531 3770 divini
1546 3716 1660 3772 habitus
1677 3718 1848 3772 constantim

258 3805 327 3859 dum
339 3815 403 3860 nata
416 3815 499 3860 sunt:
511 3823 634 3877 quorum
645 3821 675 3860 ea
687 3823 750 3878 quae
771 3821 880 3878 semper
891 3803 933 3858 illi
947 3803 1038 3858 adhae-
1081 3809 1109 3854 et
1118 3801 1268 3855 veritatem
1282 3803 1437 3876 componit.
1452 3799 1547 3858 Prima
1560 3822 1630 3858 vero
1645 3804 1696 3859 illa
1709 3815 1739 3859 et
1751 3805 1845 3874 mystica

258 3902 337 3961 rent,
354 3891 551 3965 jusjurandum
572 3909 683 3965 semper
707 3891 822 3960 colunt,
838 3909 871 3947 ea
884 3909 952 3946 vero
976 3909 1038 3964 quae
1077 3884 1262 3960 jurisjurandi
1274 3891 1401 3944 sanctitas
1414 3909 1467 3963 per
1478 3893 1697 3950 conversionem
1715 3891 1752 3946 ad
1774 3893 1846 3944 Denn

259 3978 396 4034 recedunt
408 3979 559 4053 aliquando
569 4019 577 4049 ,
585 3977 861 4051 jurisjurandietiam
872 3979 1036 4051 religionem
1081 3992 1195 4030 rursum
1210 3979 1311 4048 'potest
1322 3979 1485 4050 recuperari
1499 3976 1534 4030 ab
1549 3978 1583 4032 iis
1597 3979 1647 4050 qui
1659 3977 1808 4032 virtutibus
1818 3976 1846 4028 ln

259 4075 320 4120 tum
338 4066 489 4141 abjiciunt,
505 4067 668 4122 nonsolum
684 4066 786 4120 ‹livinae
800 4066 868 4140 legis
888 4065 1036 4133 ordinem,
1081 4062 1213 4117 stratibus
1238 4061 1325 4118 divini
1343 4063 1525 4136 jurisjurandi
1539 4065 1730 4120 violationem
1750 4074 1846 4132 sanaut3

259 4153 310 4208 sed
327 4152 506 4210 divinietiam
516 4153 705 4227 jurisjurandi
716 4151 802 4208 fidem
814 4153 958 4211 violantia.
970 4154 1039 4209 Tale
1078 4149 1261 4223 jurisjurandi
1274 4162 1382 4220 autem,
1395 4149 1473 4223 qnod
1486 4153 1517 4206 in
1530 4150 1615 4222 hujus
1627 4153 1693 4206 vitae
1709 4151 1791 4206 rebus
1799 4168 1844 4202 rer·

259 4241 347 4316 igitur
360 4251 400 4294 est
412 4239 611 4312 jusjurandum
624 4239 774 4314 generibus
787 4241 896 4295 ratione
913 4239 1039 4312 praetlitis
1082 4249 1170 4311 satur,
1189 4239 1319 4294 sanctitas
1340 4239 1471 4294 civilibus
1490 4240 1646 4294 virtutibus
1671 4249 1845 4294 conservatur.

259 4336 361 4382 natura
387 4327 518 4396 insitum,
540 4338 571 4383 ut
604 4329 680 4400 patri
703 4339 800 4382 suaet
827 4329 950 4384 creatori
965 4346 1037 4384 sem·
1082 4323 1142 4382 Soli
1162 4327 1237 4380 eninr
1254 4327 1273 4381 ii
1296 4325 1347 4398 qui
1369 4325 1420 4380 lias
1441 4327 1561 4382 virtutes
1584 4325 1751 4400 possident,
1771 4333 1846 4380 sancte

261 4432 315 4488 per
337 4413 480 4470 adhaerere
509 4431 542 4470 ac
563 4415 637 4488 leges
663 4415 699 4469 ab
720 4433 752 4470 eo
777 4417 939 4472 constitutas
959 4416 1039 4472 nullo
1082 4413 1167 4468 etiam
1175 4411 1271 4484 jurare
1285 4413 1314 4466 iu
1327 4412 1411 4485 hujus
1428 4415 1494 4468 ritae
1508 4414 1593 4469 rebus
1606 4425 1751 4488 possunt:
1767 4411 1844 4486 perju-

260 4501 350 4556 modo
360 4502 482 4575 migrare
496 4512 589 4576 cogat.
604 4501 693 4573 Hujus
703 4500 966 4573 rerojurisjnrandi
989 4521 1039 4558 νε·
1082 4501 1117 4572 rii
1135 4518 1203 4556 vero
1231 4517 1333 4572 parens
1354 4510 1395 4556 est
1414 4501 1516 4556 vitium
1530 4501 1610 4574 quod
1630 4520 1748 4556 murum
1767 4502 1845 4554 incun-

259 4589 374 4664 stigium
388 4598 429 4642 est
440 4587 510 4644 illud
522 4587 640 4661 quadiu
654 4590 717 4644 vitm
731 4591 908 4646 commerciis
921 4608 1038 4663 usurpa·
1082 4585 1385 4658 stantiajusjuranilum
1409 4589 1576 4642 contemnit.
1601 4590 1667 4660 Quo
1683 4590 1760 4644 enim
1780 4595 1842 4658 pacto

261 4688 317 4746 tar,
336 4675 417 4749 quod
438 4675 568 4731 homines
589 4677 643 4731 rite
668 4695 703 4732 eo
726 4688 836 4732 utentes
858 4676 894 4732 ad
915 4679 1040 4733 veritatis
1083 4673 1130 4728 ille
1145 4675 1196 4746 qui
1218 4673 1331 4730 divitias
1345 4684 1435 4743 amat,
1451 4675 1482 4728 in
1503 4677 1624 4748 pecnnia
1639 4676 1686 4730 rel
1704 4670 1841 4746 accipienda

260 4781 389 4818 nonnam
402 4762 510 4838 dirigit.
528 4764 651 4820 Consilia
664 4765 740 4818 enirn
753 4765 900 4820 hominnm
914 4783 976 4818 cum
996 4767 1037 4818 in·
1084 4761 1128 4816 rel
1142 4760 1483 4834 reddendajurisjurandi
1493 4763 1669 4818 sanctitatem
1684 4774 1839 4831 serrarepoa

261 4860 340 4906 certa
369 4849 495 4906 suntad
520 4861 626 4907 certam
650 4851 789 4906 rationem
807 4862 835 4906 et
857 4851 1039 4906 constantiam
1083 4849 1137 4904 sit?
1160 4867 1256 4922 quove
1272 4849 1360 4904 modo
1380 4849 1467 4922 isqui
1482 4851 1660 4905 incontinens
1675 4860 1775 4905 estam
1786 4845 1839 4900 tini·

260 4947 377 4992 revocat
390 4955 495 5012 eosque
507 4939 538 4992 in
552 4935 653 4992 eodem
663 4939 813 5011 proposito
825 4955 938 4992 manere
951 4938 1038 5010 cogit,
1085 4934 1138 4990 dus
1150 4937 1179 4989 in
1187 4933 1374 5007 jurejurando
1386 4935 1522 5010 perstabit
1530 4935 1580 4991 iac
1591 4953 1651 4990 non
1661 4938 1757 5009 potius
1765 4947 1838 4989 εοιτιιιι

262 5043 327 5078 cnm
338 5025 370 5079 in
383 5023 481 5095 dictis,
490 5034 550 5080 tum
561 5025 592 5078 in
608 5024 705 5094 lactis3
718 5026 821 5098 partim
831 5025 1039 5098 praeteritorum
1084 5034 1219 5095 uterque,
1237 5023 1401 5094 ubicunque
1415 5022 1590 5096 superiorem
1604 5040 1633 5078 se
1648 5022 1714 5077 lore
1728 5017 1840 5096 putaverit

261 5111 408 5166 veritatem
433 5112 644 5183 demonstrans,
659 5113 763 5187 partim
788 5112 951 5168 futurorum
973 5131 1040 5168 con·
1085 5111 1179 5180 iniis,
1198 5110 1228 5164 in
1247 5110 1350 5182 quibus
1374 5110 1494 5166 inferior
1512 5121 1569 5178 est,
1590 5108 1775 5180 jurisjurandi
1792 5103 1838 5158 reli·

262 5199 393 5254 stantiam
409 5211 570 5274 certamque
583 5200 669 5258 adem
685 5203 808 5276 exigens.
825 5205 919 5275 Atque
938 5201 1042 5256 abhas
1086 5199 1170 5271 gione
1193 5197 1332 5270 deposita,
1346 5197 1476 5252 mortalia
1497 5207 1525 5252 et
1547 5197 1656 5252 caduca
1680 5216 1744 5252 cum
1763 5190 1838 5249 divinis

263 5283 377 5358 quidem
388 5304 484 5343 causes
492 5289 613 5344 maxime
622 5288 772 5346 colendum
783 5299 825 5345 est
830 5287 1039 5362 jusjurandum,
1087 5286 1170 5340 horris
1184 5285 1387 5340 commutabit?
1409 5289 1447 5341 At
1462 5285 1564 5358 quibus
1577 5284 1718 5339 virtutum
1732 5281 1802 5338 firma
1812 5287 1852 5336 οἰ,
