3696 5922
237 375 292 426 332
876 361 925 422 DE
946 359 1180 424 DEMOCRITO.

234 507 325 565 parva
349 485 502 545 admodum
526 505 637 544 summa
662 497 772 543 retenta
799 485 1006 563 patrimonium
1053 483 1202 558 AEgyptum
1233 479 1269 536 ad
1302 477 1462 537 sacerdotes
1486 476 1655 553 geometriae
1683 475 1814 534 discenda

235 595 317 633 sunm
332 574 433 653 patriae
443 573 563 632 donasse
571 571 683 633 scribit.
695 571 838 630 Nimirum
850 573 1009 648 longinqua
1052 569 1144 644 gratia
1154 587 1184 626 se
1198 566 1448 642 contulissemque
1459 564 1495 622 ad
1511 563 1664 622 Chaldaeos
1674 565 1742 621 etin
1756 564 1818 620 Per-

236 659 341 719 itinera
358 680 416 718 non
437 661 500 718 sine
515 660 627 735 magnis
641 659 784 718 sumtibus
799 659 861 718 heri
876 669 1006 736 possunt.
1052 655 1142 713 sidem
1154 667 1183 712 et
1195 653 1232 712 ad
1246 651 1374 711 Rubrum
1385 669 1462 708 mare
1478 651 1643 728 profectum
1656 668 1731 708 esse.
1748 648 1817 707 ldeaa

234 747 299 805 lam
317 749 342 806 si
367 747 578 806 Democrituse
595 748 724 824 paternis
743 745 830 804 bonis
843 759 873 804 et
886 745 1009 804 fortunis
1054 753 1173 822 testatur
1201 740 1288 798 luisse
1304 741 1354 817 qui
1375 737 1581 816 philosophum
1603 757 1671 795 cum
1693 736 1818 794 ludorum

235 825 308 884 nihil
323 827 380 884 nisi
398 827 548 903 pecuniam
571 825 674 902 quain
697 825 930 902 peregrinatione
947 836 1008 882 utc-
1056 827 1309 906 Gymnosophistis
1339 826 1544 884 commercium
1575 823 1716 882 habuisse
1739 838 1769 880 et
1796 827 1820 882 iu

236 924 316 968 retur
340 911 397 969 sibi
412 911 558 988 seposuit,
581 912 713 987 sequitur
736 931 801 969 eum
823 911 943 984 fundos,
960 931 1010 990 pe·
1054 915 1228 991 AEtlriopiam
1243 913 1424 971 contendisse
1434 925 1638 970 memorarent.
1651 911 1757 968 Eadem
1773 912 1822 967 sere

236 1016 303 1054 cora
315 1010 342 1055 et
353 998 479 1074 reliquas
492 997 691 1074 possessiones
701 997 838 1058 iratribus
848 998 1008 1074 reliquisse.
1053 1003 1129 1081 apud
1142 1003 1285 1060 AElianuru
1307 998 1378 1077 (26),
1398 999 1530 1068 Suidam,
1548 996 1726 1073 llesychium
1747 997 1822 1053 hlile·

235 1085 379 1154 Quocirca
395 1086 470 1143 ratio
490 1085 565 1160 lugit
587 1083 756 1142 Ciceronem
773 1083 841 1163 (ao),
857 1085 1009 1144 Horatium
1054 1091 1129 1150 nium
1144 1103 1172 1148 et
1185 1089 1359 1146 Clementem
1371 1087 1516 1162 leguntur.
1529 1085 1662 1159 Magnam
1676 1085 1752 1140 Asiae
1765 1105 1822 1159 pas.

237 1185 421 1249 veteremque
442 1171 505 1248 ejus
518 1172 722 1248 interpretem,
737 1171 888 1231 Philonem
905 1186 933 1231 et
945 1173 1010 1231 Ori·
1054 1189 1110 1234 tem
1125 1175 1292 1236 Abderitam
1301 1189 1467 1250 peragrasse
1475 1169 1577 1228 scribit
1588 1169 1698 1227 Strabo
1706 1172 1774 1248 (η).
1787 1171 1822 1228 ab

237 1277 338 1334 genem
361 1261 413 1335 qni
440 1256 617 1316 abderirieae
641 1259 766 1317 civitatis
788 1260 934 1317 alumnum
959 1277 1010 1317 ne·
1054 1263 1217 1321 eoultimas
1234 1273 1324 1319 terras
1337 1260 1415 1317 visas
1426 1276 1488 1315 esse
1505 1256 1593 1314 tradit
1607 1257 1648 1316 ll.
1664 1256 1820 1314 Tullinsde

238 1345 362 1420 glexisse
376 1345 582 1422 patrimonium
596 1363 738 1422 agrosque
747 1345 908 1404 deseruisse
921 1345 1012 1404 iucul·
1056 1347 1119 1406 Fin.
1134 1347 1169 1419 V,
1192 1367 1238 1423 19.
1256 1345 1369 1404 Plinius
1392 1343 1466 1401 llist.
1483 1355 1540 1400 nat.
1560 1342 1612 1401 lib.
1635 1342 1716 1416 XXV
1737 1347 1823 1420 capi

237 1444 283 1490 tos
297 1430 389 1507 ajunt.
410 1431 525 1489 Similia
544 1429 627 1488 multi
640 1443 770 1488 veterum
786 1431 821 1489 de
843 1433 1013 1505 Anaxagora
1058 1433 1256 1492 Democritum
1271 1431 1347 1510 apud
1368 1429 1514 1498 Persidis,
1531 1428 1663 1500 Arabiae,
1681 1429 1823 1506 AEthiopie

238 1530 266 1574 ct
280 1515 400 1575 Thalete
411 1516 599 1593 rettulerunt,
612 1516 642 1574 in
652 1516 699 1575 his
711 1515 795 1574 Plato
807 1530 836 1576 ct
847 1518 1012 1576 Aristoteles
1056 1521 1229 1599 AEgyptique
1243 1537 1340 1593 magos
1355 1516 1441 1574 luisse
1450 1514 1592 1592 perbibet.
1609 1514 1723 1573 Exsilia
1736 1519 1823 1574 serim

239 1621 363 1678 quorum
387 1601 418 1660 in
455 1601 562 1660 talibus
596 1621 713 1678 quoque
742 1603 830 1661 rebus
861 1604 1013 1662 narrandis
1056 1627 1140 1686 quam
1154 1605 1399 1684 peregrinationes
1411 1602 1488 1660 hunc
1497 1602 1628 1677 aliosque
1640 1602 1823 1679 philosophos

238 1707 350 1746 summa
370 1689 526 1746 auctoritas
539 1701 588 1749 est.
601 1687 730 1765 Uterque
750 1691 888 1748 certiores
902 1710 954 1748 nos
968 1692 1012 1747 fa·
1057 1694 1094 1751 ad
1119 1692 1282 1750 discendam
1302 1689 1441 1764 magicam
1464 1700 1554 1745 artem
1571 1689 1737 1765 suscepisse
1757 1689 1823 1746 idem

238 1775 296 1845 cit,
312 1773 365 1833 hos
383 1775 457 1833 duos
472 1774 602 1850 aliosque
616 1775 847 1853 sapientissimos
860 1777 941 1835 viros
954 1796 1013 1854 prae
1057 1782 1181 1856 scriptor
1196 1776 1268 1854 (lib.
1280 1774 1368 1850 XXX,
1382 1793 1471 1852 capa
1482 1774 1491 1848 l
1503 1774 1649 1851 opinatur.
1664 1774 1739 1842 Quae
1747 1778 1826 1832 rerba

239 1881 335 1919 rerum
358 1863 529 1920 sublimium
552 1874 580 1920 et
593 1862 811 1920 reconditarum
832 1863 1015 1937 indagatione
1057 1884 1116 1921 non
1138 1865 1228 1937 magis
1242 1881 1312 1919 vera
1326 1879 1411 1937 quam
1430 1859 1501 1918 salsa
1525 1873 1601 1918 sunt.
1620 1859 1659 1916 Ut
1678 1863 1758 1918 enim
1779 1864 1824 1918 iti-

239 1967 298 2005 rem
312 1948 479 2007 familiarem
493 1948 697 2024 contempsisse
710 1961 738 2005 et
752 1968 785 2006 ea
798 1968 862 2025 quae
875 1950 1013 2006 advitam
1056 1970 1157 2008 nerum
1172 1948 1397 2024 magnitudinem
1409 1946 1548 2024 spectanti
1561 1947 1713 2004 exsulasse
1723 1947 1826 2004 ridetur

239 2035 389 2092 commode
429 2033 564 2092 tuendam
604 2034 766 2092 necessaria
813 2047 881 2091 sunt
918 2033 1012 2110 negle-
1057 2037 1259 2096 Democritus:
1280 2036 1398 2092 itaeum
1414 2035 1516 2108 magias
1533 2051 1627 2110 neque
1638 2051 1763 2108 gnarum
1785 2055 1824 2091 ne-

238 2119 313 2177 xisse
327 2121 398 2196 (aa).
1057 2141 1113 2198 que
1126 2121 1264 2200 cupidum
1279 2119 1392 2178 luissee
1406 2119 1505 2178 multis
1516 2131 1645 2177 veterum
1659 2120 1736 2176 locis
1747 2120 1827 2177 libro·

278 2208 319 2268 De
333 2207 496 2264 Democrito
513 2205 587 2265 nihil
601 2205 767 2284 hujusmodi
779 2203 924 2284 produnt,
937 2204 1012 2264 idem
1057 2226 1179 2283 rumque
1191 2205 1255 2283 ejus
1269 2204 1402 2282 reliquiis
1414 2205 1594 2280 intelligitur.
1606 2204 1663 2262 Sed
1674 2206 1824 2264 litterarum

243 2293 365 2352 forsitan
381 2293 539 2365 narraturi,
555 2293 581 2352 si
594 2292 650 2350 tale
664 2293 735 2370 quid
748 2292 784 2350 de
800 2311 835 2350 eo
848 2292 884 2349 ab
902 2291 1014 2351 idoneis
1058 2311 1143 2350 causa
1165 2293 1269 2350 multas
1285 2303 1383 2366 gentes
1396 2304 1542 2367 terrasque
1564 2292 1718 2362 lustravit,
1733 2312 1825 2367 quam-

241 2379 362 2438 testihns
376 2380 561 2458 accepissent.
575 2377 742 2450 Verum,ut
756 2379 819 2436 lieri
831 2378 919 2449 solet,
935 2398 1013 2436 com·
1057 2376 1156 2436 obrem
1175 2379 1287 2436 AEliano
1309 2377 1369 2456 (28)
1396 2391 1467 2436 teste
1485 2376 1613 2435 laudatus
1633 2390 1678 2434 est
1704 2398 1722 2434 a
1741 2377 1826 2436 'ibeo

240 2483 326 2521 mune
340 2465 496 2522 multorum
508 2465 612 2522 vitium
623 2464 828 2540 assequentium
842 2465 1011 2523 saeculorum
1060 2465 1176 2541 phrasto
1188 2464 1265 2540 quod
1278 2464 1331 2522 has
1346 2465 1479 2538 regiones
1492 2463 1594 2522 obiens
1608 2464 1736 2522 meliora
1749 2466 1824 2522 colle·

240 2549 432 2627 scriptoribus
445 2551 496 2629 qui
511 2571 612 2630 parum
628 2565 760 2609 curarent
773 2551 939 2626 diligentem
954 2552 1013 2609 isti·
1060 2553 1132 2626 gerit
1143 2570 1228 2627 quam
1243 2551 1288 2608 vel
1303 2551 1449 2608 lllenelaus
1461 2551 1507 2607 vel
1529 2550 1646 2621 Ulixes,
1661 2552 1773 2628 quippe
1783 2553 1823 2627 qui

240 2636 356 2694 asmodi
378 2656 474 2695 rerum
502 2637 548 2695 vel
567 2637 715 2696 scientiam
734 2637 780 2696 vel
799 2638 1011 2711 narrationem,
1059 2657 1118 2694 non
1134 2639 1216 2696 aliter
1232 2657 1316 2713 quam
1330 2651 1501 2694 mercatores
1516 2636 1668 2696 Phoenices
1683 2655 1823 2706 errarem,

241 2721 276 2780 ad
290 2741 341 2780 eos
356 2724 443 2780 etiam
456 2722 617 2780 traductum
637 2736 680 2782 est
693 2743 767 2801 quos
781 2742 865 2780 nemo
879 2725 1013 2801 antiquo·
1057 2725 1208 2803 pecuniam
1219 2725 1395 2783 cumulantes
1404 2737 1489 2800 atque
1498 2723 1571 2780 hanc
1584 2736 1644 2780 tum
1656 2723 1823 2798 pedestrium

241 2825 305 2865 rum
320 2807 387 2864 talis
401 2807 582 2882 negligentiae
602 2806 838 2883 fortunarumque
853 2808 1014 2885 despicien-
1058 2823 1118 2867 turn
1134 2810 1280 2868 navalium
1294 2810 1429 2867 itinerum
1442 2828 1554 2866 causam
1565 2807 1717 2868 habentes.

242 2893 290 2950 tie
302 2892 505 2950 insimulasset.
516 2884 664 2970 luiprirnis
677 2913 745 2951 vero
758 2894 880 2952 istorum
893 2898 1013 2972 scripto-
1100 2897 1233 2974 Denique
1243 2895 1382 2954 Julianus
1394 2895 1554 2972 lmperator
1567 2894 1693 2972 epistola
1708 2895 1824 2952 XXXl'll

242 2997 306 3036 rum
331 2979 446 3036 incuria
469 2979 515 3037 vel
543 2978 610 3037 inde
633 2993 726 3056 patet,
746 2980 823 3057 quod
852 2982 1015 3041 Democrito
1061 2983 1145 3041 talem
1170 2997 1268 3041 narrat
1285 2983 1416 3041 fabellam
1442 2982 1478 3039 ad
1504 2981 1654 3039 Persicum
1677 2981 1822 3039 Democriti

244 3065 362 3140 quidam
386 3065 519 3124 tribuunt
541 3066 669 3126 Thaletis
692 3067 764 3125 illud
783 3069 937 3126 artificium
956 3091 1015 3148 quo
1059 3069 1114 3128 iter
1127 3071 1326 3147 pertinentem.
1339 3069 1429 3146 Ajunt
1441 3069 1635 3126 Democritum
1648 3088 1741 3144 quum
1756 3069 1823 3125 nullo

242 3151 360 3225 provisa
378 3170 411 3209 ac
431 3153 606 3229 praecognita
624 3153 719 3211 sutura
739 3155 866 3212 olearum
885 3155 1015 3215 ubertate
1063 3157 1149 3214 modo
1163 3170 1259 3235 posset
1283 3156 1403 3214 Darium
1426 3157 1475 3213 eui
1494 3154 1581 3233 paulo
1602 3167 1669 3212 ante
1684 3175 1759 3212 uxor·
1771 3155 1824 3231 pul·

242 3235 436 3313 omnibusque
449 3238 628 3296 Milesiorum
642 3253 670 3298 et
691 3240 829 3298 Chiorum
839 3241 929 3318 p'rclis
941 3243 1015 3300 olea·
1064 3243 1208 3301 cherrima
1233 3263 1250 3302 e
1273 3244 1334 3302 rita
1352 3255 1530 3313 excesserat,
1550 3241 1716 3314 consolari,
1739 3262 1768 3299 se
1788 3243 1823 3298 illi

242 3323 295 3381 riis
308 3336 337 3382 et
359 3325 479 3402 trapetis
493 3325 548 3382 vili
572 3324 722 3385 conductis
743 3326 815 3402 (sal,
841 3328 887 3386 vel
908 3343 939 3386 ut
963 3331 1013 3388 alii
1060 3343 1203 3387 mortuam
1218 3330 1249 3387 in
1260 3331 1347 3387 vitam
1359 3341 1559 3386 revocaturum
1574 3327 1701 3400 dixisse,
1714 3333 1739 3385 si
1751 3329 1824 3384 uellet

241 3411 433 3470 voluntomni
445 3415 522 3484 olea,
538 3426 688 3492 antequam
704 3415 806 3473 llorere
821 3417 966 3494 coepisset,
984 3419 1014 3476 ia
1060 3434 1107 3474 res
1130 3417 1166 3474 ad
1188 3415 1244 3473 hoc
1267 3415 1441 3473 necessarias
1468 3413 1667 3491 suppeditare;
1689 3433 1822 3489 qnumque

241 3497 1014 3580 agrolllilesiocoemtalal),ingentemsibipecuniam
1061 3522 1112 3561 rex
1127 3522 1191 3563 eum
1214 3502 1347 3579 juberet,
1369 3502 1448 3560 nulla
1469 3514 1580 3558 surmus
1604 3501 1719 3558 ratione
1741 3501 1822 3557 hahita

241 3586 438 3662 comparavit,
462 3599 630 3646 ostensurus
653 3608 684 3646 se
705 3590 837 3666 quamvis
855 3591 1014 3668 despiceret
1063 3589 1205 3666 quidquid
1227 3609 1301 3665 opus
1315 3603 1389 3647 esset
1403 3589 1530 3665 accipere
1549 3588 1752 3664 promissaque
1765 3608 1822 3664 pra

241 3672 410 3748 pecuniam,
421 3687 515 3731 tamen
527 3674 552 3732 si
562 3675 661 3747 vellet,
675 3676 751 3735 sacili
764 3678 880 3752 negotio
891 3679 1010 3737 divitem
1059 3691 1149 3750 stare,
1165 3691 1225 3736 tum
1245 3677 1400 3754 paullisper
1414 3681 1576 3735 cunctatum
1589 3673 1717 3742 dixisse,
1736 3689 1820 3732 catera

243 3757 315 3818 sore.
330 3757 441 3828 Quodsi
452 3761 506 3818 hoc
513 3761 611 3838 paullo
620 3763 705 3821 aliter
720 3763 757 3822 de
772 3765 936 3825 Democrito
953 3768 1011 3842 (at.)
1058 3765 1174 3840 quidem
1199 3763 1256 3822 sibi
1274 3762 1388 3821 abunde
1409 3775 1578 3840 suppetere,
1604 3781 1695 3820 uuum
1717 3762 1817 3830 deesse,

241 3864 327 3920 quam
349 3845 385 3904 de
403 3845 523 3906 Thalete
537 3861 681 3921 narratur,
698 3850 759 3908 haec
777 3851 840 3928 ipsa
862 3851 1014 3910 diversitas
1059 3868 1152 3925 neque
1166 3849 1196 3906 id
1209 3849 1448 3926 quemadmodum
1458 3849 1553 3924 parari
1565 3862 1678 3925 posset,
1701 3869 1731 3906 se
1748 3849 1818 3904 iutel-

242 3931 405 4016 indiciopsr
417 3935 564 4008 memoriae
581 3935 665 4014 lapsu
678 3955 736 3994 non
758 3937 851 3995 solum
865 3938 1013 3997 Democri·
1060 3934 1166 4011 ligere,
1179 3935 1299 3993 Darium
1310 3949 1404 3992 tamen
1414 3935 1465 4011 qui
1486 3936 1573 3992 totius
1588 3935 1664 3992 Asiae
1677 3955 1727 3992 res
1740 3948 1817 4000 esset,

243 4031 302 4076 tum
327 4039 383 4096 pro
403 4019 524 4080 Thalete
548 4023 692 4100 positum,
715 4043 816 4081 verum
847 4025 932 4083 etiam
954 4045 1013 4084 rem
1062 4021 1145 4080 lacile
1169 4023 1287 4080 fortasse
1310 4023 1506 4082 inventurum.
1529 4021 1583 4080 llic
1606 4043 1697 4098 quum
1721 4035 1818 4095 rogaret

242 4124 306 4181 qum
317 4105 393 4162 haud
405 4105 493 4164 dubie
507 4105 663 4184 aliquando
679 4120 708 4165 et
721 4106 758 4167 ah
771 4129 830 4167 uno
843 4121 951 4168 tantum
967 4129 1014 4186 ge·
1059 4107 1129 4179 ille,
1145 4106 1216 4183 quid
1231 4107 1344 4164 tandem
1358 4119 1415 4164 tam
1426 4127 1560 4180 magnum
1571 4119 1647 4164 esset
1662 4108 1737 4182 qnod
1751 4107 1817 4164 solus

243 4203 286 4248 sta
302 4204 362 4262 est,
381 4211 440 4249 non
452 4195 621 4270 incorrupta
630 4194 829 4253 hdetraditam
841 4214 914 4254 esse.
1059 4211 1111 4250 rex
1131 4194 1278 4268 cognitum
1302 4207 1398 4271 posset
1417 4193 1538 4264 habere,
1562 4195 1755 4251 Democritum
1780 4212 1816 4248 re-

281 4277 374 4335 Porro
389 4277 533 4352 Diogenes
547 4279 605 4357 (αδ)
625 4281 802 4340 Demetrium
817 4283 848 4341 in
869 4282 1015 4358 llomony·
1059 4279 1196 4356 pondisse
1217 4281 1331 4349 serunt,
1355 4280 1381 4336 si
1402 4281 1513 4336 tumulo
1537 4282 1639 4338 uxoris
1667 4281 1819 4338 inscriberet

242 4363 340 4420 miset
354 4363 550 4422 Antisthenem
562 4366 594 4424 in
607 4365 844 4445 philosophorum
856 4367 1015 4426 Successio-
1059 4368 1177 4425 nomina
1190 4367 1275 4426 trium
1291 4366 1441 4424 hominum
1456 4366 1549 4424 luctus
1559 4371 1738 4444 expertium,
1748 4366 1814 4424 illam

242 4445 329 4508 nibus
362 4462 493 4511 auctores
527 4464 641 4513 secutus
670 4453 727 4524 ait,
756 4455 951 4514 Democritum
983 4455 1013 4511 in
1034 4473 1041 4506 ι
1059 4453 1096 4512 ab
1116 4455 1218 4513 inseris
1237 4471 1300 4513 esse
1320 4453 1494 4525 redituram
1517 4453 1578 4510 sore
1601 4455 1680 4511 euim
1701 4467 1729 4510 ut
1754 4472 1817 4508 com-

273 4683 323 4746 (ao)
335 4685 419 4734 cicero
431 4684 462 4736 de
473 4685 525 4735 Fla.
540 4685 595 4736 bon.
611 4687 636 4737 el
646 4687 702 4737 mal.
714 4687 756 4738 lib.
769 4689 791 4736 V
804 4701 857 4751 cap.
876 4695 913 4739 tt.
931 4691 1013 4740 llorat.
1091 4690 1140 4753 (aa)
1153 4690 1215 4739 Plio.
1227 4690 1288 4739 llist.
1303 4690 1353 4739 nat.
1363 4689 1404 4738 lib.
1417 4691 1504 4750 lell,
1514 4701 1567 4750 cap.
1579 4693 1619 4738 28.

241 4754 312 4814 epist.
330 4755 350 4812 t,
364 4759 402 4812 tt,
419 4755 455 4814 tr,
476 4753 518 4802 ubl
534 4755 590 4804 ride
603 4757 709 4806 veterem
727 4758 887 4820 interpretem.
902 4760 970 4809 Philo
985 4761 1015 4810 de
1093 4760 1142 4820 (25)
1158 4759 1272 4822 Diogenes
1286 4758 1393 4807 Laertius
1401 4758 1441 4808 tib.
1452 4761 1495 4818 tx,
1508 4753 1570 4808 ³5?

241 4824 298 4872 Vita
311 4823 439 4884 conterupl.
455 4836 479 4886 p.
494 4827 548 4874 891.
561 4825 625 4886 orig.
640 4829 724 4876 contra
735 4827 796 4876 cels.
810 4827 851 4876 lib.
863 4829 885 4877 tr
897 4841 920 4891 p.
932 4835 969 4878 su.
1089 4829 1138 4891 (26)
1151 4829 1236 4877 AEllan.
1249 4831 1306 4877 var.
1318 4829 1378 4877 illst.
1390 4830 1433 4888 lv,
1445 4835 1483 4878 au.
1495 4827 1579 4878 suidas
1591 4839 1616 4876 r.
1626 4827 1768 4890 Δημόιριτος.
1779 4827 1814 4872 lte·

273 4893 322 4954 (at)
335 4893 395 4942 Plat.
412 4893 483 4955 Hipp.
498 4894 554 4955 maj.
570 4907 623 4957 pag.
639 4899 714 4946 teta
730 4896 769 4947 ed.
782 4897 864 4960 steph.
876 4897 1015 4949 Aristoteles
1058 4898 1154 4960 tychius
1165 4897 1269 4947 Milesius
1283 4909 1307 4946 r.
1320 4897 1463 4960 Δημόκριτος
1471 4909 1523 4961 pag.
1539 4904 1566 4948 ts
1581 4898 1620 4948 od.
1637 4899 1709 4947 orell.
1722 4897 1814 4944 ereum

242 4962 319 5011 Etlric.
331 4962 421 5011 atum.
432 4963 473 5012 lib.
486 4965 569 5026 vrap.
581 4967 605 5025 7,
620 4971 643 5014 6.
1058 4970 1124 5019 Alex.
1138 4971 1225 5018 strom.
1241 4971 1252 5018 l
1269 4980 1293 5030 p.
1306 4971 1359 5017 toi.
1470 4971 1473 4978 '

273 5030 323 5090 (aa)
334 5031 432 5080 aristot.
445 5031 534 5080 Politic.
546 5032 586 5082 lib.
597 5035 642 5082 loa
662 5069 668 5081 .
683 5041 717 5084 tt.
728 5035 795 5098 Diog.
807 5037 885 5087 baert.
894 5037 934 5088 lib.
945 5039 965 5100 1,
977 5043 1014 5088 26.
1090 5038 1139 5098 (27)
1157 5040 1242 5088 Strabo
1256 5038 1297 5087 lib.
1312 5039 1365 5096 XV,
1377 5050 1401 5100 p.
1414 5037 1574 5090 resedeat.

274 5097 324 5161 (aa)
334 5100 418 5150 cicero
428 5099 458 5152 rie
470 5101 575 5153 Dirimt.
588 5103 630 5152 lib.
642 5045 665 5166 l,
678 5109 715 5155 ts.
1091 5107 1140 5169 (tt)
1155 5108 1237 5157 AElian.
1252 5110 1308 5157 var.
1321 5107 1382 5156 illst.
1399 5109 1442 5168 lv,
1457 5113 1494 5158 tu.
