3776 5926
246 421 302 472 188
976 413 1153 477 OIlPIlICA.
1193 471 1196 476 .

298 539 362 614 ύλης
376 541 514 621 γενομένης
534 541 653 618 γενέσθαι
676 541 735 608 robe
755 544 915 624 ἀνθρώπους.
938 546 1017 606 Idem

296 655 325 710 p.
343 635 380 710 69
398 636 442 692 C:
465 633 564 712 Διόπερ
579 633 624 692 καί
645 636 761 714 παρφδεῑ
777 634 838 701 ἐπος
855 635 1018 715 Ὀρφικδντδ

295 719 381 799 λέγον,
392 719 430 778 ὅτι
441 721 509 788 ὅστις
524 722 546 778 δ’
561 725 635 796 ἡμῶν
649 724 795 795 ἀτέλεστος,
810 721 900 802 ὥσπερ
911 727 937 782 ἐν
954 728 969 802 β
987 747 1017 803 ρ-

296 805 367 886 όάριρ
380 805 496 866 κείσεται
511 811 536 866 ἐν
549 806 635 890 ᾅδου.)

432 942 576 1024 Ἄνθρωποι
591 945 618 1004 δέ
632 944 774 1016 τεληέσσας
789 945 938 1021 ἑκατόμύοις

254 1053 266 1092 t
294 1031 442 1110 πέμψουσιν
454 1032 571 1112 πάσῃσιν
585 1035 611 1092 ἐν
626 1032 706 1113 ὥραις
720 1033 887 1112 άμφιετέσσιν

292 1119 368 1198 όργιά
383 1120 406 1178 τ’
421 1121 596 1194 έκτελέσουσι,
612 1122 685 1181 λύσιν
698 1123 830 1202 προγόνων
842 1123 988 1198 ἀθεμίστων

293 1209 439 1286 μαιόμενοι.
455 1209 493 1268 Σύ
513 1210 540 1268 δέ
554 1217 635 1270 τοῖσιν
652 1211 719 1290 ἔχων
741 1210 849 1288 κράτος,
868 1209 910 1277 ούς
921 1209 945 1268 κ’
960 1210 1015 1270 ἐθέ·

919 1299 1015 1378 [λησθοι

294 1385 379 1451 λύσεις
391 1385 420 1444 ἐκ
431 1409 459 1444 τε
469 1383 554 1444 πόνων
564 1388 689 1464 χαλεπῶν
700 1386 745 1443 καὶ
755 1384 889 1465 ἀπείρονος
899 1386 1012 1466 οἴστρου.

334 1525 566 1602 (Olympiodorus
583 1529 693 1585 Comm.
720 1529 750 1584 in
764 1527 862 1586 Phaed.
878 1548 884 1584 :
905 1525 939 1587 ‘0
954 1527 1013 1587 Διό·

294 1634 369 1677 νυσος
388 1611 486 1676 λύσεώς
502 1615 571 1671 ἐστιν
594 1612 683 1680 αἴτιος.
704 1611 751 1671 Διδ
765 1613 810 1670 καὶ
832 1612 923 1680 λυσεθς
951 1618 1013 1692 (leg.

291 1697 388 1776 λύσιος)
404 1702 418 1756 δ
433 1699 498 1766 θεός.
521 1700 573 1759 Καὶ
592 1700 701 1780 Ὀρφεύς
715 1721 803 1781 φησιν·
820 1700 966 1780 Ἄνθρωποι
986 1703 1013 1762 δὲ

291 1788 350 1846 κτλ.
367 1788 433 1844 Vs.6
455 1809 509 1862 pro
527 1786 603 1865 ὄργια
619 1787 796 1847 ἐκτελέσωσιν
819 1793 918 1866 scripsi
936 1789 1012 1869 όργιά

290 1875 314 1930 τ’
330 1873 516 1933 ἐκτελέσωσιν.
528 1877 606 1934 Idem
618 1878 689 1933 ibid.
707 1898 713 1933 :
726 1877 765 1934 ότι
780 1878 891 1943 παλαιὸς
903 1877 1011 1958 θλόγος,

291 1960 416 2041 Ὀρφικός
433 1985 462 2020 τε
481 1961 532 2041 γθιρ
552 1961 596 2020 καί
618 1963 801 2042 Πυθαγόρειος,
820 1964 927 2022 θπάλιν
943 1964 1013 2042 ἄγων

290 2049 337 2115 τθις
349 2047 435 2128 ψυχάς
449 2051 484 2115 είς
493 2048 524 2106 τὸ
538 2053 624 2126 σῶμα,
643 2051 687 2109 καὶ
702 2053 781 2110 πάλιν
797 2049 849 2109 ἀπδ
863 2057 909 2110 τοῦ
924 2052 1014 2129 σώμα-

289 2161 332 2205 τος
339 2137 451 2213 ἀνάγων,
457 2136 502 2194 καὶ
509 2142 585 2195 τοῦτο
594 2137 683 2218 κύκλῳ
691 2139 828 2205 πολλάκις.
838 2141 916 2198 Idem
926 2142 1011 2201 ibid.:

291 2223 364 2283 ότιοί
379 2223 581 2302 παραδιδόμενοι
600 2223 726 2304 τέσσαρες
746 2227 860 2302 ποταμοὶ
883 2225 951 2284 κατὰ
965 2226 1013 2297 τήν

291 2313 409 2393 Ὀρφέως
430 2314 574 2393 παράδοσιν
596 2318 648 2381 τοῖς
667 2315 795 2394 ὑπογείοις
816 2317 973 2394 ἀναλογοῦσι
985 2315 1007 2374 δ’

292 2400 429 2479 στοιχείοις
444 2425 473 2459 τε
493 2403 537 2460 καὶ
560 2400 675 2481 κέντροις
697 2403 765 2461 κατθι
791 2403 836 2462 δύο
861 2403 1009 2471 ἀντιθέσεις.

290 2486 324 2547 Ὁ
342 2487 389 2564 μίν
403 2489 454 2568 γὰρ
467 2489 669 2570 Πυριφλεγέθων
683 2493 722 2571 τῷ
741 2491 803 2568 πυρί
815 2491 860 2550 καί
873 2497 905 2571 τῇ
921 2493 1013 2552 ἀνατυ-

289 2577 339 2655 λῇ,
352 2579 366 2634 δ
379 2574 406 2634 δέ
421 2577 591 2657 Κωκυτθςτῇ
608 2581 641 2657 γῇ
656 2577 700 2636 καὶ
714 2581 747 2655 τῇ
761 2575 848 2658 δύσει,
865 2580 918 2640 itt
933 2577 1012 2658 ’Δχέ-

291 2687 342 2743 ρων
357 2664 414 2742 ἀέρι
426 2689 456 2723 τε
470 2667 514 2724 καί
529 2664 693 2746 μεσημόρίφ.
707 2665 821 2733 Τούτους
836 2667 883 2744 μέν
898 2667 1010 2746 Ὀρφεὺς

291 2749 360 2811 οὕτω
384 2751 511 2830 διέταξεν,
537 2752 613 2818 αὐτὸς
627 2753 654 2810 δέ
675 2750 720 2811 τδν
744 2753 869 2812 Ὠκεανὸν
883 2757 922 2833 τῷ
936 2753 1010 2812 ύδατι

289 2841 336 2899 καὶ
351 2845 382 2918 τῇ
396 2840 484 2918 ἄρκτῳ
494 2840 663 2916 προσοικειοῖ.
681 2843 761 2896 Idern
776 2843 885 2899 Comm
899 2845 927 2898 in
941 2842 1009 2899 Phi·

289 2931 347 2986 leb.
365 2949 372 2984 ε
388 2925 450 2986 Είτε
463 2924 587 3002 (Μνήμη)
603 2930 619 2996 ἡ
635 2926 690 2991 θεὸς
703 2925 786 3001 αὐτή,
800 2927 844 3007 ἀφ’
859 2919 889 2998 ἧς
904 2935 978 2985 πᾶσαι
994 2932 1009 2999 ἡ

290 3013 386 3085 ἰδιότης
399 3014 552 3088 ἐπιγίνεται,
565 3012 616 3070 είτε
628 3017 644 3083 ἡ
656 3013 729 3090 παρδι
739 3017 776 3094 τῷ
787 3015 880 3094 Ὀρφεῖ
890 3015 1010 3090 Μνημόι,

288 3101 339 3160 εἴτε
348 3100 393 3160 καί
405 3099 472 3170 άλλη
480 3124 518 3167 τις
527 3091 591 3158 ούσα
605 3099 740 3178 τυγχάνει.
758 3104 836 3161 Idem
848 3105 917 3160 ibid.
931 3124 938 3160 τ
956 3102 1010 3164 Kal

291 3188 343 3267 μὴν
360 3193 387 3247 ἐν
408 3192 461 3254 τοῖς
475 3189 610 3268 Ὀρφικοῖς
625 3189 651 3244 ἐν
668 3191 705 3266 τῷ
720 3189 887 3268 μυθευομένῳ
905 3191 950 3270 θεῷ
964 3191 1011 3256 τδις

289 3279 357 3359 τρεῖς
368 3281 512 3357 ἐκφανῆναι
528 3277 641 3355 μονάδας
655 3275 755 3356 φησίν.)

288 3419 393 3498 Χειρῶν
408 3415 557 3493 ὀλλυμένων
571 3415 640 3497 έῤῥει
655 3415 796 3495 πολύεργος
811 3415 914 3488 Ἀθήνη.

329 3551 433 3628 (Etym.
451 3550 568 3606 Orionis
591 3570 597 3604 :
624 3548 716 3626 Χεῖρες
742 3545 795 3605 ἀπὸ
815 3551 861 3618 τῆς
880 3547 1009 3627 χρήσεως,

287 3635 385 3696 ὡσανεὶ
409 3633 517 3714 χρήσιες
541 3625 633 3707 ούσαι,
657 3635 674 3706 ἢ
709 3639 807 3715 χρεῖαι·
832 3634 940 3712 οὐδεμία
959 3634 1010 3714 γὰρ

288 3723 369 3802 τέχνη
385 3723 527 3800 προκόπτει
552 3721 613 3800 δίχα
633 3727 737 3802 χειρῶν.
762 3722 887 3804 Ὀρφεύς·
914 3725 1010 3803 χειρῶν

182 3887 185 3893 ¹
291 3811 440 3886 ἀλλομένων
455 3808 528 3890 έρψεν
544 3811 602 3867 κτλ.
613 3813 777 3886 Legendurn
790 3812 880 3890 ἔρρει.)

583 3943 652 4001 LVI.

285 4069 324 4130 Τδ
332 4067 393 4150 πρίν
400 4069 441 4128 ἐὸν
453 4070 521 4150 μέγα
531 4069 632 4150 δένδρον
643 4071 685 4130 ἐπί
692 4069 766 4149 χθονί
778 4068 824 4128 καὶ
835 4067 1009 4149 φερέκαρπον.

327 4190 432 4264 (Etym.
448 4189 523 4246 Gud.
539 4209 569 4262 p.
589 4187 643 4260 395
660 4208 667 4244 ε
683 4186 788 4260 Μίνθη,
803 4183 836 4254 ἥν
851 4207 918 4250 τινες
932 4182 1010 4253 ἡδύο-

1124 545 1267 624 ήδύοσμον,
1296 548 1360 627 ὅπερ
1377 547 1568 626 λυπουμένην)
1596 547 1728 628 Δημήτηρ
1755 549 1841 608 ἰδοῦσα

1124 635 1234 713 ἐμίσησε
1248 636 1292 696 καί
1309 635 1427 714 ἄκαρπον
1442 636 1575 707 ἐποίησεν.
1597 637 1727 717 Ὀρφεύς·
1743 637 1774 696 τδ
1787 639 1842 714 πρίν

1123 724 1163 782 ἐὸν
1176 725 1244 802 μέγα
1256 727 1315 784 κτλ.
1325 725 1383 782 Pro
1392 725 1452 806 φέρε
1463 725 1564 806 καρπδν
1578 727 1639 802 Iege
1651 725 1840 805 φερέκαρπον.)

1123 866 1253 937 Σηκάζειν
1267 866 1361 944 πυρούς
1376 890 1405 925 τε
1420 865 1464 924 καί
1475 866 1610 946 ἀστάχυας
1624 866 1684 926 κατ’
1700 866 1790 935 ἀλωάς

1123 958 1223 1034 ἀνδρῶν
1237 956 1402 1034 λικμώντων,
1420 955 1462 1015 ὅτε
1476 980 1505 1014 τε
1520 955 1598 1028 ξανθὴ
1614 957 1748 1034 Δημήτηρ

1121 1043 1208 1121 κρίνῃ,
1218 1043 1391 1123 ἐπειγομένων
1407 1045 1523 1120 ἀνέμων,
1537 1045 1673 1123 καρπόντε
1689 1045 1736 1103 καί
1750 1045 1837 1124 ἄχνας,

1164 1185 1219 1260 (Jo.
1232 1183 1346 1241 'I'zetzes
1362 1188 1448 1260 Exeg.
1465 1189 1550 1243 Ilom.
1566 1205 1633 1260 pag.
1648 1186 1686 1240 τύ
1702 1205 1709 1240 ι
1725 1184 1842 1262 Εὑρίσκω

1120 1269 1170 1348 γθιρ
1186 1269 1264 1328 αὐτὸν
1278 1271 1333 1348 [τὸν
1343 1269 1479 1349 Ὅμηρον)
1495 1270 1511 1327 ἃ
1524 1271 1571 1348 μέν
1587 1295 1644 1328 τινα
1660 1274 1713 1328 τῶν
1730 1271 1842 1350 Ὀρφέως

1121 1360 1189 1417 ἐπῶν
1204 1357 1262 1416 καθ’
1276 1358 1434 1438 ὁλοκληρίαν
1449 1358 1512 1438 πρὸς
1530 1359 1578 1428 τὴν
1594 1359 1673 1415 αὐτοῦ
1690 1361 1841 1435 μετοχετεύ·

1076 1472 1080 1478 ’
1121 1445 1326 1520 σανταποίησιν,
1340 1447 1417 1526 έτερα
1432 1445 1460 1504 δέ
1471 1447 1547 1504 πάλιν
1555 1450 1614 1504 καθ’
1627 1446 1754 1522 ἡμίσειαν
1762 1470 1839 1516 παρα-

1121 1532 1269 1592 σπάσαντα·
1283 1533 1338 1592 ἔστι
1349 1535 1395 1592 δά
1406 1533 1450 1592 καλ
1458 1533 1691 1612 μεταφράσαντοιῆ
1706 1533 1752 1590 καὶ
1765 1536 1840 1604 ἀλλη-

1119 1621 1219 1686 νάλλως
1231 1621 1448 1700 μεταστρέψαντα
1463 1620 1600 1699 [ποίησιν]Ι
1619 1625 1652 1687 όις
1668 1623 1698 1679 τὸ
1713 1623 1838 1688 Στκάζειν

1120 1709 1233 1787 πυρσούς
1247 1733 1275 1768 τε
1292 1710 1350 1767 κτλ.
1366 1712 1453 1767 Edidi
1463 1709 1558 1787 πυρούς
1571 1731 1598 1766 τε
1611 1723 1639 1765 et
1651 1729 1739 1766 versu
1757 1712 1771 1764 3
1787 1709 1840 1774 ξαν·

1119 1797 1151 1867 et
1166 1798 1306 1875 Δημήτηρ,
1329 1799 1360 1854 ut
1373 1801 1476 1873 legitur
1493 1798 1569 1870 apud
1589 1795 1750 1852 Homerum
1765 1799 1840 1853 Iliad.

1120 1888 1171 1945 lib.
1185 1891 1208 1942 V
1223 1907 1264 1944 vs.
1293 1887 1358 1956 500,
1374 1906 1463 1960 quum
1484 1885 1590 1942 codicis
1607 1888 1752 1958 scriptura
1769 1883 1839 1952 irbi

1119 1978 1208 2056 μήτηρ
1225 1991 1360 2054 corrupta
1374 1980 1430 2054 sit.)

1079 2138 1091 2174 s
1119 2114 1218 2176 Ἵῖκτον
1229 2115 1334 2182 {romb
1343 2114 1390 2192 μὲν
1399 2113 1467 2180 ούτις
1478 2111 1651 2194 ἐπεφράσατ’,
1660 2115 1718 2171 οὐδ’
1733 2113 1839 2184 ἐνόησεν.

1160 2257 1216 2330 (lo.
1229 2259 1340 2312 'Izetzes
1352 2257 1371 2316 l.
1384 2277 1409 2314 c.
1427 2276 1433 2310 τ
1451 2253 1504 2314 Καὶ
1516 2253 1554 2326 τὸ,
1570 2253 1644 2312 έκτον
1661 2253 1734 2318 ἔτος·
1754 2255 1838 2328 τὸμὲν

1119 2342 1187 2409 ούτις
1203 2343 1347 2424 ἐπίφρασεν
1370 2345 1428 2402 κτλ.
1442 2343 1550 2418 Scripsi
1573 2343 1749 2422 ἐπεφράσατ’,
1763 2347 1835 2417 quod

1118 2436 1246 2488 similiter
1265 2455 1329 2489 cunr
1351 2432 1455 2502 ἐνόησεν
1473 2433 1623 2507 copulatur
1650 2433 1732 2507 apud
1757 2436 1836 2491 llorn.

1117 2523 1217 2597 OtlysS.
1232 2525 1283 2578 lib.
1299 2525 1376 2594 vni,
1391 2543 1430 2578 vs.
1445 2521 1502 2595 94.)

1116 2641 1205 2715 Ἕκτη
1221 2647 1246 2703 ἐν
1261 2646 1392 2722 ήριγενεῒ,
1408 2641 1607 2723 ψοδοδακτύλιρ,
1624 2643 1800 2721 ἀργυροπέζῃ.
1843 2729 1847 2740 .

1159 2777 1248 2851 (Idem
1264 2778 1284 2834 l.
1306 2795 1329 2832 ο.
1347 2796 1353 2830 ;
1374 2772 1445 2850 Πρὸς
1460 2770 1488 2830 δέ
1506 2771 1551 2830 καὶ
1566 2771 1614 2847 τὸ,
1636 2771 1701 2843 ἔκτη
1728 2771 1837 2850 ἐνήριγεν

1117 2863 1321 2941 εἶροδοδακτύλῳ
1350 2863 1522 2941 ἀργυροπέζῃ.
1548 2862 1708 2920 Emendavi
1735 2881 1837 2916 versum
1880 2897 1881 2900 =

1117 2952 1360 3025 quemadmodum
1391 2953 1526 3006 sententia
1557 2951 1700 3024 postulat,
1736 2960 1838 3004 secutus

1117 3042 1308 3093 llermannum
1318 3057 1348 3111 p.
1363 3036 1432 3110 950.
1444 3039 1507 3091 Non
1519 3035 1637 3090 dubium
1648 3037 1723 3109 quin
1735 3037 1764 3088 in
1773 3055 1836 3108 prae-

1117 3121 1837 3200 cedentiquiperiitversiculorioiexaratumsuerit.)

1117 3239 1202 3300 ’ἐστδν
1219 3243 1403 3320 ἐποιχομένην,
1419 3243 1499 3312 ἀτελῆ
1513 3240 1603 3312 πόνον,
1619 3241 1791 3316 ἀνθεμόεντα.

1157 3367 1247 3440 (Idem
1267 3368 1289 3424 l.
1303 3386 1327 3422 c.
1351 3387 1357 3420 :
1375 3363 1427 3424 Kal
1448 3362 1488 3434 τδ,
1503 3361 1575 3422 ἱστὸν
1592 3365 1769 3442 ἐποιχομένην
1782 3368 1834 3424 κτλ.

1117 3453 1276 3525 Legebatur
1284 3451 1461 3526 ἀνθεμόεσσαν
1470 3451 1550 3525 quod
1563 3453 1592 3506 in
1602 3450 1763 3525 ἀνθεμόεντα
1774 3471 1837 3507 con·

1117 3539 1209 3612 verti.)

1117 3651 1227 3728 Σμήνεα
1242 3653 1265 3711 δ’
1278 3651 1425 3732 εἰργάζοντο
1441 3651 1591 3728 μελισσάων
1607 3651 1734 3711 ἀδινάων.
1822 3663 1827 3676 ·

1157 3765 1275 3841 (Ττοιτεε
1286 3766 1304 3821 l.
1320 3784 1346 3822 e.
1359 3783 1390 3838 p.
1408 3764 1463 3820 26:
1482 3761 1535 3820 Καί
1548 3761 1589 3836 τὸ,
1607 3759 1712 3836 σμήνεσι
1726 3763 1749 3820 δ’
1761 3760 1834 3840 ἐργά·

1118 3853 1158 3916 ζεο
1186 3851 1246 3910 κτλ.
1273 3852 1416 3907 Sententia
1438 3851 1560 3925 requirit
1584 3849 1736 3928 εἰργάζοντο
1765 3851 1836 3925 quod

1118 3937 1218 4015 edtdi.)

1118 4048 1179 4116 Ζεὺς
1190 4048 1327 4129 Κρονίδης,
1341 4046 1462 4127 βασιλεὺς
1474 4049 1602 4128 Ιύψίζυγος,
1613 4047 1697 4128 αἰθέρι
1711 4050 1800 4107 ναίων.

1160 4182 1248 4255 (Idem
1262 4184 1282 4239 l.
1299 4202 1325 4240 c.
1338 4179 1456 4256 Ὁμοίως
1470 4180 1496 4238 δὲ
1515 4179 1560 4236 καί
1574 4179 1614 4251 τὸ,
1633 4179 1701 4246 Ζεύς
1716 4180 1836 4258 Κρονίδης

303 4297 351 4351 μον
361 4275 483 4334 καλοῦσι·
499 4274 537 4332 ἐτι
551 4277 617 4351 (leg.
632 4273 697 4352 ἔστι)
713 4272 739 4330 δέ
750 4271 909 4348 καλάμινθος
921 4271 1009 4350 άγριον
1118 4271 1176 4327 κτλ.
1194 4271 1277 4330 Cous.
1290 4274 1376 4327 Hom.
1391 4270 1474 4328 Iliad.
1489 4271 1541 4328 lib.
1558 4270 1595 4326 IV
1605 4289 1646 4326 vs.
1673 4271 1753 4345 ιθύ.)

233 4425 1836 4452 mm

520 4542 636 4593 Homines
646 4543 726 4593 eutem
739 4543 845 4594 solennia
857 4542 974 4592 sacrificia
1056 4540 1114 4589 viris
1122 4539 1301 4599 ventilantibus,
1315 4553 1391 4602 quum
1407 4540 1468 4588 tlara
1480 4541 1552 4589 ceres

225 4627 312 4680 sacient
328 4630 441 4680 omnibus
455 4631 511 4680 runi
521 4630 669 4692 temporibus
1055 4630 1316 4691 secernit‚urgentibus
1329 4631 1532 4690 ventis,truotuu1
1544 4633 1569 4678 et
1587 4627 1715 4689 paleas-
1772 4636 1774 4640 ·
1852 4629 1857 4640 ’

224 4717 339 4780 orgiaque
352 4718 507 4767 celebrabunt
518 4717 661 4767 nefariorum
679 4718 799 4780 majorum
809 4718 967 4781 expiationem
1055 4719 1156 4766 Sextum
1166 4731 1255 4766 anuum
1264 4733 1270 4777 ;
1280 4717 1302 4764 id
1315 4717 1379 4780 quod
1395 4731 1466 4767 nemo
1479 4731 1556 4780 neque
1569 4718 1752 4778 animadvertil,
1766 4727 1836 4777 neque

224 4805 368 4865 aurerenter.
378 4807 414 4854 Tu
427 4817 484 4854 vero
492 4803 529 4853 bis
539 4804 610 4854 rebus
619 4805 719 4867 polleas,
727 4819 885 4867 quoscunque
898 4805 975 4866 voles,
1662 4805 1799 4868 [intellexit.
1808 4831 1831 4842 -

223 4891 337 4954 gravibus
350 4893 466 4942 erumnis
480 4895 504 4942 et
515 4893 631 4942 Immensa
641 4893 768 4954 cupiditate
782 4892 900 4942 liberabis.
915 4919 945 4930 -
1053 4895 1126 4943 Sexta
1142 4905 1228 4942 aurora
1245 4904 1315 4943 mane
1325 4897 1385 4953 orte,
1407 4891 1481 4942 roseis
1498 4892 1579 4953 digitis
1593 4891 1714 4952 fulgente,
1733 4887 1835 4938 candidis

224 4981 334 5030 Manibus
343 4980 606 5043 pereuntibaeoperosa
619 4980 680 5042 perit
691 4981 808 5030 Minerva.
1497 5002 1500 5006 ·
1535 4979 1647 5044 [pedibus
1659 4977 1797 5040 conspicua.
1806 5001 1833 5014 -
1871 4969 1872 5011 i

588 5069 651 5118 LVI.
1052 5070 1123 5120 Telas
1133 5075 1321 5134 percurrentem,
1329 5085 1391 5134 opus
1399 5069 1829 5134 imperfectumlloribasrariatum.-

224 5153 407 5204 Arboremolim
421 5155 565 5216 ffllbsslffllfl
577 5154 875 5216 leffi⁵elsr1¹glieram.-
1053 5160 1168 5209 Examina
1184 5173 1240 5208 vero
1251 5173 1322 5222 apum
1335 5161 1495 5215 consertarum
1512 5158 1682 5220 operabantur.
1696 5183 1726 5194 -
1758 5155 1827 5218 [tans.
1870 5189 1871 5194 η

224 5239 324 5290 stabulo
338 5241 457 5294 includere
469 5243 577 5293 triticum
588 5243 611 5292 et
621 5242 730 5306 spicaria
746 5244 806 5292 areis
1054 5247 1148 5310 Jupiter
1160 5247 1293 5309 saturnias,
1311 5261 1352 5298 rex
1366 5247 1390 5296 ia
1407 5247 1501 5298 excelso
1515 5245 1610 5308 sedens,
1627 5244 1652 5294 in
1666 5245 1754 5296 etbere
1767 5237 1829 5290 bebl-
1870 5213 1871 5241 Δ
