3690 5924
403 439 583 502 DIOGENIS
604 439 880 500 APOLLONlllTAE
900 437 1148 498 FRAGMENTA.
1522 448 1578 500 25⁵

15 584 56 652 θ,τι
68 579 100 655 μὴ
111 575 211 655 μετέχοι
225 573 323 646 τούτου,
346 570 451 648 μετέχει
465 571 491 628 δὲ
506 569 562 628 οὐδέ
581 569 606 627 έν
630 569 723 644 ὁμοίως
736 569 764 627 τδ
807 568 870 626 αὐτό
893 589 956 646 ρησι
976 565 1071 644 λέγυίν·
1093 593 1105 617 ι
1119 565 1163 623 καλ
1178 565 1240 623 αύτδ
1260 565 1306 642 μὲν
1332 571 1407 626 τοῦτο
1427 566 1472 625 καὶ
1498 563 1579 625 ἀίδιον

16 669 85 744 ἕτερον
99 667 132 740 τῷ
150 652 238 740 ἑτέρῳ,
254 658 319 716 illl
342 657 432 714 πολλοὶ
449 655 538 734 τρόποι
560 653 604 712 καί
626 655 705 710 αὐτοῦ
719 658 762 709 τοῦ
807 654 863 711 κτλ.
879 653 906 730 ο)

17 755 75 816 ἀίοος
87 749 125 808 καί
138 752 182 816 τῆς
194 745 294 815 νοέσιός
308 745 380 802 εἰσιν,
392 741 471 802 Ἔστι
483 741 533 819 γθιρ
546 740 707 819 πολύτροπος
719 740 763 798 καί
846 761 869 798 u.
887 743 920 797 ll
936 737 962 796 δέ
978 737 1068 816 ρλέύες
1087 740 1114 795 ἐν
1127 741 1164 815 τῷ
1186 737 1312 817 ἀνθρώπῳ
1330 729 1376 796 ὧδ’
1393 737 1505 815 ἔχουσιν.
1520 739 1579 798 Εἰσί

16 813 144 917 θεραότερος
157 832 200 890 καί
220 830 375 911 ψυχρότερος
392 829 436 886 καί
451 828 584 906 ξηρότερος
597 827 640 884 καί
655 826 764 903 θγρότε-
807 825 851 884 δύο
863 826 996 901 μέγισται·
1012 816 1089 884 αθται
1101 825 1211 882 τείνουσι
1225 825 1267 882 διθι
1281 830 1328 895 τῆς
1337 825 1435 891 κοιλίας
1447 823 1519 903 παρίι
1533 823 1579 895 τὴν

17 899 98 1005 ροςικαί
112 919 298 996 στασιμώτερος
313 917 357 973 καὶ
373 913 492 992 όξυτέρην
511 914 611 984 κίνησιν
623 913 700 990 ἔχων,
719 912 763 970 καί
806 911 928 969 νωτιαίαν
949 912 1072 982 ἄκανθαν,
1086 914 1102 981 ἡ
1116 911 1161 986 μὲν
1176 911 1219 968 ἐπὶ
1229 909 1298 977 δεξιθ
1311 914 1328 980 ἡ
1342 911 1364 966 δ’
1384 913 1425 968 ἐπ’
1438 912 1578 988 ἀριστερά,

17 1015 77 1072 ἄλλοι
87 1008 176 1067 πολλαὶ
189 1004 346 1082 έτεροιιύσιις
357 1002 435 1059 ἔνεισι
448 1001 494 1058 καί
507 1002 600 1072 ἡδονῆς
614 1001 658 1057 καί
672 1005 763 1078 χροιῆς
806 1000 841 1064 είς
857 998 890 1056 τδ
904 997 983 1067 σκέλη
1005 996 1114 1076 ἑκατέρα
1130 995 1164 1053 τθ
1174 998 1236 1072 παρ’
1249 999 1336 1075 ἑαυτῇ,
1351 996 1395 1053 καλ
1413 996 1466 1053 ἄνω
1485 1000 1522 1060 τίς
1533 993 1580 1065 τὴν

18 1102 108 1176 ίτειροι.
125 1094 175 1153 Καὶ
193 1091 315 1149 ἁπάντων
330 1091 380 1146 τῶν
394 1087 466 1166 ζῴοιν
479 1087 534 1157 ili
559 1086 631 1164 ψυχὴ
651 1087 680 1144 τὺ
700 1085 763 1142 αὐτό
805 1085 919 1161 κεφαλὴν
934 1082 1005 1159 παρδι
1025 1081 1071 1148 τὰς
1085 1082 1187 1147 κλεῖδας
1211 1080 1252 1138 διίι
1268 1086 1318 1139 τῶν
1333 1086 1450 1160 σραγῶν.
1466 1080 1530 1140 'nni
1552 1080 1580 1138 δέ

18 1180 122 1256 ἐστηοίὴρ
142 1177 292 1255 θερμότερος
308 1175 354 1248 μέν
374 1179 420 1232 τοῦ
436 1175 496 1245 ἔξω,
515 1176 541 1232 έν
562 1165 583 1252 ᾧ
606 1175 687 1250 εἶμεν,
717 1177 762 1230 τοῦ
805 1171 902 1228 τούτων
913 1171 970 1228 καθ’
984 1168 1053 1226 ἅπαν
1077 1167 1106 1224 τδ
1124 1170 1200 1238 σῶμα
1222 1165 1314 1246 ρλέόες
1331 1167 1506 1239 διατείνουσιν,
1529 1167 1582 1225 ἀπὸ

19 1271 85 1344 μέντοι
106 1265 175 1342 παρὰ
188 1267 226 1342 τῷ
249 1263 316 1342 ἡλίῳ
334 1261 429 1320 πολλὸν
443 1261 613 1340 ψυχρότερος·
634 1262 721 1336 θμοιον
737 1258 764 1316 δὲ
806 1255 852 1331 μέν
866 1259 912 1324 τῆς
927 1252 1008 1320 δεξιᾶς
1023 1255 1059 1317 εἰς
1080 1251 1113 1310 τδ
1125 1251 1205 1322 δεξιοί,
1221 1251 1273 1310 ἀπὸ
1294 1251 1321 1308 δέ
1337 1257 1381 1322 τῆς
1397 1254 1531 1328 ἀριστερᾶς
1545 1253 1581 1318 εἷς

19 1361 74 1412 τοῦτο
85 1351 111 1408 τθ
124 1350 213 1429 θερμὸν
228 1350 329 1412 οὐδενὸς
340 1351 392 1404 τῶν
403 1347 474 1425 ζῴων
489 1346 555 1416 ίστί,
572 1347 628 1404 ἐπεὶ
639 1345 696 1403 ούδέ
711 1351 762 1404 τῶν
805 1342 838 1400 τδι
850 1341 989 1420 ἀριστερά,
1006 1341 1126 1415 μέγισται
1151 1338 1198 1414 μὲν
1213 1338 1257 1396 δύο
1279 1341 1314 1403 είς
1327 1337 1374 1407 τὴν
1394 1339 1503 1416 καρδίαν
1518 1338 1579 1411 περὶ

21 1439 136 1517 ίνθρύπων
158 1437 307 1506 ἀλλήλοισι,
333 1433 401 1491 illl
427 1432 551 1510 διαφέρει,
577 1432 645 1509 μέγα
663 1431 709 1507 μὲν
723 1434 763 1508 ού,
807 1426 885 1496 αὐτὴν
898 1427 945 1496 τὴν
959 1427 1082 1485 νιυτιαίαν
1095 1426 1220 1498 ἄκανθαν,
1235 1425 1320 1503 ἕτεραι
1333 1425 1355 1482 δ’
1365 1425 1450 1502 ὀλίγον
1461 1425 1581 1503 ἀνωτέρω

22 1526 62 1583 όλλ
73 1525 131 1581 ὥστε
149 1521 323 1598 παραπλήσια
345 1511 427 1590 εἶναι,
443 1523 472 1578 ού
491 1518 577 1590 μέντοι
598 1519 724 1597 ἀτρεκέως
734 1541 762 1594 γε
806 1513 848 1570 διίι
861 1516 912 1570 τῶν
927 1515 1028 1582 στηθῶν
1054 1512 1103 1570 lul
1117 1513 1163 1583 τὴν
1186 1514 1326 1589 μασχάλην
1347 1513 1383 1578 είς
1396 1511 1520 1588 ἑκατέραν
1534 1511 1581 1578 τὴν

21 1612 87 1687 θροιόν
96 1610 117 1686 γΙ
132 1607 178 1666 ἐόν“
197 1605 270 1665 οὐδὲν
291 1607 312 1662 δ’
339 1595 391 1663 οἷόν
405 1627 433 1661 τε
446 1603 564 1682 γενέσθαι
575 1608 627 1662 τῶν
639 1608 763 1681 ίτεροιου-
807 1607 883 1677 χεῖρα
896 1596 942 1668 πλν
958 1597 1020 1676 παρ’
1033 1601 1129 1675 ἑαυτῇ·
1144 1599 1189 1656 καὶ
1210 1599 1329 1657 καλεῖται
1342 1603 1357 1667 ἡ
1370 1595 1417 1672 μέν
1431 1597 1591 1672 σπληνῖτις,Ι

22 1699 85 1771 μένων
108 1693 185 1770 ἕτερον
200 1691 305 1770 ἑτέρου,
328 1690 388 1768 πρὶν
402 1690 431 1747 τὸ
446 1692 508 1748 αιίτθ
521 1691 639 1765 γένηται.
652 1687 712 1748 ‘Am
727 1681 762 1748 ῶν
807 1693 822 1756 ἡ
838 1687 865 1743 δέ
880 1686 1009 1756 ἡπατῖτις.
1031 1685 1156 1764 Σχίζεται
1180 1687 1201 1742 δ’
1217 1687 1301 1743 αὐτῶν
1325 1684 1394 1762 οίκρα
1408 1681 1518 1762 ἑκατέρα
1532 1727 1540 1758 ,
1563 1688 1581 1754 ἡ

21 1781 153 1856 πολυτρόπου
164 1778 255 1847 ἐούσης
272 1780 316 1845 τῆς
330 1776 488 1852 ίτεροιιθσιος
502 1777 652 1856 πολύτροπα
667 1777 712 1835 καί
731 1779 764 1836 τὰ
808 1772 854 1847 μέν
868 1772 911 1830 lul
923 1771 967 1828 τὸν
982 1770 1063 1848 μέγαν
1079 1771 1215 1841 δοίκτυλον,
1229 1776 1246 1841 ἡ
1261 1771 1284 1827 θ’
1297 1770 1340 1829 ἐπί
1356 1770 1399 1828 τὸν
1413 1770 1518 1846 ταρσόν·
1529 1767 1582 1828 οίπὸ

22 1868 105 1946 (intui
116 1865 205 1936 πολλοί,
220 1863 268 1922 καλ
281 1861 338 1921 οὗτε
356 1863 426 1932 ἰδέην
441 1864 577 1933 ἀλλήλοισι
593 1865 692 1923 ἐοικότα
706 1865 763 1924 οὔτε
808 1860 834 1916 δὲ
853 1858 950 1916 τούτων
966 1857 1059 1915 λεπταί
1081 1857 1126 1915 καί
1147 1857 1266 1924 nolimu
1281 1859 1323 1916 ἕπῖ
1347 1857 1394 1929 τὴν
1410 1856 1492 1926 ἄλλην
1504 1865 1581 1936 χεῖρα

23 1955 97 2012 δίαιταν
110 1949 162 2008 οὔτε
170 1951 260 2020 νόησιν
273 1949 323 2008 lul
334 1953 380 2008 τοῦ
394 1950 503 2021 πλήθεος
513 1955 564 2008 τῶν
580 1951 759 2030 ἓτεροιωσίιον.
807 1945 850 2004 καλ
864 1945 1014 2008 δακτύλους.
1035 1943 1145 2022 Ἕτεραι
1160 1944 1186 2001 δέ
1205 1943 1356 2021 λεπτότεραι
1374 1943 1425 2001 ἀπὸ
1439 1946 1491 2001 τῶν
1507 1943 1582 2022 πρόν-

22 2041 93 2114 ’θροις
103 2038 126 2098 δέ
138 2037 221 2094 πάντα
234 2039 275 2114 τῷ
287 2038 357 2114 αύτῷ
375 2037 419 2094 καί
433 2041 463 2115 ζῇ
477 2037 521 2095 καί
543 2041 591 2115 δρᾷ
604 2037 649 2095 καί
663 2036 763 2110 ἀκούει,
806 2061 857 2094 τιον
876 2036 978 2114 φλεθῶν
985 2035 1120 2106 τείνουσιν,
1130 2035 1182 2093 ἀπὸ
1194 2033 1241 2109 μὲν
1254 2040 1300 2106 τῆς
1316 2033 1398 2100 δεξιᾶς
1410 2037 1445 2100 είς
1457 2031 1488 2090 τδ
1499 2025 1582 2112 ἧπαρ,
1600 2029 1605 2036 “

23 2126 100 2186 unitim
115 2125 190 2191 ιίλλην
200 2123 291 2193 νόησιν
305 2122 361 2200 ἔχει
377 2122 569 2181 imitatuturum
583 2125 677 2182 ποίντα.
808 2124 859 2182 σἰπδ
872 2121 899 2180 δὲ
911 2127 956 2192 τῆς
977 2124 1112 2202 ἀριστερᾶς
1124 2122 1159 2188 είς
1172 2120 1215 2179 τὀν
1226 2125 1329 2191 σπλῆνα
1345 2119 1456 2186 καλτοθς
1466 2120 1581 2200 νεφρούς.

52 2212 205 2288 (Simplicius
225 2210 388 2268 Commeat.
404 2210 434 2266 in
449 2210 537 2268 Arist.
553 2210 641 2286 Phys.
660 2210 710 2268 sol.
727 2211 763 2267 33
808 2215 842 2269 Αί
856 2211 882 2267 δέ
897 2211 932 2276 είς
945 2210 977 2268 τθ
987 2207 1066 2276 σκέλη
1078 2207 1205 2268 τείνουσαι
1215 2209 1346 2286 σχίζονται
1358 2209 1425 2266 κατὰ
1435 2207 1483 2276 τὴν
1496 2207 1581 2285 πρόσ-

24 2319 35 2356 u
51 2323 55 2353 :
71 2291 117 2356 ιίτα
136 2300 189 2372 μετ’
204 2297 293 2371 ὀλίγον
312 2300 399 2374 σαρῶς
418 2297 549 2375 ίπήγαγε·
562 2297 607 2355 καί
625 2321 668 2371 μοι
682 2298 764 2354 δοκέει
807 2319 892 2376 ρυσιν,
907 2295 951 2353 καλ
966 2294 1009 2352 διδ
1022 2293 1117 2360 παντὸς
1131 2299 1175 2351 τοῦ
1188 2299 1271 2373 μηροῦ
1282 2295 1415 2352 τείνουσιν.
1445 2293 1479 2352 ‘ll
1492 2293 1518 2352 δέ
1533 2316 1582 2370 με·

24 2387 65 2443 κτλ
76 2384 150 2441 initio
162 2383 308 2460 Simplicii
319 2381 401 2440 codd.
412 2381 549 2440 exhibent
564 2405 571 2438 ι
586 2383 629 2440 καί
641 2383 690 2441 ὑπὸ
704 2382 764 2440 τού·
807 2383 883 2460 γίστη
899 2383 982 2439 αὗτῶν
1004 2379 1107 2438 όπισθεν
1129 2378 1206 2437 τείνει
1220 2385 1265 2437 τοῦ
1280 2384 1363 2458 μηροῦ
1378 2379 1421 2436 καί
1433 2379 1582 2458 έκραίνεται

23 2495 55 2529 τοι
66 2471 201 2534 πάνταςκαὶ
218 2470 413 2546 κυὸερνᾶσθαι,
429 2468 479 2526 ubi
492 2470 602 2528 restitui
614 2469 711 2528 πιίντα.
730 2469 764 2526 lu
807 2477 917 2546 παχεῖα·
928 2467 1004 2548 ἑτέρα
1018 2467 1046 2525 lt
1060 2466 1121 2524 εἴσω
1132 2473 1178 2524 τοῦ
1193 2473 1276 2548 μηροῦ
1292 2465 1380 2545 μικρὸν
1392 2458 1469 2536 ἧττον
1483 2473 1582 2546 παχεῖα

23 2558 123 2632 sequenti
136 2558 223 2614 inciso
235 2557 367 2614 omnium
383 2555 611 2616 membranarum
623 2559 766 2633 scriptura
809 2554 915 2624 ἐκείνης.
930 2550 1043 2613 Ἔπειτα
1062 2552 1135 2631 παρὰ
1149 2551 1179 2610 τδ
1191 2552 1250 2629 γόνυ
1265 2551 1387 2609 τείνουσιν
1409 2555 1444 2617 εἰς
1458 2551 1505 2622 τὴν
1519 2551 1583 2620 κυνί·
1653 2576 1659 2590 ·

24 2657 53 2698 est
69 2666 74 2698 :
90 2644 135 2701 ιίπδ
151 2645 199 2720 γοίρ
220 2665 268 2718 μοι
287 2642 376 2701 τούτου
389 2642 471 2700 δοκέει
488 2644 542 2709 ίθος
555 2633 630 2702 εἶναι.
644 2644 699 2701 Sed
712 2664 764 2720 [mo
808 2667 859 2718 μην
873 2667 900 2700 τε
915 2643 959 2699 καί
970 2640 1013 2698 τδν
1023 2641 1110 2715 πόδα,
1125 2638 1242 2717 καθάπερ
1260 2638 1304 2695 καί
1320 2640 1355 2702 είς
1365 2637 1411 2702 τλς
1419 2644 1522 2716 χεῖρας·
1537 2634 1582 2695 καί

24 2725 62 2789 ἔθος
73 2729 198 2785 sententia
218 2731 331 2803 flagitat
351 2729 405 2794 νόος
419 2729 496 2805 quod
520 2730 609 2786 edidi.
627 2729 765 2786 Caelel·ae
808 2730 850 2786 ίπί
866 2725 1010 2804 τδνταρσδν
1021 2730 1065 2783 τοῦ
1078 2723 1155 2790 ποδδς
1175 2722 1330 2794 καθήκουσι,
1351 2722 1396 2780 καί
1412 2723 1525 2780 ἐντεῦθεν
1540 2723 1583 2780 tul

25 2813 142 2873 codicibus
152 2829 280 2874 correcta
290 2828 364 2874 sunt.
375 2815 469 2872 Verba
480 2816 550 2874 ούδίν
564 2817 586 2874 δ’
595 2808 646 2875 οἷόν
658 2839 686 2874 τε
695 2815 764 2889 γενέ·
807 2815 866 2880 τοὺς
880 2813 1020 2879 δακτύλους
1036 2809 1214 2869 διατείνουσιν.
1228 2809 1367 2888 Σχίζονται
1380 2809 1406 2866 δέ
1420 2808 1465 2866 καί
1479 2807 1521 2866 uel
1535 2806 1583 2878 τὴν

25 2903 121 2956 οθοιτνῖιν
134 2902 330 2980 ίτεροιουμένων
348 2899 435 2977 ἕτερον
458 2899 559 2978 ἑτέρου,
574 2901 633 2978 πρίν
654 2902 683 2958 τδ
704 2900 767 2958 αύτθ
808 2901 907 2961 κοιλίαν
925 2900 969 2958 καί
982 2899 1012 2958 τδ
1033 2897 1142 2975 πλευρὸν
1155 2896 1251 2954 πολλαί
1263 2899 1308 2953 ἀπ’
1323 2897 1408 2954 αὐτῶν
1423 2894 1468 2953 καὶ
1488 2895 1582 2952 λεπταὶ

24 2983 146 3056 γίνηταιαιί
160 2989 233 3045 aeris
250 3000 380 3044 naturam
395 3000 424 3044 et
440 2989 596 3064 polentiam
611 2990 764 3065 pertinent.
809 2989 912 3068 ρλέόες.
936 2990 970 3047 Al
991 2985 1017 3044 δέ
1042 2987 1077 3051 εἰς
1105 2983 1153 3054 τὴν
1176 2983 1290 3062 κεραλὴν
1312 2983 1440 3042 τείνουσαι
1464 2979 1507 3041 διδ
1530 2985 1582 3041 τῶν

25 3067 75 3126 λαστ
92 3075 176 3130 omnia
190 3075 274 3149 prius
293 3072 407 3142 eudem,
421 3073 451 3130 id
471 3087 524 3144 est,
541 3075 618 3131 aeria
641 3074 765 3144 fuerunt,
810 3079 914 3154 σφαγῶν
925 3073 1059 3154 ραίνονται
1072 3073 1098 3128 lv
1111 3073 1149 3149 τῷ
1163 3070 1253 3150 αὐχένι
1268 3071 1389 3150 μεγάλαι·
1398 3072 1443 3150 ἀρ’
1456 3069 1583 3148 ἑκατέρας

26 3173 88 3228 quum
102 3161 249 3216 mutatione
266 3159 418 3217 factasunt
432 3159 569 3237 diversa.)
810 3164 832 3220 δ’
844 3164 938 3232 αὐτῶν,
952 3153 970 3236 ᾔ
989 3161 1108 3237 τελευτᾷ,
1131 3158 1264 3236 σχίζονται
1278 3159 1313 3220 είς
1325 3156 1372 3228 τὴν
1386 3157 1501 3235 κεφαλὴν
1517 3159 1583 3215 πολ·

53 3260 70 3299 7.
83 3247 127 3302 Καὶ
137 3243 196 3302 αύτδ
208 3243 392 3320 μίντοῦτοκαί
401 3241 481 3302 ἀίδιον
494 3244 671 3306 καλάθοίνατον
680 3246 767 3319 σῶμα,
809 3248 864 3318 λαί,
881 3250 908 3304 αί
929 3245 975 3321 μὲν
991 3247 1084 3303 ἐκτῶν
1099 3243 1187 3310 δεξιῶν
1202 3243 1281 3309 είςτθι
1302 3244 1436 3324 ἀριστερά,
1462 3245 1488 3300 αἱ
1512 3243 1535 3299 δ’
1553 3245 1583 3300 ἐκ

25 3328 60 3380 τῶν
72 3327 93 3383 δέ
105 3330 134 3386 vl
146 3330 189 3403 μὲν
202 3329 320 3408 γίνεται,
335 3329 368 3388 τδ
379 3329 405 3388 δέ
421 3329 568 3388 ἀπολείπει.
809 3334 860 3388 τῶν
879 3332 1022 3408 ἀριστερῶν
1037 3331 1072 3393 εἷς
1085 3329 1118 3387 tl
1132 3328 1212 3396 δεξιοί.
1234 3332 1259 3389 T
1261 3330 1385 3387 ελευτῶσι
1411 3329 1437 3386 δέ
1464 3327 1538 3406 παρὰ
1552 3327 1583 3384 τδ

54 3413 208 3491 (Simplicius
226 3417 389 3474 Communi.
407 3416 437 3473 in
458 3415 547 3474 Arist.
564 3415 651 3492 Phys.
667 3415 717 3474 sol.
731 3416 766 3470 33
810 3408 853 3483 οῦς
875 3417 1004 3494 ἑκάτεραι.
1026 3411 1104 3474 Ἔστι
1124 3415 1146 3472 δ’
1162 3413 1236 3493 ἑτέρα
1255 3415 1322 3494 φλέψ
1346 3417 1372 3472 ἐν
1396 3417 1434 3490 τῷ
1456 3412 1583 3492 τραχήλῳ

26 3515 38 3551 ο
49 3520 54 3553 :
66 3502 207 3576 θαυμαστὸν
224 3504 254 3562 δὲ
268 3503 308 3560 ὅτι
321 3502 390 3560 κατὰ
404 3501 548 3582 ἑτεροίωσιν
563 3503 610 3574 τὴν
631 3501 676 3560 ἀπ’
690 3503 767 3559 αὐτοῦ
811 3503 882 3581 παρδ
894 3502 942 3573 τὴν
951 3501 1067 3579 μεγοίλην
1077 3499 1245 3578 ἑκατέρωθεν,
1256 3501 1369 3558 ἐλοίττων
1381 3500 1478 3570 ἐκείνης
1487 3499 1583 3575 ὀλίγον,

27 3579 48 3658 [i.
57 3605 76 3641 e.
87 3594 125 3646 τοῦ
138 3589 218 3670 ἀέρος]
232 3587 317 3666 λέγων
332 3587 365 3647 τὰ
380 3589 448 3646 οίλλα
463 3589 594 3665 γίγνεσθαι
605 3583 685 3647 ἀίδιον
697 3585 766 3662 ὅμως
812 3591 847 3655 είς
858 3589 889 3660 ἣν
905 3593 932 3647 ul
952 3592 1072 3648 πλεῖσται
1086 3591 1116 3646 ίκ
1128 3591 1174 3657 τῆς
1197 3588 1310 3666 κεφαλῆς
1327 3584 1475 3665 συνέχουσιν
1490 3587 1580 3654 αὐτῆς.

26 3808 42 3852 ιι
54 3805 174 3868 numlibet
188 3821 214 3858 το
231 3810 320 3857 inette.
342 3808 425 3868 Neque
437 3806 568 3872 quidquum
588 3809 625 3857 σεί
639 3806 704 3870 quod
718 3821 766 3856 non
785 3810 789 3850 t
809 3809 834 3856 el
856 3806 1008 3868 intelligentia
1027 3806 1122 3868 propter
1141 3803 1300 3854 mutationum
1321 3802 1507 3852 multitudinem.
1536 3803 1583 3851 Sed

26 3887 209 3954 ειιίεοοοεονεείίς
219 3898 246 3942 αι
258 3905 289 3942 σο
298 3891 450 3954 unaquidem
465 3893 623 3954 rumpentur
632 3905 687 3955 quae
697 3905 766 3954 ισουο
810 3897 889 3942 lamen
898 3893 978 3941 omnia
989 3891 1095 3954 eiusdem
1102 3891 1211 3940 elementi
1220 3890 1490 3940 beneticloetvlvuutet
1500 3889 1582 3939 vident

26 3977 125 4034 ιηοειθο
138 3978 363 4028 ίίλίυευοοιοτίίοοσ
382 3979 483 4039 luuntur,
497 3979 538 4026 sed
551 3977 619 4027 mulli
631 3979 688 4027 suut
700 3978 765 4027 modi
810 3982 834 4028 et
854 3979 964 4039 audiunt,
983 3983 1008 4028 et
1030 3978 1145 4042 reliquum
1166 3977 1345 4038 intelligentium
1360 3975 1437 4026 eidem
1460 3978 1583 4039 acceptam

27 4063 766 4126 ellpumamiuutintelligenlioeAEstuuimamanunculldior,
811 4067 925 4115 referunt.

27 4145 113 4210 ligium,
125 4152 212 4212 ιίοοίοτ,
228 4151 360 4213 humidior,
377 4151 487 4214 quietior,
507 4151 621 4201 celeriore
632 4155 699 4200 motu
715 4150 765 4212 agi·
842 4155 864 4201 7.
877 4155 953 4212 mque
965 4151 1096 4214 inclusum
1108 4152 1144 4201 σοι
1161 4161 1247 4211 corpus
1260 4152 1376 4198 nmmum
1391 4149 1416 4197 et
1431 4145 1581 4198 immortale:

27 4233 80 4290 lum,
91 4238 156 4297 alque
167 4249 221 4286 cum
237 4239 321 4286 multae
333 4237 386 4287 altu
408 4235 619 4297 dissimilitudinem,
631 4241 682 4286 lum
698 4236 767 4285 innu-
810 4239 896 4288 cutem
908 4238 991 4298 partlm
1006 4238 1075 4300 liunt,
1088 4237 1173 4298 purtim
1189 4235 1311 4285 dellcluut.

28 4319 638 4374 mmloeelmecuonismoelmumneutoeinsunt.
653 4321 766 4371 omnium
842 4328 865 4373 θ.
879 4327 953 4373 veum
967 4323 991 4372 iu
1007 4305 1144 4372 hominene
1155 4335 1180 4371 σο
1191 4321 1289 4370 liabent.
1304 4323 1363 4370 Dum
1375 4332 1457 4382 enque
1471 4319 1583 4369 maximin

28 4405 79 4454 ulmi
89 4409 215 4459 minutium
226 4411 306 4460 aulum
321 4410 384 4460 idum
398 4409 767 4472 οείσετ,οε1ίσίοτουίθοοιεοὶ-
811 4410 912 4460 tendunt
924 4421 966 4470 ner
980 4415 1085 4458 ventrem
1102 4409 1172 4468 juxta
1186 4407 1460 4469 dominumtuum
1475 4407 1584 4457 dextror-

27 4489 326 4557 nluununrcumruso‚seu
335 4498 415 4547 umen
428 4497 506 4545 multu
517 4496 620 4558 trigidiur
629 4509 682 4546 αετο
693 4496 767 4546 solem
811 4499 960 4560 tumultum
975 4497 1103 4547 iniurium
1120 4496 1150 4546 ud
1167 4497 1325 4559 propinquum
1340 4497 1384 4546 ulbl
1402 4499 1504 4559 utruque
1513 4508 1583 4557 εσσε,

27 4575 117 4638 inmte.
129 4583 232 4633 Ηίσιετο
241 4582 306 4632 εοίοτ
317 4595 364 4632 nun
377 4581 438 4632 idem
449 4583 473 4631 ln
483 4583 674 4644 ulilsutqueullls
687 4582 768 4632 bestiis
812 4590 836 4637 et
849 4599 944 4637 sumum
954 4585 983 4634 ml
996 4587 1068 4646 munt
1082 4597 1124 4646 per
1135 4585 1245 4646 jugulum
1261 4585 1331 4646 juxta
1350 4584 1487 4634 claviculas.
1501 4583 1538 4634 Ab
1547 4585 1585 4634 tm

27 4663 131 4725 tiinum
147 4669 308 4719 uoluminum
326 4668 423 4732 quidem
445 4669 507 4719 iuter
526 4681 553 4718 σε
575 4672 768 4730 comparatorum
812 4673 889 4721 tutum
903 4682 1041 4732 ρεττοτρυε
1054 4668 1165 4718 ausuum
1180 4669 1353 4731 qunquelmm
1369 4680 1437 4718 ventu
1450 4668 1582 4728 ducuntur,

27 4746 75 4798 llum
83 4752 109 4801 uit
120 4753 188 4813 σιΙοτ,
200 4757 241 4806 sud
256 4756 416 4816 θίνατεοεσεί,
428 4767 477 4804 uun
490 4755 585 4816 quidem
597 4755 710 4816 maxime,
724 4755 767 4805 ted
812 4758 835 4808 iu
848 4763 893 4819 εει,
903 4770 917 4806 a
929 4757 1026 4808 dexteru
1035 4755 1109 4805 lutere
1117 4755 1297 4815 dextrorsum
1309 4757 1370 4804 laevo
1380 4755 1518 4815 Ιιονοτευιο,
1527 4753 1584 4802 clun

28 4831 326 4902 multimammiam,
335 4841 468 4890 ουοιιιασιι
478 4839 643 4902 αθοοείοιθεε,
653 4843 768 4910 υίτσιρεο
813 4845 924 4894 muxlmae
935 4843 965 4893 ιθ
980 4856 1021 4893 ωε
1035 4843 1098 4892 ulma
1117 4843 1191 4904 lusum
1209 4842 1275 4891 dumi
1285 4841 1391 4905 spinum,
1405 4841 1485 4890 alteru
1502 4837 1584 4902 paullo

29 4925 235 4980 mutumnmuil
247 4932 414 4978 nutemrmum
428 4929 574 4976 mutaturum
583 4928 615 4976 ub
623 4927 675 4976 allis
689 4928 769 4978 ‹litter-
812 4932 882 4980 ullius
902 4943 943 4992 per
963 4932 1045 4992 pectus
1065 4929 1112 4978 nub
1126 4929 1232 4996 axillam,
1253 4931 1354 4990 utruque
1366 4927 1398 4976 ud
1419 4939 1515 4975 mmmm
1537 4924 1583 4974 sibl

29 5017 48 5053 ’θ
60 5013 133 5074 illut,
143 5017 265 5078 mlequum
276 5014 340 5064 luem
352 5013 448 5064 luerint.
462 5018 543 5072 Quum
558 5013 630 5074 igitur
644 5014 769 5077 multiplex
813 5017 959 5081 proximum,
974 5030 1074 5082 quarum
1087 5015 1279 5076 οίίοτυίίοοιείε,
1292 5015 1365 5064 τίνοι-ιι
1375 5013 1488 5074 ίσοοτιιτίσ
1501 5012 1583 5073 τορεί-

29 5090 54 5140 εἰί
63 5097 114 5147 miii
123 5105 224 5163 mulatio,
238 5105 376 5168 multiplci·
389 5106 460 5156 etium
473 5107 498 5155 et
506 5104 570 5153 νοτία
580 5104 691 5154 animalia
703 5107 768 5168 νυοί,
813 5105 885 5154 latur.
907 5108 996 5154 Eurum
1013 5105 1115 5152 lummm
1132 5104 1211 5165 purten
1224 5099 1418 5159 imminuuntur,
1438 5100 1466 5148 ut
1488 5098 1543 5146 lituu
1553 5098 1585 5146 ud

30 5187 414 5255 ltnequefomlnoemffim1150‚
430 5191 595 5254 uuquemiclu,
611 5204 688 5255 neque
698 5204 769 5243 sensu
814 5192 937 5254 pollicem,
947 5190 1011 5240 illlnc
1025 5189 1054 5239 ud
1073 5190 1176 5253 palmum
1198 5188 1325 5251 prodeunt,
1343 5188 1417 5248 mque
1431 5184 1487 5236 inde
1503 5189 1587 5234 tenues
