3776 5926
930 378 980 436 DE
1009 376 1171 436 Olll’llEO.

252 509 314 585 ὅπερ
337 505 471 584 ἐξαιρέτοις
494 505 613 583 Ὅμηρος
636 504 791 576 ἐπετήδευσε
817 503 862 562 καί
894 504 1026 572 κατέδειξε
1077 509 1150 580 Ergo
1164 507 1225 577 jam
1243 506 1395 578 antiquitus
1412 505 1485 558 inter
1510 505 1695 576 peritissimos
1719 505 1801 558 viros
1827 503 1863 559 de

250 599 362 672 πρῶτος.
378 593 458 651 ”Oroi
478 593 504 650 δὲ
521 591 701 672 πραγματείας
722 591 811 668 ἑτέρας
822 591 950 669 ἔγραψαν,
967 595 1027 649 ἐπο-
1074 605 1324 649 monumentorum
1341 589 1533 664 Orphicoru'm
1556 593 1729 646 auctoritate
1749 611 1862 646 summa

251 681 319 739 ποιοί
334 683 362 738 οὐ
373 680 554 750 καλοῦνται·ή
569 681 620 758 γὰρ
631 683 690 758 περὶ
706 677 905 758 ἀστρονομίαςή
919 679 1027 757 ρυσικοίς
1073 669 1208 736 dissensio
1224 681 1286 736 suit.
1302 682 1439 735 Caeterum
1456 679 1661 752 posterioribus
1675 679 1788 732 saeculis
1803 681 1861 734 Or·

256 392 307 440 tut

252 789 323 832 τινας
337 767 354 838 ἢ
369 768 459 846 ἑτέρας
471 766 588 844 ἔγραψαν
605 766 718 844 [sitione.

290 856 648 929 Nonsaepedecarminibus
662 853 793 926 Orphicis
807 853 932 924 loquitur
946 851 1027 906 Plato

252 945 300 1014 qui
316 946 404 1016 Legg.
422 945 488 998 Vlll
506 962 536 1017 p.
556 943 612 1014 829
639 943 660 997 ll
678 943 716 995 ait
741 958 748 996 :
771 938 838 1012 μήδε’
852 961 910 994 τινα
927 941 1026 1018 τολμᾷν

252 1027 322 1107 ᾄδειν
337 1029 461 1100 ἀδόκιμον
475 1031 582 1085 Μοῦσαν
599 1025 635 1101 μή
657 1025 799 1104 κρινάντων
816 1027 866 1082 τῶν
881 1027 1027 1102 νομορυλαί-

251 1137 316 1187 κων,
334 1113 395 1190 μηδ’
410 1113 440 1172 ἂν
456 1113 534 1183 ἡδίων
550 1104 567 1190 ᾖ
588 1116 638 1169 τῶν
652 1115 780 1188 Θαμύρου
796 1111 881 1168 τεκαὶ
899 1111 1027 1191 Ὀρρείων

253 1202 352 1276 ὕμνων.
369 1205 447 1258 Idem
464 1205 527 1260 lon.
542 1223 571 1276 p.
587 1201 676 1259 533ss
695 1222 701 1257 :
718 1197 797 1258 'alit
812 1198 873 1273 μήν,
888 1197 922 1263 ὥς
936 1204 960 1274 γ’
976 1199 1027 1274 ἐγὼ

252 1280 341 1362 οἶμαι,
355 1288 408 1344 οὐδ’
422 1291 449 1346 ἐν
460 1287 570 1356 αὐλήσει
578 1311 607 1362 γε
619 1287 677 1344 οὐδὲ
692 1290 716 1342 ἐν
731 1285 857 1362 κιθαρίσει
867 1287 924 1342 οὐδὲ
944 1287 970 1342 ἐν
984 1310 1027 1343 κι-

252 1375 366 1453 θαρῳδία
386 1374 442 1431 οὐδὲ
466 1377 492 1432 ἐν
516 1375 635 1454 ῥαψῳδίᾳ
658 1373 819 1432 οὐδεπώποτ’
843 1363 907 1438 ridie
927 1372 1024 1452 ἄνδρα,

252 1461 321 1526 ὅστις
336 1461 395 1538 περὶ
404 1462 449 1535 μὲν
462 1461 598 1538 Ὀλύμπου
611 1460 689 1527 δεινός
703 1463 771 1518 ίστιν
782 1459 953 1536 ἑξηγεῐσθαιή
966 1461 1026 1540 περί

221 1614 224 1620 ,
252 1547 378 1626 Θαμύρου
395 1548 614 1626 ἢπερὶ·’ορρέοις
630 1549 647 1618 ἢ
663 1549 722 1628 περί
738 1548 847 1620 Φημίου
862 1551 906 1604 τοῦ
921 1547 1025 1617 Ἰθακη-

252 1634 308 1691 σίου
324 1637 459 1714 ψαψῳδού,
471 1635 530 1714 περί
543 1636 569 1693 δὲ
580 1631 671 1701 Ἴωνος
682 1641 726 1692 τοῦ
740 1633 860 1713 Ἐρεσίου
876 1635 968 1710 ἀπορεῖ
981 1635 1025 1692 καί

250 1723 297 1779 οὐκ
311 1722 365 1799 ἔχει
377 1721 556 1799 συμύαλέσθαι
568 1721 585 1778 ii
597 1746 624 1779 τε
636 1713 664 1779 εὖ
676 1723 789 1801 ῥαψιρδεῖ
800 1721 844 1778 καί
854 1719 871 1776 ἃ
883 1718 929 1795 μή.
947 1723 1026 1777 lrlem

250 1809 371 1868 Couviv.
393 1830 423 1883 p.
449 1803 506 1866 ard
524 1813 545 1866 B
562 1829 568 1868 :
585 1813 620 1868 Οἱ
638 1809 664 1866 δὲ
679 1809 791 1878 οἰκέται,
804 1805 848 1866 καί
861 1805 884 1864 εί
897 1831 934 1874 τις
950 1807 1025 1874 ἄλλος

249 1894 305 1952 ἐστὶ
318 1894 426 1972 pedeti<
446 1919 473 1951 τε
497 1895 540 1953 καί
564 1896 696 1972 ἄγροικος,
716 1894 800 1959 πύλας
822 1895 891 1951 παίνυ
911 1896 1026 1969 μεγάλας

250 1986 303 2046 τοῖς
329 1983 393 2040 ὠσίν
423 1983 556 2054 ἐπίθεσθε,
581 1987 695 2058 respicit
725 2003 836 2039 versum
871 1985 1024 2056 Orphicum

251 2068 391 2145 φθέγξομαι
408 2060 444 2134 οἶς
467 2069 539 2143 θέμις
554 2069 617 2129 ἐστί·
632 2071 709 2147 θύρας
724 2072 745 2126 δ’
766 2071 882 2128 ἐπίθεσθε
905 2068 1022 2146 βέύηλοι.

248 2158 288 2213 Cf.
306 2159 407 2234 fragm.
424 2161 478 2215 let
495 2161 520 2217 ll
540 2180 580 2216 rs.
602 2179 627 2217 r.
649 2162 777 2233 Denique
790 2161 825 2216 de
844 2163 917 2232 hep.
934 2160 973 2212 lih
1000 2163 1022 2216 ll

247 2265 277 2318 p.
300 2247 354 2314 364
376 2249 397 2302 Ε
414 2265 421 2302 2
438 2243 540 2302 Βίύλων
560 2243 585 2302 δὲ
601 2243 698 2320 ὅμαδον
713 2245 872 2322 παρέχονται
888 2243 1022 2300 Μουσαίου

249 2331 294 2388 καί
315 2329 449 2409 Ὀρφέως,
471 2332 587 2402 Σελήνης
610 2355 638 2388 τε
659 2331 704 2388 καί
714 2334 834 2389 ’Μουσῶν
854 2332 975 2407 ἐγγόνων,
990 2330 1024 2394 ὣς

249 2438 328 2494 φασι·
343 2416 400 2474 καθ’
418 2416 447 2481 ἃς
460 2419 630 2487 θυηπολοῦσι,
642 2417 770 2482 πείθοντες
785 2419 812 2473 οὐ
829 2415 905 2491 μόνον
920 2416 1024 2481 ἰδιώτας

177 2541 181 2548 -
247 2503 316 2560 ἀλλὰ
328 2504 372 2561 καί
388 2503 486 2582 cahere,
499 2508 533 2566 ti<
546 2505 596 2584 ἄρα
614 2504 699 2568 λύσεις
713 2527 740 2561 τε
758 2505 802 2560 καί
821 2504 951 2582 καθαρμοὶ
967 2508 1024 2562 eidi-

243 2591 372 2666 κημαίτων
391 2591 433 2648 ht
448 2593 541 2649 θυσιῶν
555 2591 599 2648 καί
619 2593 724 2656 παιδιᾶς
743 2591 841 2662 ἡδονῶν
859 2593 908 2649 εἰσὶ
924 2590 969 2666 μὲν
984 2591 1023 2650 ἔτι

158 2747 163 2757 ⁵
243 2682 333 2754 ζῶσιν,
347 2677 396 2736 εἶσὶ
407 2677 433 2736 δὲ
448 2678 492 2736 καί
506 2679 705 2750 τελευτήσασιν·
722 2678 751 2745 ἃς
767 2679 798 2749 δὴ
813 2680 916 2744 τελετὰς
928 2683 1021 2738 καλοῦ-

246 2787 298 2839 σιν,
317 2763 345 2822 αἳ
358 2768 409 2822 τῶν
430 2765 484 2822 ἐκεῖ
503 2771 591 2824 κακῶν
606 2767 762 2824 ἀπολύουσιν
778 2771 861 2839 ἡμᾶς·
875 2766 912 2840 μὴ
925 2767 1020 2824 θύσαν-

243 2875 291 2918 τας
310 2849 336 2908 δὲ
355 2851 425 2910 deuii
448 2855 592 2930 περιμένει.
620 2857 659 2909 Ex
683 2856 726 2909 his
751 2856 820 2909 loeis
840 2857 1022 2928 intelligimus

244 2945 379 2999 scelerum
403 2945 577 3016 expiationes
605 2944 641 2999 ad
666 2944 820 3017 Orphicum
844 2944 1040 3017 disciplinam·

243 3032 410 3102 pertinuisse
425 3031 574 3104 multaquae
591 3043 725 3105 praeterea
742 3033 866 3086 earmina
886 3033 979 3086 hlusaei
995 3046 1022 3088 et

241 3116 349 3190 Orphei
362 3119 524 3172 nominibus
538 3121 671 3191 inscripta
687 3117 810 3172 Platonis
822 3129 950 3190 tempore
962 3119 1019 3189 jam

242 3203 354 3276 vulgata
369 3202 462 3270 luisse,
478 3203 527 3256 sed
542 3204 611 3276 quid
627 3206 683 3276 ipse
696 3203 730 3257 de
745 3221 841 3257 eorum
858 3203 1022 3260 auctoribus

240 3289 358 3342 senserit
368 3307 426 3343 non
436 3301 561 3363 apparet.
578 3295 614 3345 At
627 3291 671 3344 bis
684 3291 829 3364 Orpheum
841 3293 910 3345 citat
919 3302 950 3345 ut
963 3291 1020 3346 Ηο-

240 3393 351 3430 merum
364 3377 488 3450 aliosque
498 3388 596 3450 poetas
612 3379 698 3432 citare
712 3381 781 3432 solet
794 3398 801 3432 :
816 3380 922 3434 Phileb.
937 3398 968 3452 p.
983 3380 1019 3434 66

240 3461 289 3520 C:
310 3459 372 3536 ίκτῃ
390 3463 412 3518 δ’
429 3464 455 3520 ἐν
478 3471 566 3541 γενεᾷ,
588 3462 665 3540 φησίν
690 3462 811 3543 Ὀρφεύς,
832 3464 1020 3522 καταπαύσατε

240 3547 338 3623 κόσμον
353 3549 441 3617 ἀοιδῆς
465 3561 493 3605 et
503 3551 606 3624 Cratyl.
619 3571 649 3625 p.
675 3557 750 3616 hoa:
774 3547 852 3626 Λέγει
867 3549 895 3605 δέ
909 3571 959 3606 που
975 3551 1019 3606 καὶ

241 3633 350 3714 Ὀρρείις
374 3633 426 3692 ὅτι·
444 3635 571 3702 Ὠκεανὸς
591 3641 691 3714 πρῶτος
711 3635 863 3714 καλλίῤῥοος
882 3627 942 3712 ήρξε
968 3634 1019 3711 γαί-

241 3745 312 3797 μνιο,
327 3723 378 3788 ’ος
400 3727 432 3802 ψει
448 3723 607 3798 κασιγνήτην
633 3725 786 3801 ὁμομήτορα
809 3720 895 3792 Τηθύν
922 3721 1019 3778 ὄπυιεν.

269 3931 319 3992 (to)
330 3933 447 3979 Gesoerus
458 3932 561 3990 t‘rolegg.
576 3945 598 3991 p.
612 3933 710 3979 xtvru
721 3929 759 3977 ed.
772 3933 901 3978 ttermeuu.
913 3940 919 3974 ε
931 3947 942 3968 ιι
954 3930 1017 3976 lote-

1072 766 1221 838 pbicorum
1235 778 1396 840 poematum
1412 783 1575 833 numerum,
1588 784 1713 836 qnorum
1727 765 1864 836 frequens

1073 852 1105 906 fit
1116 857 1222 910 mentio
1234 855 1310 927 apud
1324 856 1474 926 scriptores
1494 854 1714 921 ecclesiasticos,
1731 855 1864 926 Neopla-

1075 942 1196 1008 lonicus,
1210 942 1367 994 scholiastes
1378 958 1465 1010 usque
1477 939 1513 993 ad
1531 941 1658 993 'l'zetzem
1678 951 1767 1010 atque
1782 940 1866 1010 apud

1074 1028 1148 1100 ipsos
1165 1047 1260 1082 rerum
1283 1029 1499 1098 Byzantinarum
1521 1027 1767 1099 pronuntiatores,
1794 1028 1865 1080 insi-

1073 1117 1166 1186 gniter
1181 1127 1293 1169 auctum
1309 1133 1366 1168 esse
1378 1116 1478 1185 liquet.
1495 1116 1528 1167 Iu
1538 1115 1591 1168 hac
1607 1125 1683 1168 tanta
1695 1115 1866 1167 carminum

1074 1205 1155 1274 copia
1171 1204 1342 1256 etvarietate
1357 1201 1427 1273 quid
1441 1211 1608 1255 vetustatem
1623 1201 1771 1267 redoleat,
1791 1201 1865 1272 quid

1073 1290 1125 1359 piae
1148 1291 1306 1361 primorum
1331 1289 1553 1343 Christianorum
1583 1287 1677 1340 fraudi
1704 1287 1865 1357 debeatur,

1073 1376 1142 1446 quid
1155 1375 1251 1430 infima
1264 1388 1344 1430 aetate
1356 1374 1508 1458 confictum
1520 1377 1565 1446 sit,
1578 1373 1693 1429 difficile
1704 1375 1790 1429 dictu
1803 1385 1864 1443 est,

1072 1463 1210 1534 siquidem
1224 1465 1355 1536 plerique
1369 1481 1481 1533 versus,
1496 1463 1622 1533 exceptis
1643 1463 1677 1515 iis
1689 1465 1742 1533 qui
1765 1463 1866 1516 libra-

1072 1553 1180 1606 riorum
1197 1553 1281 1626 culpa
1306 1552 1422 1606 mendas
1447 1563 1603 1619 traxerunt,
1623 1553 1683 1605 sine
1695 1551 1867 1606 offensione

1072 1640 1204 1714 leguntur
1224 1658 1357 1713 puroque
1383 1649 1411 1692 et
1438 1640 1559 1711 simplici
1580 1655 1711 1692 sermone
1735 1639 1866 1710 insigues

1072 1739 1145 1780 sunt.
1162 1729 1356 1798 Reperiuutur
1373 1737 1466 1780 tamen
1481 1726 1528 1778 hic
1543 1726 1599 1778 illic
1622 1725 1733 1778 fraudis
1752 1725 1866 1780 indicia

1072 1815 1245 1885 maculaeque
1261 1815 1363 1885 quibus
1375 1813 1596 1866 sermonisnitor
1605 1812 1867 1884 infuscaturatque

1072 1900 1143 1954 adeo
1153 1900 1271 1954 labentis
1286 1900 1435 1972 graecitatis
1451 1899 1576 1970 vestigia.
1592 1899 1665 1951 Hinc
1685 1905 1793 1951 nostra
1809 1917 1865 1970 pa-

1072 1997 1203 2058 trumque
1223 1987 1361 2040 memoria
1384 1985 1553 2040 indiversus
1573 1996 1668 2057 partes
1689 1987 1749 2038 viri
1778 1987 1864 2041 docti

1071 2073 1271 2140 discesserunt,
1293 2074 1338 2127 alii
1360 2074 1565 2144 Argonautica,
1588 2073 1713 2139 hitlrica,
1736 2073 1866 2144 hymnos

1071 2171 1227 2232 caeteraque
1243 2161 1395 2233 fragmenta
1410 2177 1472 2229 quae
1483 2157 1568 2212 hodie
1584 2159 1690 2230 Orphei
1706 2178 1823 2214 nomen
1838 2164 1867 2214 in

1071 2250 1161 2305 leonte
1175 2259 1277 2322 gerurut
1298 2259 1361 2304 ante
1379 2246 1531 2300 llomerum
1553 2247 1711 2317 composita
1734 2259 1829 2318 atque
1850 2269 1866 2303 e

1068 2340 1165 2409 priscis
1181 2339 1344 2392 Graecorum
1362 2336 1490 2389 sacrariis
1502 2327 1614 2406 prolata
1629 2351 1687 2387 esse
1703 2336 1763 2387 rati
1789 2335 1864 2409 (ro),

1069 2426 1114 2478 alii
1129 2437 1231 2496 praeter
1244 2423 1397 2478 versiculos
1409 2439 1425 2474 a
1445 2422 1565 2476 Platone
1584 2430 1612 2474 et
1626 2421 1789 2475 Aristotele
1803 2441 1865 2476 ser-

1069 2521 1147 2564 vatos
1155 2512 1303 2584 plerasque
1313 2511 1483 2581 scriptorum
1499 2507 1688 2578 Orphicorum
1702 2508 1863 2579 reliquias,

1069 2599 1205 2669 imprimis
1221 2596 1328 2666 majora
1352 2595 1477 2648 earmina
1496 2603 1562 2666 post
1584 2592 1731 2649 Christum
1758 2604 1864 2648 natum

1069 2685 1183 2738 condita
1200 2703 1258 2738 esse
1269 2681 1415 2752 arbitrati(
1423 2700 1432 2734 ι
1443 2687 1477 2750 ¹l·
1491 2683 1617 2737 Fuerunt
1635 2683 1724 2734 etiarn
1741 2684 1799 2754 qui
1822 2685 1865 2736 rei

1069 2769 1234 2825 difficultate
1272 2769 1323 2824 diu
1356 2771 1493 2841 pensitato
1527 2768 1580 2822 sibi
1614 2768 1728 2838 liquere
1767 2787 1863 2842 nega-

1067 2857 1212 2934 reutlra).

1106 2949 1168 3000 Jam
1183 2945 1382 3018 demajoribus
1404 2943 1458 2996 illis
1475 2942 1646 2996 carminibus
1662 2940 1812 2996 disserere
1827 2943 1864 2997 ab

1067 3032 1122 3086 hoc
1141 3034 1204 3086 loco
1220 3033 1342 3087 alienum
1364 3031 1487 3100 ridetur,
1502 3030 1537 3086 de
1565 3030 1734 3104 fragmentis
1761 3044 1863 3087 autern

1068 3139 1129 3190 quse
1144 3122 1245 3193 partim
1258 3119 1294 3174 ad
1308 3137 1403 3174 rerum
1420 3129 1527 3186 ortum,
1549 3119 1585 3172 ad
1599 3136 1753 3173 sacrorum
1769 3123 1861 3186 ritus,

1067 3207 1103 3260 ad
1118 3207 1237 3261 deorum
1251 3207 1433 3286 majestatem,
1453 3205 1488 3260 ad
1505 3206 1709 3279 agriculturam
1727 3209 1863 3280 aliasque

1067 3313 1110 3348 res
1123 3305 1252 3368 spectant
1268 3296 1382 3348 uberius
1397 3295 1539 3366 disputare
1558 3291 1629 3348 nihil
1652 3295 1772 3365 attinet,
1792 3298 1863 3367 quie

1065 3385 1095 3438 id
1108 3385 1186 3457 qnod
1204 3385 1234 3436 in
1248 3383 1295 3437 tali
1311 3382 1464 3452 quaestione
1479 3381 1598 3434 inarime
1618 3381 1730 3450 petitur
1754 3400 1864 3436 conse-

1066 3473 1184 3542 quinon
1195 3471 1270 3535 licet,
1282 3469 1332 3521 nisi
1342 3468 1469 3521 omnium
1479 3477 1642 3538 poematum
1651 3467 1860 3538 Orphicormn

1065 3560 1139 3612 ratio
1154 3558 1301 3612 habeatur.
1317 3553 1372 3609 Sed
1382 3553 1467 3623 hujus
1482 3555 1639 3626 argumenti
1650 3552 1862 3610 difficultatem

1066 3663 1149 3698 nemo
1163 3663 1219 3697 non
1240 3645 1384 3714 intelliget,
1399 3651 1548 3714 postquam
1570 3639 1641 3712 quid
1664 3642 1774 3714 singuli
1797 3646 1861 3698 sra-

1067 3735 1243 3796 gmentorum
1260 3721 1382 3776 editores
1397 3721 1577 3793 praestiterint
1590 3737 1769 3792 exposuere.

1063 3931 1203 3991 t-tujosrnodt
1213 3943 1307 3977 carmen
1316 3928 1345 3974 ab
1353 3925 1576 3988 Orpheoeonrlitum
1589 3937 1642 3973 esse
1654 3926 1782 3984 ignorarit
1790 3931 1862 3976 certe

240 4015 279 4050 rea
290 4001 359 4049 helem
374 4014 403 4048 ea
420 4001 443 4046 iu
460 4015 484 4046 rc
497 4001 576 4048 treberi
594 4000 652 4048 ruihi
666 4000 786 4060 postulare
805 3998 887 4045 videor
900 4011 977 4058 posse,
991 4000 1018 4046 ut
1062 4000 1219 4060 Pherecydes,
1231 3999 1271 4060 qui
1288 4001 1380 4060 poetam
1394 3997 1491 4045 omnino
1504 3998 1698 4056 Argonautarum
1717 3998 1860 4057 expeditio

238 4077 263 4119 et
277 4069 300 4116 ln
314 4070 355 4116 itio
366 4068 430 4130 quod
445 4069 547 4131 aitlrmo,
566 4069 682 4117 nihildum
696 4081 748 4117 esse
764 4069 787 4115 in
801 4068 838 4115 his
851 4067 935 4114 libellis
950 4079 964 4114 e
979 4081 1017 4116 me
1061 4073 1084 4118 nt
1098 4072 1232 4119 interfuisse
1248 4071 1350 4128 negarit.
1367 4069 1444 4116 schol.
1463 4067 1539 4129 Apoll.
1557 4070 1575 4126 l,
1592 4072 1622 4115 2³
1641 4067 1801 4126 εΦερεκύῑης
1815 4072 1860 4116 Φι-

239 4139 445 4198 suimarlrersuru,
465 4140 529 4199 quod
550 4144 663 4202 repugnet
686 4139 732 4186 illis
754 4138 911 4198 temporibus,
930 4139 1018 4199 quibus
1061 4139 1175 4200 λα’μμωνά
1188 4156 1242 4200 φησι
1252 4140 1292 4186 καὶ
1304 4137 1346 4186 οὐκ
1357 4137 1665 4200 Ὀρρέασυμπεπλενκέναα
1677 4137 1714 4183 De
1727 4141 1860 4197 Argonau·

240 4209 311 4256 tuisse
322 4207 409 4255 elicitur
420 4209 535 4256 Thestius
549 4209 588 4256 ille
605 4210 724 4268 (arptreus,
743 4208 783 4268 qui
799 4207 822 4254 in
836 4209 948 4255 omnihus
964 4213 1016 4256 tan·
1061 4209 1175 4270 ticisquae
1188 4207 1258 4255 hodie
1270 4209 1360 4254 restant
1374 4207 1438 4253 rarle
1447 4210 1502 4254 suut
1512 4205 1630 4266 longeque
1641 4205 1740 4252 dissona
1750 4205 1860 4254 veletre-

238 4289 311 4338 quam
330 4289 398 4324 esua
417 4289 515 4337 persone
534 4277 635 4336 loqueos
656 4275 831 4336 introitrreitur3
847 4291 893 4325 noa
914 4277 1017 4334 urbium,
1061 4278 1129 4340 narii,
1140 4276 1322 4333 lleuisterhusii‚
1338 4275 1483 4332 Ruhnlreuli,
1496 4273 1627 4324 hermanni
1639 4278 1663 4322 et
1674 4276 1699 4322 J.
1720 4277 1753 4322 H.
1774 4277 1860 4323 t'ossri

237 4359 285 4394 uon
298 4345 422 4392 leontinum
438 4345 543 4404 nomina,
557 4349 778 4404 uon'inrentorum,
792 4353 834 4395 arrt
844 4346 1016 4407 cujuscumque
1058 4349 1146 4409 judicia
1161 4359 1236 4407 nuper
1248 4345 1278 4393 ab
1290 4345 1395 4394 Ueterto
1410 4346 1533 4393 recollecta
1547 4345 1569 4392 io
1581 4344 1718 4404 Geograph.
1737 4347 1824 4392 Grae.
1836 4350 1860 4391 et

237 4417 270 4463 rei
289 4414 391 4473 (lenique
401 4415 556 4472 mentionem,
577 4427 649 4475 quam
671 4417 826 4463 recentiorem
842 4428 892 4462 esse
909 4416 1016 4474 Trojauis
1060 4421 1130 4466 ltom.
1145 4419 1156 4466 t
1171 4420 1191 4477 l,
1200 4416 1259 4477 part.
1272 4417 1334 4476 ll,p.
1344 4417 1488 4476 atilleque
1496 4413 1596 4462 arbitror
1604 4418 1646 4461 aret
1655 4412 1732 4472 hujus
1741 4421 1783 4461 aut
1793 4415 1829 4462 a'i
1840 4429 1860 4463 rs

237 4484 395 4546 temporibus,
412 4483 569 4530 demonstrari
586 4490 666 4544 queat.
686 4503 697 4526 ν
714 4511 744 4519 -
761 4485 918 4533 Rutmlrenius
939 4485 1014 4545 Epist.
1061 4487 1283 4549 scriptorisaetatem
1291 4484 1457 4546 planetiquirlo
1467 4483 1583 4544 explorari
1595 4496 1675 4544 posse,
1684 4483 1734 4530 niti
1743 4487 1862 4544 speraris

237 4556 290 4604 erit.
306 4555 329 4602 tt
349 4567 372 4615 p.
383 4560 413 4602 69
428 4571 434 4602 :
450 4572 462 4594 ι
483 4553 529 4610 Qui
545 4555 704 4614 Argonautica
720 4554 816 4614 Orpheo
838 4553 948 4613 subiecit,
966 4555 1016 4602 sire
1060 4570 1144 4615 graecae
1151 4557 1328 4616 etsingularum
1338 4554 1562 4615 orationispartium
1573 4565 1630 4601 usus
1638 4565 1685 4600 nou
1694 4557 1860 4614 sitmnratim,

238 4623 407 4673 Onomacritus
420 4621 500 4682 luerit,
519 4622 571 4670 sire
586 4622 657 4684 alius,
670 4624 769 4685 scriptur
784 4625 849 4671 certe
865 4623 1016 4683 meoiudicio
1060 4631 1087 4673 ut
1107 4638 1180 4684 nunc,
1201 4625 1241 4673 sed
1259 4626 1336 4673 mutto
1353 4625 1469 4672 minutius
1484 4627 1509 4672 et
1522 4623 1686 4684 scrupulosius
1704 4637 1738 4671 ex
1750 4619 1861 4686 ‘singuiis

235 4698 272 4742 ert
284 4692 470 4741 retristissimus.
489 4695 549 4741 Nam
564 4706 594 4740 ne
610 4694 686 4742 ultum
700 4692 796 4755 quietern
809 4692 946 4742 recentioris
956 4697 1016 4742 eta·
1059 4695 1215 4757 scriptoribus
1229 4694 1375 4754 euestigatus
1387 4693 1469 4742 luerit.
1490 4696 1568 4750 Quaru
1587 4692 1647 4740 artis
1661 4695 1758 4740 uestrae
1774 4707 1818 4754 per
1825 4695 1861 4742 te-

235 4765 267 4812 tis
280 4763 418 4822 vestigium,
439 4763 550 4824 quemvis
570 4762 695 4822 diligenter
716 4762 822 4810 animum
839 4761 960 4822 attendas,
974 4775 1016 4822 por
1060 4765 1162 4813 ctionem
1184 4764 1265 4827 procul
1285 4764 1308 4811 iu
1326 4763 1421 4812 excelso
1434 4763 1503 4810 sitem
1517 4775 1592 4824 quum
1606 4775 1649 4823 spe
1666 4763 1692 4810 et
1702 4764 1862 4822 cogitatione

236 4837 314 4882 totum
328 4845 410 4893 poema
423 4832 526 4894 reperias
537 4846 543 4878 :
553 4837 636 4880 contra
649 4833 717 4892 plura
733 4831 839 4892 egregia,
856 4833 881 4879 et
894 4843 950 4892 quac
965 4831 1014 4893 pri·
1061 4847 1190 4896 presumo,
1202 4834 1264 4882 beati
1273 4833 1331 4881 mihi
1342 4833 1453 4882 ridentur
1462 4832 1602 4894 mythologi,
1613 4830 1655 4892 qui
1665 4831 1749 4892 primo
1759 4835 1861 4882 tenuis

234 4917 302 4952 scum
316 4915 395 4950 marim
407 4903 507 4959 sapiant.
522 4901 597 4950 Dietio
611 4901 659 4951 lere
669 4906 706 4950 est
716 4901 849 4950 Homerica.
864 4919 875 4944 ιι
1060 4904 1128 4952 sime
1149 4902 1266 4964 cujusque
1288 4902 1376 4950 tabulae
1397 4901 1511 4962 adspectu
1525 4901 1607 4950 statim
1627 4899 1753 4960 iudicant,
1767 4905 1859 4951 utrum

268 4979 289 5034 (t
299 4973 319 5034 1)
335 4975 465 5022 Hermann.
478 4972 574 5020 Dissert.
590 4971 620 5020 de
630 4975 700 5020 etrite
712 4973 833 5033 scriptoris
845 4973 1014 5033 Argonautieo·
1061 4974 1157 5024 Homeri
1166 4980 1196 5021 eo
1204 4973 1292 5034 orphei
1302 4986 1331 5020 eu
1345 4972 1463 5022 Phorouel
1472 4969 1620 5032 temporibus
1630 4975 1686 5018 nata
1694 4973 1738 5031 sit,
1753 4975 1860 5022 merito-

235 5057 297 5104 rum,
316 5057 368 5106 pag.
388 5049 433 5094 675
453 5056 520 5106 seqq.
536 5043 574 5091 ct.
589 5043 690 5092 Tlromoe
712 5042 840 5103 Tyrivlritti
859 5043 969 5091 Praelatio
985 5043 1013 5090 ed
1060 5056 1106 5105 que
1128 5042 1263 5104 depluunt
1285 5042 1424 5091 criticorum
1452 5041 1534 5091 trices.
1553 5041 1594 5102 qui
1622 5040 1646 5087 iu
1671 5041 1857 5092 constituenda

234 5113 335 5165 Uthina.
1060 5113 1171 5162 carminis
1192 5112 1331 5174 amplissimi
1353 5115 1425 5160 aetate
1446 5123 1488 5160 εει
1507 5109 1568 5159 inter
1590 5121 1616 5159 se
1634 5110 1725 5159 seculis
1751 5110 1853 5162 discre-

265 5185 315 5245 με)
331 5183 462 5232 bobeclrius
474 5181 627 5245 Aglaophon.
642 5184 652 5231 t
669 5194 721 5243 pag.
741 5186 804 5232 aaa:
819 5201 830 5226 ι
843 5181 1013 5247 Ἆργοναυτικίι.
1064 5184 1128 5245 peut.
1147 5199 1159 5224 ιι
