<?xml version="1.0" encoding="UTF-8"?>
<!DOCTYPE html PUBLIC "-//W3C//DTD XHTML 1.0 Transitional//EN"
    "http://www.w3.org/TR/xhtml1/DTD/xhtml1-transitional.dtd">
<html xmlns="http://www.w3.org/1999/xhtml" xml:lang="en" lang="en">
 <head>
  <title>
</title>
<meta http-equiv="Content-Type" content="text/html;charset=utf-8" />
  <meta name='ocr-system' content='tesseract 3.04.00' />
  <meta name='ocr-capabilities' content='ocr_page ocr_carea ocr_par ocr_line ocrx_word'/>
</head>
<body>
  <div class='ocr_page' id='page_1' title='image "./fragmentaphilos03mullgoog/fragmentaphilos03mullgoog_0646.png"; bbox 0 0 3764 5922; ppageno 0'>
   <div class='ocr_carea' id='block_1_1' title="bbox 740 354 1667 418">
    <p class='ocr_par' dir='ltr' id='par_1_1' title="bbox 740 354 1667 418">
     <span class='ocr_line' id='line_1_1' title="bbox 740 354 1667 418; baseline 0.002 -4"><span class='ocrx_word' id='word_1_1' title='bbox 740 354 996 416; x_wconf 71' lang='lat' dir='ltr'><strong>FRAGMENTA.</strong></span> <span class='ocrx_word' id='word_1_2' title='bbox 1604 362 1667 418; x_wconf 75' lang='lat'><strong>885</strong></span> 
     </span>
    </p>
   </div>
   <div class='ocr_carea' id='block_1_2' title="bbox 35 477 1677 2925">
    <p class='ocr_par' dir='ltr' id='par_1_2' title="bbox 35 477 1673 1438">
     <span class='ocr_line' id='line_1_2' title="bbox 35 477 1668 566; baseline 0.002 -26"><span class='ocrx_word' id='word_1_3' title='bbox 35 483 81 540; x_wconf 80' lang='grc' dir='ltr'>καί</span> <span class='ocrx_word' id='word_1_4' title='bbox 95 482 221 549; x_wconf 80' lang='grc' dir='ltr'>πλοῦτος</span> <span class='ocrx_word' id='word_1_5' title='bbox 234 487 323 562; x_wconf 83' lang='grc' dir='ltr'>σῶμα</span> <span class='ocrx_word' id='word_1_6' title='bbox 333 484 378 546; x_wconf 78' lang='grc' dir='ltr'>καί</span> <span class='ocrx_word' id='word_1_7' title='bbox 393 483 497 566; x_wconf 70' lang='grc' dir='ltr'>ψνγάν,</span> <span class='ocrx_word' id='word_1_8' title='bbox 512 483 595 561; x_wconf 79' lang='grc' dir='ltr'>ὑγίεια</span> <span class='ocrx_word' id='word_1_9' title='bbox 609 484 636 543; x_wconf 85' lang='grc' dir='ltr'><strong>δὲ</strong></span> <span class='ocrx_word' id='word_1_10' title='bbox 650 485 694 544; x_wconf 82' lang='grc' dir='ltr'><strong>καί</strong></span> <span class='ocrx_word' id='word_1_11' title='bbox 710 485 784 564; x_wconf 73' lang='grc' dir='ltr'>ἰαγθς</span> <span class='ocrx_word' id='word_1_12' title='bbox 798 486 844 546; x_wconf 83' lang='grc' dir='ltr'>καὶ</span> <span class='ocrx_word' id='word_1_13' title='bbox 887 486 937 556; x_wconf 77' lang='grc' dir='ltr'>ξτες</span> <span class='ocrx_word' id='word_1_14' title='bbox 959 485 1096 553; x_wconf 82' lang='grc' dir='ltr'>ποτάντιις</span> <span class='ocrx_word' id='word_1_15' title='bbox 1119 483 1167 562; x_wconf 77' lang='lat' dir='ltr'><strong>pia</strong></span> <span class='ocrx_word' id='word_1_16' title='bbox 1192 477 1270 546; x_wconf 73' lang='grc' dir='ltr'>οὖσαι</span> <span class='ocrx_word' id='word_1_17' title='bbox 1303 485 1464 564; x_wconf 83' lang='grc' dir='ltr'>λειταιργίαν</span> <span class='ocrx_word' id='word_1_18' title='bbox 1486 482 1531 544; x_wconf 74' lang='lat'><strong>888</strong></span> <span class='ocrx_word' id='word_1_19' title='bbox 1549 484 1668 562; x_wconf 76' lang='grc' dir='ltr'>ἀνάγνιεν</span> 
     </span>
     <span class='ocr_line' id='line_1_3' title="bbox 36 559 1673 654; baseline 0.002 -26"><span class='ocrx_word' id='word_1_20' title='bbox 36 569 201 628; x_wconf 88' lang='grc' dir='ltr'>εὐαισθασία</span> <span class='ocrx_word' id='word_1_21' title='bbox 212 572 375 652; x_wconf 79' lang='grc' dir='ltr'>ψυχοίν,ρ</span> <span class='ocrx_word' id='word_1_22' title='bbox 340 570 464 652; x_wconf 78' lang='grc' dir='ltr'>φράνασις</span> <span class='ocrx_word' id='word_1_23' title='bbox 478 573 506 630; x_wconf 85' lang='lat'><strong>88</strong></span> <span class='ocrx_word' id='word_1_24' title='bbox 520 571 627 632; x_wconf 75' lang='lat'><strong>888&#39;8</strong></span> <span class='ocrx_word' id='word_1_25' title='bbox 580 575 627 632; x_wconf 85' lang='grc' dir='ltr'><strong>ανδ</strong></span> <span class='ocrx_word' id='word_1_26' title='bbox 630 573 672 652; x_wconf 83' lang='grc' dir='ltr'><strong>ριά</strong></span> <span class='ocrx_word' id='word_1_27' title='bbox 686 573 844 654; x_wconf 78' lang='grc' dir='ltr'>καὶιτωρρο-</span> <span class='ocrx_word' id='word_1_28' title='bbox 889 571 1053 650; x_wconf 69' lang='grc' dir='ltr'>ἐπιφέροντι,</span> <span class='ocrx_word' id='word_1_29' title='bbox 1068 571 1204 633; x_wconf 80' lang='grc' dir='ltr'>εὖοδοῦσαι</span> <span class='ocrx_word' id='word_1_30' title='bbox 1219 572 1246 630; x_wconf 86' lang='lat'><strong>88</strong></span> <span class='ocrx_word' id='word_1_31' title='bbox 1261 570 1450 649; x_wconf 82' lang='grc' dir='ltr'>διαγωγάνκαλ</span> <span class='ocrx_word' id='word_1_32' title='bbox 1464 559 1673 646; x_wconf 81' lang='grc' dir='ltr'><strong>εὖδαιμοσύναν·Ι</strong></span> 
     </span>
     <span class='ocr_line' id='line_1_4' title="bbox 36 655 1668 740; baseline 0.004 -27"><span class='ocrx_word' id='word_1_33' title='bbox 36 655 102 714; x_wconf 83' lang='grc' dir='ltr'>σύνα</span> <span class='ocrx_word' id='word_1_34' title='bbox 119 656 172 715; x_wconf 77' lang='grc' dir='ltr'>καί</span> <span class='ocrx_word' id='word_1_35' title='bbox 194 657 214 715; x_wconf 77' lang='grc' dir='ltr'>εἱ</span> <span class='ocrx_word' id='word_1_36' title='bbox 238 659 438 718; x_wconf 78' lang='grc' dir='ltr'>δικαιοσύναι</span> <span class='ocrx_word' id='word_1_37' title='bbox 414 681 457 718; x_wconf 89' lang='grc' dir='ltr'><strong>τον</strong></span> <span class='ocrx_word' id='word_1_38' title='bbox 475 659 533 718; x_wconf 86' lang='grc' dir='ltr'>νόον</span> <span class='ocrx_word' id='word_1_39' title='bbox 547 669 593 726; x_wconf 78' lang='grc' dir='ltr'><strong>τᾶς</strong></span> <span class='ocrx_word' id='word_1_40' title='bbox 606 664 733 740; x_wconf 78' lang='grc' dir='ltr'>ψοχᾶς,ὁ</span> <span class='ocrx_word' id='word_1_41' title='bbox 752 660 845 727; x_wconf 80' lang='grc' dir='ltr'>δίνάος</span> <span class='ocrx_word' id='word_1_42' title='bbox 887 659 986 736; x_wconf 87' lang='grc' dir='ltr'>γίνεται</span> <span class='ocrx_word' id='word_1_43' title='bbox 1003 657 1128 718; x_wconf 78' lang='grc' dir='ltr'>δθταῦτα</span> <span class='ocrx_word' id='word_1_44' title='bbox 1143 661 1169 717; x_wconf 73' lang='grc' dir='ltr'>ἐν</span> <span class='ocrx_word' id='word_1_45' title='bbox 1189 658 1313 738; x_wconf 66' lang='grc' dir='ltr'>εὐτυχίᾳ·</span> <span class='ocrx_word' id='word_1_46' title='bbox 1329 657 1439 737; x_wconf 78' lang='grc' dir='ltr'>φανερὸν</span> <span class='ocrx_word' id='word_1_47' title='bbox 1455 655 1538 716; x_wconf 72' lang='grc' dir='ltr'><strong>ἀπ’</strong></span> <span class='ocrx_word' id='word_1_48' title='bbox 1513 659 1558 719; x_wconf 81' lang='grc' dir='ltr'><strong>ανδ</strong></span> <span class='ocrx_word' id='word_1_49' title='bbox 1544 657 1624 716; x_wconf 80' lang='grc' dir='ltr'><strong>δὲν”</strong></span> <span class='ocrx_word' id='word_1_50' title='bbox 1608 682 1668 726; x_wconf 81' lang='grc' dir='ltr'>ατε·</span> 
     </span>
     <span class='ocr_line' id='line_1_5' title="bbox 35 737 1670 826; baseline 0.002 -25"><span class='ocrx_word' id='word_1_51' title='bbox 35 744 79 802; x_wconf 76' lang='grc' dir='ltr'><strong>τὸν</strong></span> <span class='ocrx_word' id='word_1_52' title='bbox 96 743 167 804; x_wconf 84' lang='grc' dir='ltr'>θεόν.</span> <span class='ocrx_word' id='word_1_53' title='bbox 213 737 311 814; x_wconf 68' lang='grc' dir='ltr'>Οὗτος</span> <span class='ocrx_word' id='word_1_54' title='bbox 331 746 382 826; x_wconf 86' lang='grc' dir='ltr'><strong>γάρ</strong></span> <span class='ocrx_word' id='word_1_55' title='bbox 403 746 569 823; x_wconf 83' lang='grc' dir='ltr'>δνιράτιστός</span> <span class='ocrx_word' id='word_1_56' title='bbox 589 750 642 806; x_wconf 84' lang='grc' dir='ltr'>ίντι</span> <span class='ocrx_word' id='word_1_57' title='bbox 661 771 705 806; x_wconf 83' lang='grc' dir='ltr'><strong>και</strong></span> <span class='ocrx_word' id='word_1_58' title='bbox 696 748 760 806; x_wconf 65' lang='grc' dir='ltr'><strong>Ηθ</strong></span> <span class='ocrx_word' id='word_1_59' title='bbox 747 771 844 824; x_wconf 88' lang='grc' dir='ltr'>αγεμσ-</span> <span class='ocrx_word' id='word_1_60' title='bbox 888 746 930 826; x_wconf 81' lang='grc' dir='ltr'>ράν</span> <span class='ocrx_word' id='word_1_61' title='bbox 945 748 999 805; x_wconf 77' lang='grc' dir='ltr'>ἐντι</span> <span class='ocrx_word' id='word_1_62' title='bbox 1018 744 1212 824; x_wconf 78' lang='grc' dir='ltr'>εὐδαιμοσίνα,</span> <span class='ocrx_word' id='word_1_63' title='bbox 1224 747 1286 804; x_wconf 74' lang='lat' dir='ltr'><strong>at·</strong></span> <span class='ocrx_word' id='word_1_64' title='bbox 1305 743 1343 822; x_wconf 77' lang='grc' dir='ltr'><strong>μὴ</strong></span> <span class='ocrx_word' id='word_1_65' title='bbox 1364 753 1458 824; x_wconf 63' lang='grc' dir='ltr'>χρίσις</span> <span class='ocrx_word' id='word_1_66' title='bbox 1472 747 1651 825; x_wconf 74' lang='grc' dir='ltr'>ἀρετάςάν’</span> <span class='ocrx_word' id='word_1_67' title='bbox 1628 768 1670 804; x_wconf 84' lang='grc' dir='ltr'><strong>εν-</strong></span> 
     </span>
     <span class='ocr_line' id='line_1_6' title="bbox 37 831 976 914; baseline 0 -25"><span class='ocrx_word' id='word_1_68' title='bbox 37 831 138 891; x_wconf 83' lang='grc' dir='ltr'>νεῦων·</span> <span class='ocrx_word' id='word_1_69' title='bbox 153 833 205 893; x_wconf 78' lang='grc' dir='ltr'><strong>καί</strong></span> <span class='ocrx_word' id='word_1_70' title='bbox 221 833 318 896; x_wconf 77' lang='grc' dir='ltr'>τούτω</span> <span class='ocrx_word' id='word_1_71' title='bbox 330 837 341 864; x_wconf 80' lang='lat'>⁰</span> <span class='ocrx_word' id='word_1_72' title='bbox 354 835 430 894; x_wconf 69' lang='grc' dir='ltr'>ἕνεκα</span> <span class='ocrx_word' id='word_1_73' title='bbox 441 858 485 895; x_wconf 84' lang='grc' dir='ltr'><strong>και</strong></span> <span class='ocrx_word' id='word_1_74' title='bbox 475 834 533 892; x_wconf 81' lang='grc' dir='ltr'><strong>τὰ</strong></span> <span class='ocrx_word' id='word_1_75' title='bbox 548 837 660 894; x_wconf 64' lang='lat' dir='ltr'><strong>etia*</strong></span> <span class='ocrx_word' id='word_1_76' title='bbox 626 859 677 894; x_wconf 89' lang='grc' dir='ltr'><strong>των</strong></span> <span class='ocrx_word' id='word_1_77' title='bbox 692 838 796 914; x_wconf 88' lang='grc' dir='ltr'>ἀγαθιῶν</span> <span class='ocrx_word' id='word_1_78' title='bbox 808 838 846 894; x_wconf 83' lang='grc' dir='ltr'>δεῖ</span> <span class='ocrx_word' id='word_1_79' title='bbox 887 833 976 911; x_wconf 75' lang='grc' dir='ltr'>τυχία.</span> 
     </span>
     <span class='ocr_line' id='line_1_7' title="bbox 44 917 1307 1032; baseline -0.013 -40"><span class='ocrx_word' id='word_1_80' title='bbox 44 925 190 1000; x_wconf 64' lang='grc' dir='ltr'>παρῆμεν·</span> <span class='ocrx_word' id='word_1_81' title='bbox 240 917 499 1004; x_wconf 68' lang='grc' dir='ltr'>Στρατῑῦματοι</span> <span class='ocrx_word' id='word_1_82' title='bbox 469 949 516 1000; x_wconf 80' lang='grc' dir='ltr'><strong>μεν</strong></span> <span class='ocrx_word' id='word_1_83' title='bbox 541 925 591 1002; x_wconf 85' lang='grc' dir='ltr'><strong>γάρ</strong></span> <span class='ocrx_word' id='word_1_84' title='bbox 609 925 712 1032; x_wconf 79' lang='grc' dir='ltr'>ἁγεῖται</span> <span class='ocrx_word' id='word_1_85' title='bbox 733 948 846 1004; x_wconf 88' lang='grc' dir='ltr'>στρατα-</span> <span class='ocrx_word' id='word_1_86' title='bbox 928 920 959 1000; x_wconf 79' lang='lat'><strong>[¹</strong></span> <span class='ocrx_word' id='word_1_87' title='bbox 975 915 1136 996; x_wconf 78' lang='lat' dir='ltr'><strong>8isci·ipsi;</strong></span> <span class='ocrx_word' id='word_1_88' title='bbox 1152 918 1271 979; x_wconf 53' lang='lat' dir='ltr'><strong>codd.²</strong></span> <span class='ocrx_word' id='word_1_89' title='bbox 1250 941 1283 978; x_wconf 90' lang='grc' dir='ltr'><strong>ει.</strong></span> <span class='ocrx_word' id='word_1_90' title='bbox 1298 920 1307 994; x_wconf 92' lang='grc'><strong>)</strong></span> 
     </span>
     <span class='ocr_line' id='line_1_8' title="bbox 39 1003 1670 1118; baseline -0.001 -50"><span class='ocrx_word' id='word_1_91' title='bbox 39 1007 96 1084; x_wconf 81' lang='grc' dir='ltr'><strong>γὸς.</strong></span> <span class='ocrx_word' id='word_1_92' title='bbox 111 1011 279 1118; x_wconf 84' lang='grc' dir='ltr'>πλωτοίρων</span> <span class='ocrx_word' id='word_1_93' title='bbox 298 1009 560 1088; x_wconf 76' lang='grc' dir='ltr'>δὲκυὸερνάτας,τῶ</span> <span class='ocrx_word' id='word_1_94' title='bbox 573 1011 645 1071; x_wconf 82' lang='lat'><strong>88&#39;</strong></span> <span class='ocrx_word' id='word_1_95' title='bbox 615 1035 706 1090; x_wconf 82' lang='grc' dir='ltr'>κοσμοι</span> <span class='ocrx_word' id='word_1_96' title='bbox 721 1014 846 1086; x_wconf 81' lang='grc' dir='ltr'>θεός,τάς</span> <span class='ocrx_word' id='word_1_97' title='bbox 901 1006 960 1074; x_wconf 53' lang='lat'><strong>8&lt;</strong></span> <span class='ocrx_word' id='word_1_98' title='bbox 982 1003 1077 1066; x_wconf 65' lang='lat'><strong>0³28</strong></span> <span class='ocrx_word' id='word_1_99' title='bbox 1091 1004 1221 1084; x_wconf 46' lang='grc' dir='ltr'>ἇγαθῠᾘ</span> <span class='ocrx_word' id='word_1_100' title='bbox 1206 1004 1272 1084; x_wconf 75' lang='grc' dir='ltr'>ανὴρ</span> <span class='ocrx_word' id='word_1_101' title='bbox 1287 1003 1355 1063; x_wconf 73' lang='grc' dir='ltr'>οὕτω</span> <span class='ocrx_word' id='word_1_102' title='bbox 1376 1005 1505 1064; x_wconf 80' lang='grc' dir='ltr'>διάκειται</span> <span class='ocrx_word' id='word_1_103' title='bbox 1522 1008 1579 1064; x_wconf 89' lang='grc' dir='ltr'>ποτ’</span> <span class='ocrx_word' id='word_1_104' title='bbox 1598 1007 1670 1066; x_wconf 87' lang='grc' dir='ltr'>εὖτν·</span> 
     </span>
     <span class='ocr_line' id='line_1_9' title="bbox 39 1091 1669 1179; baseline -0.006 -19.72"><span class='ocrx_word' id='word_1_105' title='bbox 39 1096 227 1176; x_wconf 71' lang='grc' dir='ltr'>δὲψνχᾶς’</span> <span class='ocrx_word' id='word_1_106' title='bbox 193 1120 279 1170; x_wconf 82' lang='grc' dir='ltr'>νοος,</span> <span class='ocrx_word' id='word_1_107' title='bbox 293 1107 341 1165; x_wconf 74' lang='grc' dir='ltr'><strong>τᾶς</strong></span> <span class='ocrx_word' id='word_1_108' title='bbox 350 1098 377 1158; x_wconf 82' lang='lat'><strong>88</strong></span> <span class='ocrx_word' id='word_1_109' title='bbox 387 1122 419 1156; x_wconf 87' lang='grc' dir='ltr'>πε</span> <span class='ocrx_word' id='word_1_110' title='bbox 422 1097 501 1176; x_wconf 81' lang='grc' dir='ltr'>λτον</span> <span class='ocrx_word' id='word_1_111' title='bbox 515 1099 569 1176; x_wconf 87' lang='grc' dir='ltr'>βιον</span> <span class='ocrx_word' id='word_1_112' title='bbox 581 1100 770 1176; x_wconf 78' lang='grc' dir='ltr'>ενδαιμοαυνας</span> <span class='ocrx_word' id='word_1_113' title='bbox 782 1121 847 1179; x_wconf 73' lang='lat' dir='ltr'><strong>ppo</strong></span> <span class='ocrx_word' id='word_1_114' title='bbox 888 1091 998 1172; x_wconf 72' lang='lat'><strong>7888‚‘&#39;</strong></span> <span class='ocrx_word' id='word_1_115' title='bbox 979 1115 1068 1172; x_wconf 88' lang='grc' dir='ltr'>ωσπερ</span> <span class='ocrx_word' id='word_1_116' title='bbox 1082 1092 1255 1172; x_wconf 78' lang='grc' dir='ltr'>καὶὸτῳ</span> <span class='ocrx_word' id='word_1_117' title='bbox 1222 1116 1326 1166; x_wconf 75' lang='grc' dir='ltr'>σωματι</span> <span class='ocrx_word' id='word_1_118' title='bbox 1338 1091 1450 1160; x_wconf 82' lang='grc' dir='ltr'>καλως</span> <span class='ocrx_word' id='word_1_119' title='bbox 1436 1115 1504 1172; x_wconf 70' lang='grc' dir='ltr'>εγων</span> <span class='ocrx_word' id='word_1_120' title='bbox 1518 1116 1563 1151; x_wconf 84' lang='grc' dir='ltr'><strong>και</strong></span> <span class='ocrx_word' id='word_1_121' title='bbox 1554 1093 1669 1170; x_wconf 67' lang='lat' dir='ltr'><strong>piapen</strong></span> 
     </span>
     <span class='ocr_line' id='line_1_10' title="bbox 39 1169 1673 1294; baseline -0.001 -55.998"><span class='ocrx_word' id='word_1_122' title='bbox 39 1207 125 1250; x_wconf 78' lang='grc' dir='ltr'>νασις.</span> <span class='ocrx_word' id='word_1_123' title='bbox 174 1185 273 1244; x_wconf 81' lang='grc' dir='ltr'>Οὐδὲν</span> <span class='ocrx_word' id='word_1_124' title='bbox 258 1185 342 1294; x_wconf 86' lang='grc' dir='ltr'>νγάρ</span> <span class='ocrx_word' id='word_1_125' title='bbox 358 1185 435 1262; x_wconf 79' lang='grc' dir='ltr'>ἀτερ</span> <span class='ocrx_word' id='word_1_126' title='bbox 421 1189 517 1244; x_wconf 79' lang='grc' dir='ltr'>ονέντι</span> <span class='ocrx_word' id='word_1_127' title='bbox 533 1187 668 1268; x_wconf 82' lang='grc' dir='ltr'>ιρράνασις,</span> <span class='ocrx_word' id='word_1_128' title='bbox 686 1189 714 1246; x_wconf 90' lang='grc' dir='ltr'><strong>αί</strong></span> <span class='ocrx_word' id='word_1_129' title='bbox 737 1183 846 1263; x_wconf 54' lang='lat' dir='ltr'><strong>priim-</strong></span> <span class='ocrx_word' id='word_1_130' title='bbox 890 1181 963 1248; x_wconf 79' lang='grc' dir='ltr'>λίως.</span> <span class='ocrx_word' id='word_1_131' title='bbox 1008 1181 1062 1240; x_wconf 85' lang='grc' dir='ltr'>Καὶ</span> <span class='ocrx_word' id='word_1_132' title='bbox 1078 1181 1128 1258; x_wconf 82' lang='grc' dir='ltr'><strong>γάρ</strong></span> <span class='ocrx_word' id='word_1_133' title='bbox 1144 1169 1335 1248; x_wconf 79' lang='grc' dir='ltr'>ἐκεῖνοςοῖἀς</span> <span class='ocrx_word' id='word_1_134' title='bbox 1320 1180 1673 1258; x_wconf 75' lang='grc' dir='ltr'>τεκαίθάλποςκαίψῦχος</span> 
     </span>
     <span class='ocr_line' id='line_1_11' title="bbox 41 1259 1672 1352; baseline 0.003 -24"><span class='ocrx_word' id='word_1_135' title='bbox 41 1271 134 1348; x_wconf 84' lang='grc' dir='ltr'>στσίμα</span> <span class='ocrx_word' id='word_1_136' title='bbox 156 1279 210 1338; x_wconf 81' lang='grc' dir='ltr'><strong>τᾶς</strong></span> <span class='ocrx_word' id='word_1_137' title='bbox 232 1272 358 1352; x_wconf 82' lang='grc' dir='ltr'>περλτθν</span> <span class='ocrx_word' id='word_1_138' title='bbox 382 1274 482 1352; x_wconf 88' lang='grc' dir='ltr'>βίον</span> <span class='ocrx_word' id='word_1_139' title='bbox 459 1291 502 1332; x_wconf 73' lang='lat' dir='ltr'><strong>eut</strong></span> <span class='ocrx_word' id='word_1_140' title='bbox 491 1275 648 1350; x_wconf 62' lang='grc' dir='ltr'>λαιμοσύνιις</span> <span class='ocrx_word' id='word_1_141' title='bbox 671 1274 688 1341; x_wconf 78' lang='grc' dir='ltr'>ἣ</span> <span class='ocrx_word' id='word_1_142' title='bbox 712 1274 846 1350; x_wconf 77' lang='grc' dir='ltr'>ἀπιστάμα</span> <span class='ocrx_word' id='word_1_143' title='bbox 890 1267 1032 1344; x_wconf 62' lang='grc' dir='ltr'>ὑπομένει,</span> <span class='ocrx_word' id='word_1_144' title='bbox 1058 1271 1105 1328; x_wconf 68' lang='lat'><strong>8²8</strong></span> <span class='ocrx_word' id='word_1_145' title='bbox 1124 1259 1237 1349; x_wconf 68' lang='grc' dir='ltr'>βάρος</span> <span class='ocrx_word' id='word_1_146' title='bbox 1221 1268 1383 1347; x_wconf 70' lang='lat' dir='ltr'><strong>eparpa&#39;p,</strong></span> <span class='ocrx_word' id='word_1_147' title='bbox 1400 1269 1445 1328; x_wconf 67' lang='grc' dir='ltr'><strong>καί</strong></span> <span class='ocrx_word' id='word_1_148' title='bbox 1460 1268 1590 1335; x_wconf 68' lang='lat'><strong>808885‘</strong></span> <span class='ocrx_word' id='word_1_149' title='bbox 1578 1267 1623 1326; x_wconf 71' lang='grc' dir='ltr'>ατί</span> <span class='ocrx_word' id='word_1_150' title='bbox 1626 1291 1672 1346; x_wconf 65' lang='grc' dir='ltr'><strong>ρας</strong></span> 
     </span>
     <span class='ocr_line' id='line_1_12' title="bbox 40 1355 1348 1466; baseline -0.003 -50"><span class='ocrx_word' id='word_1_151' title='bbox 40 1362 91 1416; x_wconf 81' lang='grc' dir='ltr'><strong>τῶν</strong></span> <span class='ocrx_word' id='word_1_152' title='bbox 103 1357 179 1418; x_wconf 83' lang='grc' dir='ltr'>ιιατά</span> <span class='ocrx_word' id='word_1_153' title='bbox 192 1358 282 1436; x_wconf 64' lang='grc' dir='ltr'>φύσιν</span> <span class='ocrx_word' id='word_1_154' title='bbox 294 1360 422 1460; x_wconf 82' lang='grc' dir='ltr'>ἀνθρώπω</span> <span class='ocrx_word' id='word_1_155' title='bbox 433 1363 549 1436; x_wconf 80' lang='grc' dir='ltr'>ἀγαθῶν.</span> <span class='ocrx_word' id='word_1_156' title='bbox 891 1359 1002 1466; x_wconf 73' lang='grc' dir='ltr'>εὐχερῶς</span> <span class='ocrx_word' id='word_1_157' title='bbox 1016 1355 1145 1463; x_wconf 63' lang='lat' dir='ltr'><strong>serapiaca</strong></span> <span class='ocrx_word' id='word_1_158' title='bbox 1160 1356 1348 1422; x_wconf 84' lang='grc' dir='ltr'>κακοπαθείας.</span> 
     </span>
    </p>

    <p class='ocr_par' dir='ltr' id='par_1_3' title="bbox 43 1431 1673 1701">
     <span class='ocr_line' id='line_1_13' title="bbox 83 1431 1671 1528; baseline -0.003 -24"><span class='ocrx_word' id='word_1_159' title='bbox 83 1449 112 1524; x_wconf 76' lang='lat'><strong>(³</strong></span> <span class='ocrx_word' id='word_1_160' title='bbox 135 1454 196 1512; x_wconf 87' lang='grc' dir='ltr'>τοῖς</span> <span class='ocrx_word' id='word_1_161' title='bbox 216 1447 338 1506; x_wconf 83' lang='lat' dir='ltr'><strong>inserui</strong></span> <span class='ocrx_word' id='word_1_162' title='bbox 361 1467 425 1505; x_wconf 90' lang='lat' dir='ltr'><strong>cum</strong></span> <span class='ocrx_word' id='word_1_163' title='bbox 449 1445 658 1523; x_wconf 68' lang='lat' dir='ltr'><strong>iiirschigio.8</strong></span> <span class='ocrx_word' id='word_1_164' title='bbox 672 1448 846 1528; x_wconf 75' lang='grc' dir='ltr'>δορυγορεῑδὲ</span> <span class='ocrx_word' id='word_1_165' title='bbox 930 1443 967 1514; x_wconf 83' lang='grc' dir='ltr'><strong>η’.</strong></span> <span class='ocrx_word' id='word_1_166' title='bbox 988 1431 1100 1504; x_wconf 86' lang='grc' dir='ltr'>Επει</span> <span class='ocrx_word' id='word_1_167' title='bbox 1081 1468 1117 1502; x_wconf 87' lang='grc' dir='ltr'>ων</span> <span class='ocrx_word' id='word_1_168' title='bbox 1133 1442 1308 1519; x_wconf 81' lang='grc' dir='ltr'>εὖθαιμοσύνα</span> <span class='ocrx_word' id='word_1_169' title='bbox 1333 1451 1427 1522; x_wconf 63' lang='lat' dir='ltr'><strong>spacia</strong></span> <span class='ocrx_word' id='word_1_170' title='bbox 1442 1445 1560 1522; x_wconf 78' lang='grc' dir='ltr'>αριτθς</span> <span class='ocrx_word' id='word_1_171' title='bbox 1551 1465 1579 1500; x_wconf 88' lang='grc' dir='ltr'><strong>εν</strong></span> <span class='ocrx_word' id='word_1_172' title='bbox 1597 1443 1671 1500; x_wconf 82' lang='grc' dir='ltr'>εὔτυ-</span> 
     </span>
     <span class='ocr_line' id='line_1_14' title="bbox 43 1530 1672 1641; baseline -0.002 -51"><span class='ocrx_word' id='word_1_173' title='bbox 43 1553 108 1590; x_wconf 89' lang='lat' dir='ltr'><strong>cum</strong></span> <span class='ocrx_word' id='word_1_174' title='bbox 128 1533 262 1594; x_wconf 83' lang='lat' dir='ltr'><strong>Haimio</strong></span> <span class='ocrx_word' id='word_1_175' title='bbox 284 1537 389 1614; x_wconf 82' lang='lat' dir='ltr'>scripsi</span> <span class='ocrx_word' id='word_1_176' title='bbox 406 1556 461 1614; x_wconf 83' lang='lat' dir='ltr'><strong>pro</strong></span> <span class='ocrx_word' id='word_1_177' title='bbox 475 1537 617 1594; x_wconf 81' lang='lat' dir='ltr'><strong>librorum</strong></span> <span class='ocrx_word' id='word_1_178' title='bbox 632 1537 756 1596; x_wconf 85' lang='lat' dir='ltr'><strong>lectione</strong></span> <span class='ocrx_word' id='word_1_179' title='bbox 769 1537 846 1615; x_wconf 87' lang='grc' dir='ltr'>δορυ</span> <span class='ocrx_word' id='word_1_180' title='bbox 889 1532 953 1614; x_wconf 84' lang='grc' dir='ltr'>χία,</span> <span class='ocrx_word' id='word_1_181' title='bbox 968 1533 1028 1611; x_wconf 85' lang='grc' dir='ltr'>περὶ</span> <span class='ocrx_word' id='word_1_182' title='bbox 1046 1534 1141 1641; x_wconf 71' lang='grc' dir='ltr'>ἀρετᾶς</span> <span class='ocrx_word' id='word_1_183' title='bbox 1162 1530 1207 1590; x_wconf 81' lang='grc' dir='ltr'>καὶ</span> <span class='ocrx_word' id='word_1_184' title='bbox 1230 1531 1352 1610; x_wconf 82' lang='grc' dir='ltr'>εὐτυχίας</span> <span class='ocrx_word' id='word_1_185' title='bbox 1369 1530 1500 1610; x_wconf 78' lang='grc' dir='ltr'>λίγωμες,</span> <span class='ocrx_word' id='word_1_186' title='bbox 1515 1531 1627 1589; x_wconf 80' lang='grc' dir='ltr'>καλπ”</span> <span class='ocrx_word' id='word_1_187' title='bbox 1596 1555 1672 1610; x_wconf 91' lang='grc' dir='ltr'>ρατον</span> 
     </span>
     <span class='ocr_line' id='line_1_15' title="bbox 44 1617 1673 1701; baseline -0.001 -23"><span class='ocrx_word' id='word_1_188' title='bbox 44 1624 178 1701; x_wconf 77' lang='grc' dir='ltr'>φορεῖται.</span> <span class='ocrx_word' id='word_1_189' title='bbox 195 1631 208 1659; x_wconf 74' lang='lat'><strong>⁰</strong></span> <span class='ocrx_word' id='word_1_190' title='bbox 224 1621 317 1682; x_wconf 81' lang='grc' dir='ltr'>τούτω</span> <span class='ocrx_word' id='word_1_191' title='bbox 331 1623 434 1698; x_wconf 80' lang='lat' dir='ltr'><strong>posui3</strong></span> <span class='ocrx_word' id='word_1_192' title='bbox 450 1621 522 1680; x_wconf 84' lang='lat' dir='ltr'><strong>libri</strong></span> <span class='ocrx_word' id='word_1_193' title='bbox 536 1622 667 1699; x_wconf 84' lang='grc' dir='ltr'>τούτων.)</span> <span class='ocrx_word' id='word_1_194' title='bbox 890 1623 950 1700; x_wconf 78' lang='grc' dir='ltr'>περὶ</span> <span class='ocrx_word' id='word_1_195' title='bbox 965 1620 1095 1700; x_wconf 82' lang='grc' dir='ltr'>εὐτυχίας.</span> <span class='ocrx_word' id='word_1_196' title='bbox 1117 1621 1177 1680; x_wconf 85' lang='grc' dir='ltr'>Τῶν</span> <span class='ocrx_word' id='word_1_197' title='bbox 1192 1617 1244 1700; x_wconf 85' lang='grc' dir='ltr'><strong>γάρ</strong></span> <span class='ocrx_word' id='word_1_198' title='bbox 1259 1621 1364 1698; x_wconf 89' lang='grc' dir='ltr'>ἀγαθῶν</span> <span class='ocrx_word' id='word_1_199' title='bbox 1376 1619 1392 1678; x_wconf 84' lang='lat'><strong>8</strong></span> <span class='ocrx_word' id='word_1_200' title='bbox 1404 1619 1511 1696; x_wconf 78' lang='grc' dir='ltr'>μὲνουνι</span> <span class='ocrx_word' id='word_1_201' title='bbox 1524 1619 1673 1698; x_wconf 80' lang='grc' dir='ltr'>ἐπιδέχεται</span> 
     </span>
    </p>

    <p class='ocr_par' dir='ltr' id='par_1_4' title="bbox 48 1697 1675 2925">
     <span class='ocr_line' id='line_1_16' title="bbox 89 1697 1672 1789; baseline -0.005 -19"><span class='ocrx_word' id='word_1_202' title='bbox 89 1708 128 1774; x_wconf 75' lang='grc' dir='ltr'><strong>ς’.</strong></span> <span class='ocrx_word' id='word_1_203' title='bbox 155 1709 217 1770; x_wconf 72' lang='grc' dir='ltr'>Καὶ</span> <span class='ocrx_word' id='word_1_204' title='bbox 236 1711 292 1768; x_wconf 83' lang='grc' dir='ltr'>θεῶ</span> <span class='ocrx_word' id='word_1_205' title='bbox 310 1707 357 1784; x_wconf 78' lang='grc' dir='ltr'>μὲν</span> <span class='ocrx_word' id='word_1_206' title='bbox 374 1710 548 1785; x_wconf 81' lang='grc' dir='ltr'>εὖθαιμοσῦνα</span> <span class='ocrx_word' id='word_1_207' title='bbox 560 1707 605 1769; x_wconf 78' lang='grc' dir='ltr'>νιαί</span> <span class='ocrx_word' id='word_1_208' title='bbox 618 1710 671 1789; x_wconf 86' lang='grc' dir='ltr'>βίος</span> <span class='ocrx_word' id='word_1_209' title='bbox 684 1709 847 1788; x_wconf 84' lang='grc' dir='ltr'>ἀριστος,τῶ</span> <span class='ocrx_word' id='word_1_210' title='bbox 891 1697 1118 1788; x_wconf 75' lang='grc' dir='ltr'>θπερὸολάν,οἷον</span> <span class='ocrx_word' id='word_1_211' title='bbox 1134 1709 1235 1788; x_wconf 82' lang='grc' dir='ltr'>ἀρεταί,</span> <span class='ocrx_word' id='word_1_212' title='bbox 1251 1709 1280 1766; x_wconf 84' lang='grc' dir='ltr'><strong>οὒ</strong></span> <span class='ocrx_word' id='word_1_213' title='bbox 1294 1705 1345 1784; x_wconf 89' lang='grc' dir='ltr'><strong>γάρ</strong></span> <span class='ocrx_word' id='word_1_214' title='bbox 1359 1707 1412 1764; x_wconf 75' lang='grc' dir='ltr'>ἀντι</span> <span class='ocrx_word' id='word_1_215' title='bbox 1427 1705 1622 1784; x_wconf 78' lang='grc' dir='ltr'>θπερὸοίλλοισά</span> <span class='ocrx_word' id='word_1_216' title='bbox 1634 1728 1672 1772; x_wconf 85' lang='grc' dir='ltr'><strong>τις</strong></span> 
     </span>
     <span class='ocr_line' id='line_1_17' title="bbox 48 1793 1670 1878; baseline 0 -26"><span class='ocrx_word' id='word_1_217' title='bbox 48 1797 71 1852; x_wconf 88' lang='grc' dir='ltr'><strong>δ’</strong></span> <span class='ocrx_word' id='word_1_218' title='bbox 86 1796 228 1874; x_wconf 81' lang='grc' dir='ltr'>ἀνθρώπω</span> <span class='ocrx_word' id='word_1_219' title='bbox 246 1795 277 1862; x_wconf 79' lang='grc' dir='ltr'><strong>ἐξ</strong></span> <span class='ocrx_word' id='word_1_220' title='bbox 294 1795 441 1870; x_wconf 79' lang='grc' dir='ltr'>ἐπεοτάμας</span> <span class='ocrx_word' id='word_1_221' title='bbox 455 1797 501 1854; x_wconf 81' lang='grc' dir='ltr'>καὶ</span> <span class='ocrx_word' id='word_1_222' title='bbox 516 1801 609 1875; x_wconf 75' lang='grc' dir='ltr'>ἀρετᾶς</span> <span class='ocrx_word' id='word_1_223' title='bbox 623 1797 667 1856; x_wconf 82' lang='grc' dir='ltr'><strong>καί</strong></span> <span class='ocrx_word' id='word_1_224' title='bbox 683 1798 762 1875; x_wconf 81' lang='grc' dir='ltr'>τρίτον</span> <span class='ocrx_word' id='word_1_225' title='bbox 777 1799 849 1860; x_wconf 83' lang='grc' dir='ltr'>εὖτιν·</span> <span class='ocrx_word' id='word_1_226' title='bbox 893 1799 989 1878; x_wconf 85' lang='grc' dir='ltr'>ἀρεταί,</span> <span class='ocrx_word' id='word_1_227' title='bbox 1008 1798 1054 1856; x_wconf 82' lang='grc' dir='ltr'>καὶ</span> <span class='ocrx_word' id='word_1_228' title='bbox 1069 1796 1284 1876; x_wconf 72' lang='grc' dir='ltr'>θπερὸαλλάντως</span> <span class='ocrx_word' id='word_1_229' title='bbox 1298 1816 1336 1860; x_wconf 87' lang='grc' dir='ltr'><strong>τις</strong></span> <span class='ocrx_word' id='word_1_230' title='bbox 1357 1794 1466 1871; x_wconf 85' lang='grc' dir='ltr'>ἀγαθός·</span> <span class='ocrx_word' id='word_1_231' title='bbox 1483 1796 1499 1853; x_wconf 86' lang='lat'><strong>8</strong></span> <span class='ocrx_word' id='word_1_232' title='bbox 1522 1793 1572 1873; x_wconf 83' lang='grc' dir='ltr'><strong>γάρ</strong></span> <span class='ocrx_word' id='word_1_233' title='bbox 1590 1795 1670 1874; x_wconf 84' lang='grc' dir='ltr'>ἀρετά</span> 
     </span>
     <span class='ocr_line' id='line_1_18' title="bbox 48 1880 1673 1992; baseline 0.001 -54"><span class='ocrx_word' id='word_1_234' title='bbox 48 1883 125 1992; x_wconf 48' lang='grc' dir='ltr'>χίας,</span> <span class='ocrx_word' id='word_1_235' title='bbox 133 1884 346 1960; x_wconf 82' lang='grc' dir='ltr'>σωματσυμένα</span> <span class='ocrx_word' id='word_1_236' title='bbox 376 1883 559 1964; x_wconf 86' lang='grc' dir='ltr'>παραγίνεται.</span> <span class='ocrx_word' id='word_1_237' title='bbox 601 1885 678 1965; x_wconf 79' lang='grc' dir='ltr'>Λέγω</span> <span class='ocrx_word' id='word_1_238' title='bbox 700 1887 726 1946; x_wconf 81' lang='grc' dir='ltr'><strong>δὲ</strong></span> <span class='ocrx_word' id='word_1_239' title='bbox 755 1887 847 1964; x_wconf 70' lang='grc' dir='ltr'>σοφίαν</span> <span class='ocrx_word' id='word_1_240' title='bbox 892 1886 1011 1962; x_wconf 79' lang='grc' dir='ltr'>στάθμαν</span> <span class='ocrx_word' id='word_1_241' title='bbox 1026 1883 1124 1962; x_wconf 81' lang='grc' dir='ltr'>ἔχειτὸ</span> <span class='ocrx_word' id='word_1_242' title='bbox 1140 1884 1213 1957; x_wconf 81' lang='grc' dir='ltr'>δέον,</span> <span class='ocrx_word' id='word_1_243' title='bbox 1228 1883 1273 1944; x_wconf 82' lang='grc' dir='ltr'><strong>καί</strong></span> <span class='ocrx_word' id='word_1_244' title='bbox 1288 1880 1602 1950; x_wconf 74' lang='grc' dir='ltr'>ἔντιτιῗιδίοντοςὲξιςέν</span> <span class='ocrx_word' id='word_1_245' title='bbox 1620 1891 1673 1947; x_wconf 84' lang='grc' dir='ltr'>τοῖς</span> 
     </span>
     <span class='ocr_line' id='line_1_19' title="bbox 51 1929 1674 2078; baseline 0 -50"><span class='ocrx_word' id='word_1_246' title='bbox 51 1970 126 2046; x_wconf 79' lang='grc' dir='ltr'>μὲν.</span> <span class='ocrx_word' id='word_1_247' title='bbox 113 1993 281 2046; x_wconf 79' lang='grc' dir='ltr'>πισταιεαν</span> <span class='ocrx_word' id='word_1_248' title='bbox 294 1995 345 2030; x_wconf 91' lang='grc' dir='ltr'><strong>των</strong></span> <span class='ocrx_word' id='word_1_249' title='bbox 359 1970 433 2030; x_wconf 87' lang='grc' dir='ltr'>θειων</span> <span class='ocrx_word' id='word_1_250' title='bbox 446 1971 491 2032; x_wconf 81' lang='grc' dir='ltr'>καλ</span> <span class='ocrx_word' id='word_1_251' title='bbox 509 1973 672 2078; x_wconf 79' lang='grc' dir='ltr'>δριμρνίων,</span> <span class='ocrx_word' id='word_1_252' title='bbox 685 1975 807 2054; x_wconf 78' lang='grc' dir='ltr'>φρόνασιν</span> <span class='ocrx_word' id='word_1_253' title='bbox 821 1977 848 2033; x_wconf 72' lang='grc' dir='ltr'><strong>δὲ</strong></span> <span class='ocrx_word' id='word_1_254' title='bbox 891 1981 1028 2052; x_wconf 69' lang='grc' dir='ltr'>πρακτοῖς·</span> <span class='ocrx_word' id='word_1_255' title='bbox 1044 1929 1220 2050; x_wconf 78' lang='grc' dir='ltr'>ἀδίιίτυγίά</span> <span class='ocrx_word' id='word_1_256' title='bbox 1237 1995 1282 2030; x_wconf 85' lang='grc' dir='ltr'><strong>και</strong></span> <span class='ocrx_word' id='word_1_257' title='bbox 1273 1971 1344 2029; x_wconf 84' lang='grc' dir='ltr'>τάν</span> <span class='ocrx_word' id='word_1_258' title='bbox 1358 1969 1536 2050; x_wconf 76' lang='grc' dir='ltr'>θπερὸολάν</span> <span class='ocrx_word' id='word_1_259' title='bbox 1524 1969 1674 2048; x_wconf 75' lang='grc' dir='ltr'>ειτιδίχετοιι</span> 
     </span>
     <span class='ocr_line' id='line_1_20' title="bbox 49 2056 1672 2140; baseline 0.001 -28"><span class='ocrx_word' id='word_1_260' title='bbox 49 2059 100 2114; x_wconf 87' lang='grc' dir='ltr'><strong>τῶν</strong></span> <span class='ocrx_word' id='word_1_261' title='bbox 131 2057 318 2134; x_wconf 85' lang='grc' dir='ltr'>ἀνθρωπίνων</span> <span class='ocrx_word' id='word_1_262' title='bbox 343 2057 388 2117; x_wconf 81' lang='grc' dir='ltr'><strong>καί</strong></span> <span class='ocrx_word' id='word_1_263' title='bbox 409 2063 460 2118; x_wconf 84' lang='grc' dir='ltr'><strong>τῶν</strong></span> <span class='ocrx_word' id='word_1_264' title='bbox 477 2058 537 2138; x_wconf 81' lang='grc' dir='ltr'>περὶ</span> <span class='ocrx_word' id='word_1_265' title='bbox 556 2058 601 2118; x_wconf 83' lang='grc' dir='ltr'><strong>τὸν</strong></span> <span class='ocrx_word' id='word_1_266' title='bbox 617 2060 682 2139; x_wconf 87' lang='grc' dir='ltr'>βίον</span> <span class='ocrx_word' id='word_1_267' title='bbox 724 2061 779 2128; x_wconf 69' lang='lat' dir='ltr'><strong>Tire</strong></span> <span class='ocrx_word' id='word_1_268' title='bbox 798 2063 849 2140; x_wconf 83' lang='grc' dir='ltr'><strong>γάρ</strong></span> <span class='ocrx_word' id='word_1_269' title='bbox 892 2083 936 2120; x_wconf 83' lang='grc' dir='ltr'><strong>και</strong></span> <span class='ocrx_word' id='word_1_270' title='bbox 949 2083 998 2116; x_wconf 89' lang='grc' dir='ltr'><strong>ταν</strong></span> <span class='ocrx_word' id='word_1_271' title='bbox 1010 2081 1131 2136; x_wconf 85' lang='grc' dir='ltr'>μνωσιν</span> <span class='ocrx_word' id='word_1_272' title='bbox 1140 2056 1337 2137; x_wconf 73' lang='grc' dir='ltr'>υττερθαλλσισα</span> <span class='ocrx_word' id='word_1_273' title='bbox 1350 2058 1376 2115; x_wconf 88' lang='grc' dir='ltr'>δε</span> <span class='ocrx_word' id='word_1_274' title='bbox 1391 2067 1469 2136; x_wconf 78' lang='grc' dir='ltr'>γεννᾶ</span> <span class='ocrx_word' id='word_1_275' title='bbox 1483 2081 1554 2123; x_wconf 84' lang='grc' dir='ltr'>τινας</span> <span class='ocrx_word' id='word_1_276' title='bbox 1569 2057 1672 2128; x_wconf 78' lang='grc' dir='ltr'>κακίας,</span> 
     </span>
     <span class='ocr_line' id='line_1_21' title="bbox 49 2139 1676 2256; baseline 0.002 -58"><span class='ocrx_word' id='word_1_277' title='bbox 49 2139 135 2248; x_wconf 76' lang='grc' dir='ltr'>λόγοις</span> <span class='ocrx_word' id='word_1_278' title='bbox 151 2141 203 2200; x_wconf 79' lang='grc' dir='ltr'>καί</span> <span class='ocrx_word' id='word_1_279' title='bbox 222 2141 388 2212; x_wconf 75' lang='grc' dir='ltr'>ἀποδείξεσιν</span> <span class='ocrx_word' id='word_1_280' title='bbox 401 2146 597 2256; x_wconf 79' lang='grc' dir='ltr'>ποτιγρωμὲγας</span> <span class='ocrx_word' id='word_1_281' title='bbox 611 2147 704 2225; x_wconf 80' lang='grc' dir='ltr'>ἀρετάς</span> <span class='ocrx_word' id='word_1_282' title='bbox 719 2148 774 2208; x_wconf 81' lang='grc' dir='ltr'>δέον</span> <span class='ocrx_word' id='word_1_283' title='bbox 787 2152 850 2207; x_wconf 79' lang='grc' dir='ltr'>ἐπι-</span> <span class='ocrx_word' id='word_1_284' title='bbox 892 2150 938 2208; x_wconf 81' lang='grc' dir='ltr'><strong>καί</strong></span> <span class='ocrx_word' id='word_1_285' title='bbox 957 2147 1109 2216; x_wconf 72' lang='grc' dir='ltr'>ἐξίστησι</span> <span class='ocrx_word' id='word_1_286' title='bbox 1086 2170 1131 2206; x_wconf 92' lang='grc' dir='ltr'><strong>τον</strong></span> <span class='ocrx_word' id='word_1_287' title='bbox 1150 2147 1312 2225; x_wconf 80' lang='grc' dir='ltr'>ἀνθρωπον’</span> <span class='ocrx_word' id='word_1_288' title='bbox 1301 2171 1330 2206; x_wconf 86' lang='grc' dir='ltr'>εκ</span> <span class='ocrx_word' id='word_1_289' title='bbox 1351 2155 1396 2214; x_wconf 78' lang='grc' dir='ltr'><strong>τᾶς</strong></span> <span class='ocrx_word' id='word_1_290' title='bbox 1420 2145 1535 2206; x_wconf 83' lang='grc' dir='ltr'>κατά’</span> <span class='ocrx_word' id='word_1_291' title='bbox 1504 2168 1607 2225; x_wconf 75' lang='grc' dir='ltr'>φυσιν·</span> <span class='ocrx_word' id='word_1_292' title='bbox 1596 2145 1676 2214; x_wconf 73' lang='grc' dir='ltr'>ἑἙιος,</span> 
     </span>
     <span class='ocr_line' id='line_1_22' title="bbox 51 2231 1676 2311; baseline 0.004 -27"><span class='ocrx_word' id='word_1_293' title='bbox 51 2229 374 2306; x_wconf 82' lang='grc' dir='ltr'>σιάιιαςποταγορειίεν·</span> <span class='ocrx_word' id='word_1_294' title='bbox 388 2231 748 2342; x_wconf 80' lang='grc' dir='ltr'>ἀρετάνδὲτάνήθικάνκαι</span> <span class='ocrx_word' id='word_1_295' title='bbox 738 2234 849 2311; x_wconf 85' lang='grc' dir='ltr'>βελτί·</span> <span class='ocrx_word' id='word_1_296' title='bbox 893 2236 947 2300; x_wconf 80' lang='grc' dir='ltr'><strong>ὥστ</strong></span> <span class='ocrx_word' id='word_1_297' title='bbox 949 2235 1100 2302; x_wconf 84' lang='grc' dir='ltr'>ιπολλάιιις</span> <span class='ocrx_word' id='word_1_298' title='bbox 1116 2235 1274 2294; x_wconf 77' lang='grc' dir='ltr'>ἀντιὸαίνειν</span> <span class='ocrx_word' id='word_1_299' title='bbox 1295 2235 1340 2292; x_wconf 81' lang='grc' dir='ltr'>καὶ</span> <span class='ocrx_word' id='word_1_300' title='bbox 1364 2259 1397 2292; x_wconf 89' lang='grc' dir='ltr'><strong>τα</strong></span> <span class='ocrx_word' id='word_1_301' title='bbox 1412 2257 1539 2292; x_wconf 87' lang='grc' dir='ltr'>συστασει</span> <span class='ocrx_word' id='word_1_302' title='bbox 1554 2257 1601 2298; x_wconf 90' lang='grc' dir='ltr'><strong>τα</strong></span> <span class='ocrx_word' id='word_1_303' title='bbox 1616 2237 1676 2310; x_wconf 85' lang='grc' dir='ltr'>ἀρε·</span> 
     </span>
     <span class='ocr_line' id='line_1_23' title="bbox 53 2315 1675 2399; baseline 0.004 -27"><span class='ocrx_word' id='word_1_304' title='bbox 53 2339 118 2373; x_wconf 85' lang='grc' dir='ltr'>σταν</span> <span class='ocrx_word' id='word_1_305' title='bbox 134 2315 248 2382; x_wconf 59' lang='lat' dir='ltr'><strong>Sita*</strong></span> <span class='ocrx_word' id='word_1_306' title='bbox 208 2341 252 2374; x_wconf 92' lang='grc' dir='ltr'><strong>τω</strong></span> <span class='ocrx_word' id='word_1_307' title='bbox 279 2319 418 2394; x_wconf 77' lang='grc' dir='ltr'>ἀλόγω’</span> <span class='ocrx_word' id='word_1_308' title='bbox 385 2343 475 2397; x_wconf 82' lang='grc' dir='ltr'>μερεος</span> <span class='ocrx_word' id='word_1_309' title='bbox 496 2328 542 2385; x_wconf 81' lang='grc' dir='ltr'><strong>τᾶς</strong></span> <span class='ocrx_word' id='word_1_310' title='bbox 558 2323 631 2399; x_wconf 80' lang='grc' dir='ltr'><strong>ψυ’“</strong></span> <span class='ocrx_word' id='word_1_311' title='bbox 615 2345 662 2392; x_wconf 89' lang='grc' dir='ltr'>ας,</span> <span class='ocrx_word' id='word_1_312' title='bbox 683 2325 741 2379; x_wconf 80' lang='grc' dir='ltr'>καθ’</span> <span class='ocrx_word' id='word_1_313' title='bbox 757 2322 788 2380; x_wconf 84' lang='grc' dir='ltr'>ἀν</span> <span class='ocrx_word' id='word_1_314' title='bbox 806 2323 850 2380; x_wconf 79' lang='grc' dir='ltr'>καὶ</span> <span class='ocrx_word' id='word_1_315' title='bbox 892 2333 950 2398; x_wconf 75' lang='grc' dir='ltr'><strong>τάς.</strong></span> <span class='ocrx_word' id='word_1_316' title='bbox 993 2323 1081 2383; x_wconf 81' lang='lat' dir='ltr'><strong>ilai</strong></span> <span class='ocrx_word' id='word_1_317' title='bbox 1056 2347 1084 2382; x_wconf 86' lang='grc' dir='ltr'><strong>οιι</strong></span> <span class='ocrx_word' id='word_1_318' title='bbox 1099 2319 1338 2399; x_wconf 79' lang='grc' dir='ltr'>μάνσνὰεὖτυχία,</span> <span class='ocrx_word' id='word_1_319' title='bbox 1353 2321 1420 2379; x_wconf 85' lang='lat'><strong>8888</strong></span> <span class='ocrx_word' id='word_1_320' title='bbox 1432 2319 1477 2378; x_wconf 82' lang='grc' dir='ltr'><strong>καί</strong></span> <span class='ocrx_word' id='word_1_321' title='bbox 1490 2319 1579 2398; x_wconf 82' lang='grc' dir='ltr'>ἀτεραι</span> <span class='ocrx_word' id='word_1_322' title='bbox 1592 2318 1675 2378; x_wconf 86' lang='grc' dir='ltr'>αιτίαι</span> 
     </span>
     <span class='ocr_line' id='line_1_24' title="bbox 54 2345 1674 2517; baseline 0.004 -60"><span class='ocrx_word' id='word_1_323' title='bbox 54 2402 124 2462; x_wconf 87' lang='grc' dir='ltr'>ποιοί</span> <span class='ocrx_word' id='word_1_324' title='bbox 138 2425 214 2469; x_wconf 84' lang='grc' dir='ltr'>τινες</span> <span class='ocrx_word' id='word_1_325' title='bbox 231 2395 303 2480; x_wconf 71' lang='grc' dir='ltr'>ἦμεν</span> <span class='ocrx_word' id='word_1_326' title='bbox 315 2407 444 2512; x_wconf 81' lang='grc' dir='ltr'>λεγόμεθα</span> <span class='ocrx_word' id='word_1_327' title='bbox 464 2405 532 2466; x_wconf 78' lang='grc' dir='ltr'>κατά</span> <span class='ocrx_word' id='word_1_328' title='bbox 548 2408 579 2467; x_wconf 87' lang='grc' dir='ltr'><strong>τὸ</strong></span> <span class='ocrx_word' id='word_1_329' title='bbox 593 2345 669 2482; x_wconf 68' lang='lat'><strong>8888,</strong></span> <span class='ocrx_word' id='word_1_330' title='bbox 682 2399 735 2466; x_wconf 79' lang='grc' dir='ltr'>οἷον</span> <span class='ocrx_word' id='word_1_331' title='bbox 750 2409 849 2468; x_wconf 77' lang='grc' dir='ltr'>ἐλευθέ-</span> <span class='ocrx_word' id='word_1_332' title='bbox 894 2410 1009 2478; x_wconf 80' lang='grc' dir='ltr'>πλέονες.</span> <span class='ocrx_word' id='word_1_333' title='bbox 1024 2425 1026 2432; x_wconf 90' lang='grc'><strong>“</strong></span> <span class='ocrx_word' id='word_1_334' title='bbox 1050 2409 1191 2468; x_wconf 78' lang='grc' dir='ltr'>Οὐδέποκα</span> <span class='ocrx_word' id='word_1_335' title='bbox 1204 2408 1256 2488; x_wconf 84' lang='grc' dir='ltr'><strong>γάρ</strong></span> <span class='ocrx_word' id='word_1_336' title='bbox 1268 2409 1306 2467; x_wconf 87' lang='grc' dir='ltr'><strong>δεῖ</strong></span> <span class='ocrx_word' id='word_1_337' title='bbox 1321 2407 1472 2483; x_wconf 84' lang='grc' dir='ltr'>θαυμαίνειν</span> <span class='ocrx_word' id='word_1_338' title='bbox 1488 2407 1547 2517; x_wconf 80' lang='grc' dir='ltr'>περὶ</span> <span class='ocrx_word' id='word_1_339' title='bbox 1559 2405 1606 2482; x_wconf 75' lang='grc' dir='ltr'>μὲν</span> <span class='ocrx_word' id='word_1_340' title='bbox 1621 2409 1674 2464; x_wconf 90' lang='lat'><strong>88-</strong></span> 
     </span>
     <span class='ocr_line' id='line_1_25' title="bbox 56 2488 1672 2575; baseline 0.003 -29"><span class='ocrx_word' id='word_1_341' title='bbox 56 2513 122 2565; x_wconf 90' lang='grc' dir='ltr'>ριοι,</span> <span class='ocrx_word' id='word_1_342' title='bbox 139 2491 247 2550; x_wconf 85' lang='grc' dir='ltr'>δίκαιοι</span> <span class='ocrx_word' id='word_1_343' title='bbox 267 2489 361 2549; x_wconf 73' lang='grc' dir='ltr'>καθ’</span> <span class='ocrx_word' id='word_1_344' title='bbox 328 2515 469 2574; x_wconf 80' lang='grc' dir='ltr'>σωρρονες·</span> <span class='ocrx_word' id='word_1_345' title='bbox 483 2493 605 2574; x_wconf 69' lang='grc' dir='ltr'>εὐτυχίαν</span> <span class='ocrx_word' id='word_1_346' title='bbox 621 2495 648 2554; x_wconf 81' lang='grc' dir='ltr'><strong>δὲ</strong></span> <span class='ocrx_word' id='word_1_347' title='bbox 663 2495 849 2575; x_wconf 82' lang='grc' dir='ltr'>τάνπαράτὸν</span> <span class='ocrx_word' id='word_1_348' title='bbox 893 2488 1047 2558; x_wconf 83' lang='grc' dir='ltr'>λατινιθιν</span> <span class='ocrx_word' id='word_1_349' title='bbox 1030 2498 1184 2571; x_wconf 82' lang='grc' dir='ltr'>ημέντινας</span> <span class='ocrx_word' id='word_1_350' title='bbox 1209 2496 1350 2565; x_wconf 84' lang='grc' dir='ltr'>ἀλαζόνας,</span> <span class='ocrx_word' id='word_1_351' title='bbox 1376 2491 1401 2552; x_wconf 81' lang='grc' dir='ltr'><strong>οἳ</strong></span> <span class='ocrx_word' id='word_1_352' title='bbox 1419 2493 1452 2551; x_wconf 85' lang='grc' dir='ltr'>τά</span> <span class='ocrx_word' id='word_1_353' title='bbox 1470 2516 1521 2552; x_wconf 89' lang='grc' dir='ltr'><strong>ποτ</strong></span> <span class='ocrx_word' id='word_1_354' title='bbox 1521 2489 1672 2552; x_wconf 83' lang='grc' dir='ltr'>’ἀλάθειάν</span> 
     </span>
     <span class='ocr_line' id='line_1_26' title="bbox 55 2576 1673 2692; baseline 0.001 -57"><span class='ocrx_word' id='word_1_355' title='bbox 55 2576 185 2651; x_wconf 78' lang='grc' dir='ltr'>λάγσν”</span> <span class='ocrx_word' id='word_1_356' title='bbox 147 2602 203 2637; x_wconf 89' lang='grc' dir='ltr'><strong>των</strong></span> <span class='ocrx_word' id='word_1_357' title='bbox 222 2581 333 2687; x_wconf 85' lang='grc' dir='ltr'>ἀγαθῶν</span> <span class='ocrx_word' id='word_1_358' title='bbox 347 2579 508 2660; x_wconf 87' lang='grc' dir='ltr'>παρουσίαν,</span> <span class='ocrx_word' id='word_1_359' title='bbox 525 2604 570 2639; x_wconf 82' lang='grc' dir='ltr'><strong>ναι</strong></span> <span class='ocrx_word' id='word_1_360' title='bbox 559 2581 652 2656; x_wconf 53' lang='lat' dir='ltr'><strong>&#39;W</strong></span> <span class='ocrx_word' id='word_1_361' title='bbox 638 2584 670 2640; x_wconf 83' lang='grc' dir='ltr'><strong>αι’</strong></span> <span class='ocrx_word' id='word_1_362' title='bbox 687 2583 762 2643; x_wconf 80' lang='grc' dir='ltr'>αὐτὸν</span> <span class='ocrx_word' id='word_1_363' title='bbox 781 2608 849 2662; x_wconf 86' lang='grc' dir='ltr'>γινο·</span> <span class='ocrx_word' id='word_1_364' title='bbox 894 2585 1016 2648; x_wconf 79' lang='grc' dir='ltr'>ἒάσιιντες</span> <span class='ocrx_word' id='word_1_365' title='bbox 1029 2584 1162 2692; x_wconf 72' lang='grc' dir='ltr'>ραντασίρ</span> <span class='ocrx_word' id='word_1_366' title='bbox 1176 2583 1226 2642; x_wconf 84' lang='grc' dir='ltr'>τινί</span> <span class='ocrx_word' id='word_1_367' title='bbox 1235 2579 1367 2661; x_wconf 79' lang='grc' dir='ltr'>ψιυοει</span> <span class='ocrx_word' id='word_1_368' title='bbox 1339 2605 1389 2648; x_wconf 86' lang='grc' dir='ltr'><strong>τως</strong></span> <span class='ocrx_word' id='word_1_369' title='bbox 1404 2579 1517 2656; x_wconf 61' lang='lat' dir='ltr'><strong>apuleo&lt;</strong></span> <span class='ocrx_word' id='word_1_370' title='bbox 1532 2581 1673 2659; x_wconf 57' lang='grc' dir='ltr'>αἱρίοντϋ,</span> 
     </span>
     <span class='ocr_line' id='line_1_27' title="bbox 57 2655 1673 2778; baseline 0.002 -58"><span class='ocrx_word' id='word_1_371' title='bbox 57 2663 149 2737; x_wconf 82' lang='grc' dir='ltr'>μένον</span> <span class='ocrx_word' id='word_1_372' title='bbox 195 2667 282 2726; x_wconf 84' lang='grc' dir='ltr'>Επει</span> <span class='ocrx_word' id='word_1_373' title='bbox 294 2655 420 2743; x_wconf 66' lang='lat' dir='ltr'><strong>uvolpia</strong></span> <span class='ocrx_word' id='word_1_374' title='bbox 429 2667 509 2747; x_wconf 87' lang='grc' dir='ltr'>ἀρετα</span> <span class='ocrx_word' id='word_1_375' title='bbox 524 2692 568 2726; x_wconf 90' lang='grc' dir='ltr'><strong>και</strong></span> <span class='ocrx_word' id='word_1_376' title='bbox 559 2669 711 2748; x_wconf 79' lang='grc' dir='ltr'>ἐπιαταρια</span> <span class='ocrx_word' id='word_1_377' title='bbox 726 2669 766 2748; x_wconf 81' lang='grc' dir='ltr'><strong>ἐρ’</strong></span> <span class='ocrx_word' id='word_1_378' title='bbox 778 2671 850 2748; x_wconf 76' lang='grc' dir='ltr'>ἁμῖν,</span> <span class='ocrx_word' id='word_1_379' title='bbox 893 2694 942 2750; x_wconf 88' lang='grc' dir='ltr'>περ</span> <span class='ocrx_word' id='word_1_380' title='bbox 943 2670 1040 2728; x_wconf 87' lang='grc' dir='ltr'>δε</span> <span class='ocrx_word' id='word_1_381' title='bbox 1014 2693 1061 2730; x_wconf 87' lang='grc' dir='ltr'><strong>ταν</strong></span> <span class='ocrx_word' id='word_1_382' title='bbox 1077 2670 1174 2778; x_wconf 55' lang='lat' dir='ltr'><strong>eperia</strong></span> <span class='ocrx_word' id='word_1_383' title='bbox 1193 2669 1230 2747; x_wconf 79' lang='grc' dir='ltr'><strong>μὴ</strong></span> <span class='ocrx_word' id='word_1_384' title='bbox 1253 2661 1320 2745; x_wconf 73' lang='grc' dir='ltr'>ἧμιν</span> <span class='ocrx_word' id='word_1_385' title='bbox 1334 2668 1364 2727; x_wconf 89' lang='grc' dir='ltr'><strong>τδ</strong></span> <span class='ocrx_word' id='word_1_386' title='bbox 1376 2691 1492 2728; x_wconf 85' lang='grc' dir='ltr'>τοιουτον</span> <span class='ocrx_word' id='word_1_387' title='bbox 1506 2689 1596 2746; x_wconf 84' lang='grc' dir='ltr'>γενος,</span> <span class='ocrx_word' id='word_1_388' title='bbox 1614 2667 1673 2725; x_wconf 84' lang='grc' dir='ltr'>ἀλλ’</span> 
     </span>
     <span class='ocr_line' id='line_1_28' title="bbox 61 2751 1677 2868; baseline 0.004 -62"><span class='ocrx_word' id='word_1_389' title='bbox 61 2751 78 2806; x_wconf 80' lang='grc' dir='ltr'>δ</span> <span class='ocrx_word' id='word_1_390' title='bbox 92 2751 150 2808; x_wconf 88' lang='grc' dir='ltr'>δ</span> <span class='ocrx_word' id='word_1_391' title='bbox 125 2753 245 2833; x_wconf 85' lang='grc' dir='ltr'>ευτυχίσι</span> <span class='ocrx_word' id='word_1_392' title='bbox 262 2757 309 2813; x_wconf 83' lang='grc' dir='ltr'><strong>οὐκ</strong></span> <span class='ocrx_word' id='word_1_393' title='bbox 320 2754 389 2834; x_wconf 62' lang='grc' dir='ltr'><strong>ἐρ’ε</strong></span> <span class='ocrx_word' id='word_1_394' title='bbox 376 2757 453 2830; x_wconf 85' lang='grc' dir='ltr'>αμῒν·</span> <span class='ocrx_word' id='word_1_395' title='bbox 463 2757 490 2814; x_wconf 79' lang='grc' dir='ltr'>ἐν</span> <span class='ocrx_word' id='word_1_396' title='bbox 504 2753 532 2815; x_wconf 75' lang='grc' dir='ltr'><strong>δὲ</strong></span> <span class='ocrx_word' id='word_1_397' title='bbox 549 2760 599 2814; x_wconf 90' lang='grc' dir='ltr'>θεω</span> <span class='ocrx_word' id='word_1_398' title='bbox 600 2755 718 2835; x_wconf 85' lang='grc' dir='ltr'>ρίαις</span> <span class='ocrx_word' id='word_1_399' title='bbox 678 2780 723 2816; x_wconf 88' lang='grc' dir='ltr'>ιιαι</span> <span class='ocrx_word' id='word_1_400' title='bbox 741 2757 850 2868; x_wconf 80' lang='grc' dir='ltr'>πράξεσι</span> <span class='ocrx_word' id='word_1_401' title='bbox 894 2753 956 2837; x_wconf 78' lang='grc' dir='ltr'><strong>ὅσῳ</strong></span> <span class='ocrx_word' id='word_1_402' title='bbox 962 2781 1012 2838; x_wconf 88' lang='grc' dir='ltr'>περ</span> <span class='ocrx_word' id='word_1_403' title='bbox 1035 2757 1188 2837; x_wconf 80' lang='grc' dir='ltr'>σεμνότερόν</span> <span class='ocrx_word' id='word_1_404' title='bbox 1204 2759 1272 2828; x_wconf 76' lang='grc' dir='ltr'>ἐντι,</span> <span class='ocrx_word' id='word_1_405' title='bbox 1284 2755 1399 2836; x_wconf 77' lang='grc' dir='ltr'>τοσούτῳ</span> <span class='ocrx_word' id='word_1_406' title='bbox 1416 2753 1502 2812; x_wconf 80' lang='grc' dir='ltr'><strong>καί</strong></span> <span class='ocrx_word' id='word_1_407' title='bbox 1478 2775 1509 2812; x_wconf 92' lang='grc' dir='ltr'><strong>το</strong></span> <span class='ocrx_word' id='word_1_408' title='bbox 1529 2752 1677 2813; x_wconf 84' lang='grc' dir='ltr'>ποτιποιοιί-</span> 
     </span>
     <span class='ocr_line' id='line_1_29' title="bbox 60 2837 1671 2925; baseline 0.002 -29"><span class='ocrx_word' id='word_1_409' title='bbox 60 2842 113 2896; x_wconf 83' lang='grc' dir='ltr'><strong>τῶν</strong></span> <span class='ocrx_word' id='word_1_410' title='bbox 126 2841 271 2900; x_wconf 77' lang='grc' dir='ltr'>καλῶν</span> <span class='ocrx_word' id='word_1_411' title='bbox 246 2865 277 2900; x_wconf 92' lang='grc' dir='ltr'><strong>το</strong></span> <span class='ocrx_word' id='word_1_412' title='bbox 292 2841 461 2920; x_wconf 83' lang='grc' dir='ltr'>εὐδαιμονίν,</span> <span class='ocrx_word' id='word_1_413' title='bbox 477 2845 504 2902; x_wconf 89' lang='lat'><strong>88</strong></span> <span class='ocrx_word' id='word_1_414' title='bbox 518 2843 545 2902; x_wconf 88' lang='lat'><strong>88</strong></span> <span class='ocrx_word' id='word_1_415' title='bbox 560 2842 664 2922; x_wconf 80' lang='grc' dir='ltr'>θεωρίαι</span> <span class='ocrx_word' id='word_1_416' title='bbox 677 2845 723 2903; x_wconf 82' lang='grc' dir='ltr'>καὶ</span> <span class='ocrx_word' id='word_1_417' title='bbox 741 2849 769 2902; x_wconf 88' lang='grc' dir='ltr'><strong>αί</strong></span> <span class='ocrx_word' id='word_1_418' title='bbox 782 2848 849 2925; x_wconf 89' lang='grc' dir='ltr'><strong>πρά</strong></span> <span class='ocrx_word' id='word_1_419' title='bbox 896 2867 973 2921; x_wconf 82' lang='grc' dir='ltr'>μενον</span> <span class='ocrx_word' id='word_1_420' title='bbox 987 2845 1047 2924; x_wconf 74' lang='lat' dir='ltr'><strong>aspi</strong></span> <span class='ocrx_word' id='word_1_421' title='bbox 1063 2845 1145 2904; x_wconf 78' lang='grc' dir='ltr'>αάτάν</span> <span class='ocrx_word' id='word_1_422' title='bbox 1159 2843 1238 2906; x_wconf 74' lang='grc' dir='ltr'>πλέον</span> <span class='ocrx_word' id='word_1_423' title='bbox 1252 2837 1363 2920; x_wconf 56' lang='grc' dir='ltr'>ἦσαν’</span> <span class='ocrx_word' id='word_1_424' title='bbox 1332 2865 1415 2924; x_wconf 82' lang='grc' dir='ltr'>γενος.</span> <span class='ocrx_word' id='word_1_425' title='bbox 1444 2840 1587 2904; x_wconf 82' lang='grc' dir='ltr'>Πολλά’</span> <span class='ocrx_word' id='word_1_426' title='bbox 1553 2863 1605 2920; x_wconf 82' lang='grc' dir='ltr'><strong>γαρ</strong></span> <span class='ocrx_word' id='word_1_427' title='bbox 1619 2843 1671 2901; x_wconf 73' lang='grc' dir='ltr'>ἕντι</span> 
     </span>
    </p>
   </div>
   <div class='ocr_carea' id='block_1_3' title="bbox 64 3032 1685 5195">
    <p class='ocr_par' dir='ltr' id='par_1_5' title="bbox 64 3032 1685 5195">
     <span class='ocr_line' id='line_1_30' title="bbox 64 3032 1674 3102; baseline 0.001 -22"><span class='ocrx_word' id='word_1_428' title='bbox 64 3032 206 3092; x_wconf 83' lang='lat' dir='ltr'><strong>quidemst</strong></span> <span class='ocrx_word' id='word_1_429' title='bbox 221 3036 297 3097; x_wconf 73' lang='lat' dir='ltr'><strong>gioria</strong></span> <span class='ocrx_word' id='word_1_430' title='bbox 313 3041 338 3085; x_wconf 92' lang='lat' dir='ltr'><strong>et</strong></span> <span class='ocrx_word' id='word_1_431' title='bbox 354 3035 445 3085; x_wconf 78' lang='lat' dir='ltr'><strong>divitia</strong></span> <span class='ocrx_word' id='word_1_432' title='bbox 465 3036 558 3099; x_wconf 78' lang='lat' dir='ltr'><strong>corpori</strong></span> <span class='ocrx_word' id='word_1_433' title='bbox 568 3040 644 3098; x_wconf 85' lang='lat' dir='ltr'><strong>atquc</strong></span> <span class='ocrx_word' id='word_1_434' title='bbox 656 3038 852 3097; x_wconf 83' lang='lat' dir='ltr'><strong>animo,sanitas</strong></span> <span class='ocrx_word' id='word_1_435' title='bbox 895 3051 951 3099; x_wconf 88' lang='lat' dir='ltr'><strong>nes,</strong></span> <span class='ocrx_word' id='word_1_436' title='bbox 964 3039 989 3088; x_wconf 87' lang='lat' dir='ltr'><strong>in</strong></span> <span class='ocrx_word' id='word_1_437' title='bbox 1005 3039 1173 3102; x_wconf 68' lang='lat' dir='ltr'>asperitatibus</span> <span class='ocrx_word' id='word_1_438' title='bbox 1190 3051 1270 3088; x_wconf 87' lang='lat' dir='ltr'><strong>rerum</strong></span> <span class='ocrx_word' id='word_1_439' title='bbox 1285 3037 1444 3088; x_wconf 85' lang='lat' dir='ltr'><strong>ministerium</strong></span> <span class='ocrx_word' id='word_1_440' title='bbox 1460 3037 1486 3085; x_wconf 92' lang='lat' dir='ltr'><strong>et</strong></span> <span class='ocrx_word' id='word_1_441' title='bbox 1496 3035 1674 3092; x_wconf 80' lang='lat' dir='ltr'><strong>necessilatem,</strong></span> 
     </span>
     <span class='ocr_line' id='line_1_31' title="bbox 65 3122 1677 3186; baseline 0.003 -21"><span class='ocrx_word' id='word_1_442' title='bbox 65 3130 123 3168; x_wconf 81' lang='lat' dir='ltr'><strong>reno</strong></span> <span class='ocrx_word' id='word_1_443' title='bbox 140 3126 167 3172; x_wconf 89' lang='lat' dir='ltr'><strong>et</strong></span> <span class='ocrx_word' id='word_1_444' title='bbox 183 3122 263 3172; x_wconf 89' lang='lat' dir='ltr'><strong>robur</strong></span> <span class='ocrx_word' id='word_1_445' title='bbox 280 3127 306 3172; x_wconf 91' lang='lat' dir='ltr'><strong>et</strong></span> <span class='ocrx_word' id='word_1_446' title='bbox 325 3136 440 3172; x_wconf 77' lang='lat' dir='ltr'><strong>smsuum</strong></span> <span class='ocrx_word' id='word_1_447' title='bbox 461 3124 584 3184; x_wconf 71' lang='lat' dir='ltr'><strong>integritas</strong></span> <span class='ocrx_word' id='word_1_448' title='bbox 604 3124 705 3173; x_wconf 84' lang='lat' dir='ltr'><strong>animo:</strong></span> <span class='ocrx_word' id='word_1_449' title='bbox 727 3125 851 3186; x_wconf 86' lang='lat' dir='ltr'><strong>prudentia</strong></span> <span class='ocrx_word' id='word_1_450' title='bbox 896 3127 920 3175; x_wconf 95' lang='lat' dir='ltr'><strong>in</strong></span> <span class='ocrx_word' id='word_1_451' title='bbox 935 3139 1048 3176; x_wconf 86' lang='lat' dir='ltr'><strong>successu</strong></span> <span class='ocrx_word' id='word_1_452' title='bbox 1068 3125 1249 3176; x_wconf 68' lang='lat' dir='ltr'><strong>delectationem</strong></span> <span class='ocrx_word' id='word_1_453' title='bbox 1266 3128 1291 3175; x_wconf 90' lang='lat' dir='ltr'><strong>et</strong></span> <span class='ocrx_word' id='word_1_454' title='bbox 1310 3125 1448 3175; x_wconf 74' lang='lat' dir='ltr'><strong>felicu&#39;iatem</strong></span> <span class='ocrx_word' id='word_1_455' title='bbox 1465 3124 1583 3181; x_wconf 84' lang='lat' dir='ltr'><strong>afferant,</strong></span> <span class='ocrx_word' id='word_1_456' title='bbox 1600 3133 1677 3183; x_wconf 86' lang='lat' dir='ltr'><strong>eaque</strong></span> 
     </span>
     <span class='ocr_line' id='line_1_32' title="bbox 67 3209 1674 3276; baseline 0.002 -22"><span class='ocrx_word' id='word_1_457' title='bbox 67 3209 150 3256; x_wconf 88' lang='lat' dir='ltr'><strong>autern</strong></span> <span class='ocrx_word' id='word_1_458' title='bbox 168 3213 196 3260; x_wconf 78' lang='lat' dir='ltr'><strong>at</strong></span> <span class='ocrx_word' id='word_1_459' title='bbox 213 3210 331 3260; x_wconf 84' lang='lat' dir='ltr'><strong>fortitudo</strong></span> <span class='ocrx_word' id='word_1_460' title='bbox 351 3213 375 3260; x_wconf 84' lang='lat' dir='ltr'><strong>et</strong></span> <span class='ocrx_word' id='word_1_461' title='bbox 390 3211 545 3273; x_wconf 74' lang='lat' dir='ltr'><strong>temperantis</strong></span> <span class='ocrx_word' id='word_1_462' title='bbox 560 3217 585 3261; x_wconf 90' lang='lat' dir='ltr'><strong>et</strong></span> <span class='ocrx_word' id='word_1_463' title='bbox 600 3211 692 3273; x_wconf 73' lang='lat' dir='ltr'><strong>iustitia</strong></span> <span class='ocrx_word' id='word_1_464' title='bbox 708 3211 853 3274; x_wconf 87' lang='lat' dir='ltr'><strong>intellectui,</strong></span> <span class='ocrx_word' id='word_1_465' title='bbox 897 3214 922 3263; x_wconf 90' lang='lat' dir='ltr'><strong>in</strong></span> <span class='ocrx_word' id='word_1_466' title='bbox 935 3227 1046 3276; x_wconf 83' lang='lat' dir='ltr'><strong>prospera</strong></span> <span class='ocrx_word' id='word_1_467' title='bbox 1056 3215 1149 3263; x_wconf 76' lang='lat' dir='ltr'><strong>fortiam</strong></span> <span class='ocrx_word' id='word_1_468' title='bbox 1162 3213 1221 3263; x_wconf 86' lang='lat' dir='ltr'><strong>fiant</strong></span> <span class='ocrx_word' id='word_1_469' title='bbox 1232 3234 1238 3263; x_wconf 74' lang='grc' dir='ltr'>ι</span> <span class='ocrx_word' id='word_1_470' title='bbox 1251 3215 1317 3274; x_wconf 78' lang='grc' dir='ltr'>ροισι</span> <span class='ocrx_word' id='word_1_471' title='bbox 1327 3213 1385 3261; x_wconf 87' lang='lat' dir='ltr'><strong>nibil</strong></span> <span class='ocrx_word' id='word_1_472' title='bbox 1394 3212 1515 3261; x_wconf 78' lang='lat' dir='ltr'><strong>aliudesse</strong></span> <span class='ocrx_word' id='word_1_473' title='bbox 1527 3209 1674 3270; x_wconf 72' lang='lat' dir='ltr'><strong>felicitatem,</strong></span> 
     </span>
     <span class='ocr_line' id='line_1_33' title="bbox 69 3293 1410 3363; baseline 0.004 -23"><span class='ocrx_word' id='word_1_474' title='bbox 69 3293 209 3346; x_wconf 86' lang='lat' dir='ltr'><strong>intellectus</strong></span> <span class='ocrx_word' id='word_1_475' title='bbox 233 3299 316 3346; x_wconf 89' lang='lat' dir='ltr'><strong>aulem</strong></span> <span class='ocrx_word' id='word_1_476' title='bbox 330 3297 376 3348; x_wconf 89' lang='lat' dir='ltr'><strong>deo</strong></span> <span class='ocrx_word' id='word_1_477' title='bbox 397 3297 453 3359; x_wconf 87' lang='lat' dir='ltr'><strong>ipsi.</strong></span> <span class='ocrx_word' id='word_1_478' title='bbox 486 3299 531 3348; x_wconf 86' lang='lat' dir='ltr'><strong>iiic</strong></span> <span class='ocrx_word' id='word_1_479' title='bbox 545 3298 608 3348; x_wconf 88' lang='lat' dir='ltr'><strong>enim</strong></span> <span class='ocrx_word' id='word_1_480' title='bbox 626 3311 753 3361; x_wconf 85' lang='lat' dir='ltr'><strong>supremus</strong></span> <span class='ocrx_word' id='word_1_481' title='bbox 773 3304 809 3349; x_wconf 93' lang='lat' dir='ltr'><strong>est</strong></span> <span class='ocrx_word' id='word_1_482' title='bbox 829 3305 854 3349; x_wconf 89' lang='lat' dir='ltr'><strong>et</strong></span> <span class='ocrx_word' id='word_1_483' title='bbox 898 3313 1054 3363; x_wconf 85' lang='lat' dir='ltr'><strong>quamosum</strong></span> <span class='ocrx_word' id='word_1_484' title='bbox 1066 3301 1162 3349; x_wconf 74' lang='lat' dir='ltr'><strong>eiramis</strong></span> <span class='ocrx_word' id='word_1_485' title='bbox 1174 3301 1197 3348; x_wconf 90' lang='lat' dir='ltr'><strong>in</strong></span> <span class='ocrx_word' id='word_1_486' title='bbox 1212 3300 1281 3349; x_wconf 89' lang='lat' dir='ltr'><strong>rebus</strong></span> <span class='ocrx_word' id='word_1_487' title='bbox 1290 3299 1410 3348; x_wconf 87' lang='lat' dir='ltr'><strong>secundis.</strong></span> 
     </span>
     <span class='ocr_line' id='line_1_34' title="bbox 71 3381 1673 3456; baseline 0 -26"><span class='ocrx_word' id='word_1_488' title='bbox 71 3381 233 3445; x_wconf 74' lang='lat' dir='ltr'><strong>gubernator,</strong></span> <span class='ocrx_word' id='word_1_489' title='bbox 243 3385 342 3447; x_wconf 84' lang='lat' dir='ltr'><strong>ejusque</strong></span> <span class='ocrx_word' id='word_1_490' title='bbox 352 3399 424 3434; x_wconf 75' lang='lat' dir='ltr'><strong>musa</strong></span> <span class='ocrx_word' id='word_1_491' title='bbox 440 3386 600 3435; x_wconf 80' lang='lat' dir='ltr'><strong>conterebam</strong></span> <span class='ocrx_word' id='word_1_492' title='bbox 616 3391 703 3448; x_wconf 74' lang='lat' dir='ltr'><strong>praesto</strong></span> <span class='ocrx_word' id='word_1_493' title='bbox 716 3399 853 3449; x_wconf 85' lang='lat' dir='ltr'><strong>esseopor·</strong></span> <span class='ocrx_word' id='word_1_494' title='bbox 930 3391 984 3438; x_wconf 86' lang='lat' dir='ltr'><strong>vii.</strong></span> <span class='ocrx_word' id='word_1_495' title='bbox 1003 3391 1083 3437; x_wconf 81' lang='lat' dir='ltr'><strong>linum</strong></span> <span class='ocrx_word' id='word_1_496' title='bbox 1101 3389 1138 3437; x_wconf 81' lang='lat' dir='ltr'><strong>sir</strong></span> <span class='ocrx_word' id='word_1_497' title='bbox 1159 3388 1194 3435; x_wconf 91' lang='lat' dir='ltr'><strong>sic</strong></span> <span class='ocrx_word' id='word_1_498' title='bbox 1213 3387 1314 3456; x_wconf 81' lang='lat' dir='ltr'><strong>aflectus</strong></span> <span class='ocrx_word' id='word_1_499' title='bbox 1330 3387 1366 3435; x_wconf 84' lang='lat' dir='ltr'><strong>est</strong></span> <span class='ocrx_word' id='word_1_500' title='bbox 1381 3399 1437 3444; x_wconf 74' lang='lat' dir='ltr'><strong>erga</strong></span> <span class='ocrx_word' id='word_1_501' title='bbox 1452 3385 1570 3434; x_wconf 86' lang='lat' dir='ltr'><strong>fortunam</strong></span> <span class='ocrx_word' id='word_1_502' title='bbox 1588 3395 1673 3433; x_wconf 78' lang='lat' dir='ltr'><strong>secran-</strong></span> 
     </span>
     <span class='ocr_line' id='line_1_35' title="bbox 72 3470 1675 3536; baseline 0 -20"><span class='ocrx_word' id='word_1_503' title='bbox 72 3470 116 3517; x_wconf 87' lang='lat' dir='ltr'><strong>iet.</strong></span> <span class='ocrx_word' id='word_1_504' title='bbox 150 3472 281 3521; x_wconf 79' lang='lat' dir='ltr'><strong>Exercitui</strong></span> <span class='ocrx_word' id='word_1_505' title='bbox 295 3473 359 3520; x_wconf 88' lang='lat' dir='ltr'><strong>enim</strong></span> <span class='ocrx_word' id='word_1_506' title='bbox 379 3475 467 3535; x_wconf 79' lang='lat' dir='ltr'><strong>praeest</strong></span> <span class='ocrx_word' id='word_1_507' title='bbox 486 3473 623 3534; x_wconf 87' lang='lat' dir='ltr'><strong>imperator,</strong></span> <span class='ocrx_word' id='word_1_508' title='bbox 637 3474 716 3522; x_wconf 73' lang='lat' dir='ltr'><strong>naualia</strong></span> <span class='ocrx_word' id='word_1_509' title='bbox 740 3475 855 3536; x_wconf 59' lang='lat' dir='ltr'><strong>guberna*</strong></span> <span class='ocrx_word' id='word_1_510' title='bbox 898 3475 1010 3534; x_wconf 86' lang='lat' dir='ltr'><strong>dam,ut</strong></span> <span class='ocrx_word' id='word_1_511' title='bbox 1019 3475 1039 3522; x_wconf 83' lang='lat' dir='ltr'><strong>is</strong></span> <span class='ocrx_word' id='word_1_512' title='bbox 1050 3475 1092 3535; x_wconf 85' lang='lat' dir='ltr'><strong>qui</strong></span> <span class='ocrx_word' id='word_1_513' title='bbox 1113 3473 1205 3532; x_wconf 70' lang='lat' dir='ltr'><strong>integro</strong></span> <span class='ocrx_word' id='word_1_514' title='bbox 1220 3475 1256 3521; x_wconf 88' lang='lat' dir='ltr'><strong>eat</strong></span> <span class='ocrx_word' id='word_1_515' title='bbox 1267 3485 1367 3534; x_wconf 87' lang='lat' dir='ltr'><strong>corpore</strong></span> <span class='ocrx_word' id='word_1_516' title='bbox 1377 3475 1401 3521; x_wconf 89' lang='lat' dir='ltr'><strong>st</strong></span> <span class='ocrx_word' id='word_1_517' title='bbox 1412 3471 1506 3520; x_wconf 85' lang='lat' dir='ltr'><strong>viribus</strong></span> <span class='ocrx_word' id='word_1_518' title='bbox 1516 3471 1597 3533; x_wconf 87' lang='lat' dir='ltr'><strong>pollet.</strong></span> <span class='ocrx_word' id='word_1_519' title='bbox 1630 3474 1675 3518; x_wconf 86' lang='lat' dir='ltr'><strong>&#39;fa-</strong></span> 
     </span>
     <span class='ocr_line' id='line_1_36' title="bbox 73 3557 1675 3623; baseline 0.001 -21"><span class='ocrx_word' id='word_1_520' title='bbox 73 3558 120 3615; x_wconf 83' lang='lat' dir='ltr'><strong>ior,</strong></span> <span class='ocrx_word' id='word_1_521' title='bbox 130 3558 229 3608; x_wconf 84' lang='lat' dir='ltr'><strong>mundo</strong></span> <span class='ocrx_word' id='word_1_522' title='bbox 243 3563 325 3608; x_wconf 83' lang='lat' dir='ltr'><strong>autem</strong></span> <span class='ocrx_word' id='word_1_523' title='bbox 336 3560 414 3620; x_wconf 87' lang='lat' dir='ltr'><strong>deus,</strong></span> <span class='ocrx_word' id='word_1_524' title='bbox 426 3561 515 3610; x_wconf 73' lang='lat' dir='ltr'><strong>aninrar</strong></span> <span class='ocrx_word' id='word_1_525' title='bbox 525 3575 581 3610; x_wconf 82' lang='lat' dir='ltr'><strong>aero</strong></span> <span class='ocrx_word' id='word_1_526' title='bbox 591 3574 658 3611; x_wconf 86' lang='lat' dir='ltr'><strong>mens</strong></span> <span class='ocrx_word' id='word_1_527' title='bbox 672 3561 738 3623; x_wconf 88' lang='lat' dir='ltr'><strong>ipsa,</strong></span> <span class='ocrx_word' id='word_1_528' title='bbox 749 3562 855 3611; x_wconf 81' lang='lat' dir='ltr'><strong>vilaede·</strong></span> <span class='ocrx_word' id='word_1_529' title='bbox 899 3561 928 3611; x_wconf 90' lang='lat' dir='ltr'><strong>iis</strong></span> <span class='ocrx_word' id='word_1_530' title='bbox 938 3561 1002 3611; x_wconf 87' lang='lat' dir='ltr'><strong>enirn</strong></span> <span class='ocrx_word' id='word_1_531' title='bbox 1015 3563 1040 3609; x_wconf 91' lang='lat' dir='ltr'><strong>et</strong></span> <span class='ocrx_word' id='word_1_532' title='bbox 1053 3563 1139 3608; x_wconf 80' lang='lat' dir='ltr'><strong>aestum</strong></span> <span class='ocrx_word' id='word_1_533' title='bbox 1156 3563 1181 3609; x_wconf 84' lang='lat' dir='ltr'><strong>at</strong></span> <span class='ocrx_word' id='word_1_534' title='bbox 1195 3560 1269 3621; x_wconf 75' lang='lat' dir='ltr'><strong>frigus</strong></span> <span class='ocrx_word' id='word_1_535' title='bbox 1286 3563 1365 3621; x_wconf 89' lang='lat' dir='ltr'><strong>potest</strong></span> <span class='ocrx_word' id='word_1_536' title='bbox 1380 3560 1481 3607; x_wconf 86' lang='lat' dir='ltr'><strong>tolerare</strong></span> <span class='ocrx_word' id='word_1_537' title='bbox 1492 3559 1517 3608; x_wconf 89' lang='lat' dir='ltr'><strong>et</strong></span> <span class='ocrx_word' id='word_1_538' title='bbox 1533 3557 1625 3619; x_wconf 87' lang='lat' dir='ltr'><strong>pondus</strong></span> <span class='ocrx_word' id='word_1_539' title='bbox 1638 3561 1675 3604; x_wconf 90' lang='lat' dir='ltr'><strong>at-</strong></span> 
     </span>
     <span class='ocr_line' id='line_1_37' title="bbox 72 3641 1641 3710; baseline 0.001 -20"><span class='ocrx_word' id='word_1_540' title='bbox 72 3641 145 3704; x_wconf 82' lang='lat' dir='ltr'><strong>alque</strong></span> <span class='ocrx_word' id='word_1_541' title='bbox 164 3643 277 3694; x_wconf 85' lang='lat' dir='ltr'><strong>felicitati</strong></span> <span class='ocrx_word' id='word_1_542' title='bbox 298 3645 433 3707; x_wconf 86' lang='lat' dir='ltr'><strong>prudentia.</strong></span> <span class='ocrx_word' id='word_1_543' title='bbox 466 3647 560 3708; x_wconf 78' lang='lat' dir='ltr'><strong>Quippe</strong></span> <span class='ocrx_word' id='word_1_544' title='bbox 578 3647 636 3696; x_wconf 83' lang='lat' dir='ltr'><strong>aitril</strong></span> <span class='ocrx_word' id='word_1_545' title='bbox 650 3647 714 3696; x_wconf 89' lang='lat' dir='ltr'><strong>aliud</strong></span> <span class='ocrx_word' id='word_1_546' title='bbox 731 3649 856 3710; x_wconf 87' lang='lat' dir='ltr'><strong>prudentia</strong></span> <span class='ocrx_word' id='word_1_547' title='bbox 904 3649 987 3698; x_wconf 90' lang='lat' dir='ltr'><strong>follere</strong></span> <span class='ocrx_word' id='word_1_548' title='bbox 1002 3649 1084 3708; x_wconf 76' lang='lat' dir='ltr'><strong>ingens</strong></span> <span class='ocrx_word' id='word_1_549' title='bbox 1098 3650 1233 3709; x_wconf 81' lang='lat' dir='ltr'><strong>multasque</strong></span> <span class='ocrx_word' id='word_1_550' title='bbox 1247 3646 1385 3696; x_wconf 84' lang='lat' dir='ltr'><strong>atiastacila</strong></span> <span class='ocrx_word' id='word_1_551' title='bbox 1400 3646 1502 3708; x_wconf 83' lang='lat' dir='ltr'><strong>perferre</strong></span> <span class='ocrx_word' id='word_1_552' title='bbox 1513 3657 1641 3694; x_wconf 84' lang='lat' dir='ltr'><strong>oerumuas.</strong></span> 
     </span>
     <span class='ocr_line' id='line_1_38' title="bbox 74 3731 1676 3797; baseline 0.002 -22"><span class='ocrx_word' id='word_1_553' title='bbox 74 3731 125 3789; x_wconf 86' lang='lat' dir='ltr'><strong>est,</strong></span> <span class='ocrx_word' id='word_1_554' title='bbox 147 3743 226 3792; x_wconf 82' lang='lat' dir='ltr'><strong>quam</strong></span> <span class='ocrx_word' id='word_1_555' title='bbox 251 3733 349 3782; x_wconf 87' lang='lat' dir='ltr'><strong>scientia</strong></span> <span class='ocrx_word' id='word_1_556' title='bbox 368 3732 480 3795; x_wconf 79' lang='lat' dir='ltr'><strong>quaedam</strong></span> <span class='ocrx_word' id='word_1_557' title='bbox 502 3734 557 3782; x_wconf 72' lang='lat' dir='ltr'><strong>vitre</strong></span> <span class='ocrx_word' id='word_1_558' title='bbox 577 3733 678 3784; x_wconf 81' lang='lat' dir='ltr'><strong>feliciter</strong></span> <span class='ocrx_word' id='word_1_559' title='bbox 698 3735 797 3797; x_wconf 76' lang='lat' dir='ltr'><strong>agendae</strong></span> <span class='ocrx_word' id='word_1_560' title='bbox 814 3737 856 3784; x_wconf 92' lang='lat' dir='ltr'><strong>aut</strong></span> <span class='ocrx_word' id='word_1_561' title='bbox 932 3737 996 3784; x_wconf 87' lang='lat' dir='ltr'><strong>viii.</strong></span> <span class='ocrx_word' id='word_1_562' title='bbox 1014 3735 1075 3784; x_wconf 84' lang='lat' dir='ltr'><strong>cum</strong></span> <span class='ocrx_word' id='word_1_563' title='bbox 1090 3735 1162 3797; x_wconf 81' lang='lat' dir='ltr'><strong>igitur</strong></span> <span class='ocrx_word' id='word_1_564' title='bbox 1184 3734 1284 3784; x_wconf 74' lang='lat' dir='ltr'><strong>beatitas</strong></span> <span class='ocrx_word' id='word_1_565' title='bbox 1305 3747 1363 3782; x_wconf 90' lang='lat' dir='ltr'><strong>usus</strong></span> <span class='ocrx_word' id='word_1_566' title='bbox 1375 3735 1405 3782; x_wconf 86' lang='lat' dir='ltr'><strong>sit</strong></span> <span class='ocrx_word' id='word_1_567' title='bbox 1427 3732 1523 3782; x_wconf 74' lang='lat' dir='ltr'><strong>vinctis</strong></span> <span class='ocrx_word' id='word_1_568' title='bbox 1537 3733 1562 3780; x_wconf 89' lang='lat' dir='ltr'><strong>iu</strong></span> <span class='ocrx_word' id='word_1_569' title='bbox 1583 3733 1676 3780; x_wconf 73' lang='lat' dir='ltr'><strong>fortuma</strong></span> 
     </span>
     <span class='ocr_line' id='line_1_39' title="bbox 75 3813 1676 3886; baseline -0.009 -4"><span class='ocrx_word' id='word_1_570' title='bbox 75 3813 195 3868; x_wconf 57' lang='lat' dir='ltr'><strong>mium</strong></span> <span class='ocrx_word' id='word_1_571' title='bbox 213 3819 304 3870; x_wconf 74' lang='lat' dir='ltr'><strong>h⁰m8¹¹8</strong></span> <span class='ocrx_word' id='word_1_572' title='bbox 316 3820 439 3870; x_wconf 74' lang='lat' dir='ltr'><strong>8⁰⁸88⁰ffll¹¹</strong></span> <span class='ocrx_word' id='word_1_573' title='bbox 451 3820 563 3882; x_wconf 66' lang='grc' dir='ltr'>ωθῦίῑῑθ-</span> <span class='ocrx_word' id='word_1_574' title='bbox 899 3827 979 3886; x_wconf 87' lang='lat' dir='ltr'><strong>bona,</strong></span> <span class='ocrx_word' id='word_1_575' title='bbox 996 3827 1026 3875; x_wconf 89' lang='lat' dir='ltr'><strong>de</strong></span> <span class='ocrx_word' id='word_1_576' title='bbox 1037 3827 1126 3874; x_wconf 81' lang='lat' dir='ltr'><strong>virtuts</strong></span> <span class='ocrx_word' id='word_1_577' title='bbox 1137 3828 1161 3874; x_wconf 90' lang='lat' dir='ltr'><strong>et</strong></span> <span class='ocrx_word' id='word_1_578' title='bbox 1175 3825 1237 3873; x_wconf 82' lang='lat' dir='ltr'><strong>bona</strong></span> <span class='ocrx_word' id='word_1_579' title='bbox 1249 3825 1341 3873; x_wconf 87' lang='lat' dir='ltr'><strong>fortuna</strong></span> <span class='ocrx_word' id='word_1_580' title='bbox 1353 3823 1477 3880; x_wconf 82' lang='lat' dir='ltr'><strong>dicamus.</strong></span> <span class='ocrx_word' id='word_1_581' title='bbox 1491 3835 1518 3872; x_wconf 88' lang='lat' dir='ltr'><strong>ac</strong></span> <span class='ocrx_word' id='word_1_582' title='bbox 1529 3821 1605 3885; x_wconf 88' lang='lat' dir='ltr'><strong>primo</strong></span> <span class='ocrx_word' id='word_1_583' title='bbox 1622 3823 1676 3883; x_wconf 85' lang='lat' dir='ltr'><strong>qui·</strong></span> 
     </span>
     <span class='ocr_line' id='line_1_40' title="bbox 105 3905 1677 3976; baseline 0.004 -24"><span class='ocrx_word' id='word_1_584' title='bbox 105 3905 150 3954; x_wconf 79' lang='lat' dir='ltr'><strong>Vl.</strong></span> <span class='ocrx_word' id='word_1_585' title='bbox 168 3907 205 3954; x_wconf 83' lang='lat' dir='ltr'><strong>ilo</strong></span> <span class='ocrx_word' id='word_1_586' title='bbox 221 3907 259 3956; x_wconf 79' lang='lat' dir='ltr'><strong>dei</strong></span> <span class='ocrx_word' id='word_1_587' title='bbox 273 3906 369 3969; x_wconf 83' lang='lat' dir='ltr'><strong>quidam</strong></span> <span class='ocrx_word' id='word_1_588' title='bbox 381 3907 481 3957; x_wconf 83' lang='lat' dir='ltr'><strong>beatitas</strong></span> <span class='ocrx_word' id='word_1_589' title='bbox 491 3912 515 3957; x_wconf 89' lang='lat' dir='ltr'><strong>et</strong></span> <span class='ocrx_word' id='word_1_590' title='bbox 526 3909 576 3958; x_wconf 80' lang='lat' dir='ltr'><strong>rita</strong></span> <span class='ocrx_word' id='word_1_591' title='bbox 591 3909 681 3971; x_wconf 85' lang='lat' dir='ltr'><strong>optima</strong></span> <span class='ocrx_word' id='word_1_592' title='bbox 694 3911 857 3970; x_wconf 82' lang='lat' dir='ltr'><strong>cst‚tromiuis</strong></span> <span class='ocrx_word' id='word_1_593' title='bbox 900 3913 954 3964; x_wconf 91' lang='lat' dir='ltr'><strong>dem</strong></span> <span class='ocrx_word' id='word_1_594' title='bbox 971 3913 1001 3963; x_wconf 88' lang='lat' dir='ltr'><strong>de</strong></span> <span class='ocrx_word' id='word_1_595' title='bbox 1014 3914 1177 3976; x_wconf 75' lang='lat' dir='ltr'><strong>prosperitate.</strong></span> <span class='ocrx_word' id='word_1_596' title='bbox 1210 3913 1303 3973; x_wconf 81' lang='lat' dir='ltr'><strong>Quippe</strong></span> <span class='ocrx_word' id='word_1_597' title='bbox 1316 3911 1434 3960; x_wconf 89' lang='lat' dir='ltr'><strong>bonorum</strong></span> <span class='ocrx_word' id='word_1_598' title='bbox 1452 3909 1677 3972; x_wconf 81' lang='lat' dir='ltr'><strong>quaedamnonad-</strong></span> 
     </span>
     <span class='ocr_line' id='line_1_41' title="bbox 78 3991 1678 4062; baseline 0.004 -27"><span class='ocrx_word' id='word_1_599' title='bbox 78 3991 160 4040; x_wconf 86' lang='lat' dir='ltr'><strong>autem</strong></span> <span class='ocrx_word' id='word_1_600' title='bbox 176 3993 432 4054; x_wconf 83' lang='lat' dir='ltr'><strong>felicitasescientia,</strong></span> <span class='ocrx_word' id='word_1_601' title='bbox 448 3995 667 4058; x_wconf 79' lang='lat' dir='ltr'><strong>virtutetcrtiaqne</strong></span> <span class='ocrx_word' id='word_1_602' title='bbox 683 4010 795 4059; x_wconf 73' lang='lat' dir='ltr'><strong>promere</strong></span> <span class='ocrx_word' id='word_1_603' title='bbox 810 3999 857 4046; x_wconf 90' lang='lat' dir='ltr'><strong>for·</strong></span> <span class='ocrx_word' id='word_1_604' title='bbox 901 4002 1002 4050; x_wconf 82' lang='lat' dir='ltr'><strong>mittrral</strong></span> <span class='ocrx_word' id='word_1_605' title='bbox 1028 3999 1234 4062; x_wconf 70' lang='lat' dir='ltr'><strong>exsuperantiam,</strong></span> <span class='ocrx_word' id='word_1_606' title='bbox 1253 3999 1282 4046; x_wconf 89' lang='lat' dir='ltr'><strong>ut</strong></span> <span class='ocrx_word' id='word_1_607' title='bbox 1305 3997 1389 4045; x_wconf 82' lang='lat' dir='ltr'><strong>virtus.</strong></span> <span class='ocrx_word' id='word_1_608' title='bbox 1422 3997 1476 4045; x_wconf 83' lang='lat' dir='ltr'><strong>Non</strong></span> <span class='ocrx_word' id='word_1_609' title='bbox 1494 3995 1557 4044; x_wconf 88' lang='lat' dir='ltr'><strong>enim</strong></span> <span class='ocrx_word' id='word_1_610' title='bbox 1577 3992 1614 4044; x_wconf 87' lang='lat' dir='ltr'><strong>e&#39;st</strong></span> <span class='ocrx_word' id='word_1_611' title='bbox 1628 3995 1678 4042; x_wconf 86' lang='lat' dir='ltr'><strong>ulia</strong></span> 
     </span>
     <span class='ocr_line' id='line_1_42' title="bbox 79 4081 1677 4148; baseline 0.005 -24"><span class='ocrx_word' id='word_1_612' title='bbox 79 4081 138 4128; x_wconf 86' lang='lat' dir='ltr'><strong>lona</strong></span> <span class='ocrx_word' id='word_1_613' title='bbox 159 4081 230 4142; x_wconf 82' lang='lat' dir='ltr'><strong>quasi</strong></span> <span class='ocrx_word' id='word_1_614' title='bbox 244 4081 363 4132; x_wconf 89' lang='lat' dir='ltr'><strong>coalescit.</strong></span> <span class='ocrx_word' id='word_1_615' title='bbox 394 4083 494 4145; x_wconf 78' lang='lat' dir='ltr'><strong>Appeiio</strong></span> <span class='ocrx_word' id='word_1_616' title='bbox 511 4086 591 4132; x_wconf 89' lang='lat' dir='ltr'><strong>autem</strong></span> <span class='ocrx_word' id='word_1_617' title='bbox 603 4085 741 4146; x_wconf 72' lang='lat' dir='ltr'><strong>septentiam</strong></span> <span class='ocrx_word' id='word_1_618' title='bbox 761 4087 857 4147; x_wconf 76' lang='lat' dir='ltr'><strong>atridem</strong></span> <span class='ocrx_word' id='word_1_619' title='bbox 901 4089 979 4136; x_wconf 77' lang='lat' dir='ltr'><strong>virtius</strong></span> <span class='ocrx_word' id='word_1_620' title='bbox 990 4101 1045 4148; x_wconf 79' lang='lat' dir='ltr'><strong>quaa</strong></span> <span class='ocrx_word' id='word_1_621' title='bbox 1060 4086 1159 4134; x_wconf 90' lang='lat' dir='ltr'><strong>modum</strong></span> <span class='ocrx_word' id='word_1_622' title='bbox 1176 4084 1277 4133; x_wconf 75' lang='lat' dir='ltr'><strong>excedat</strong></span> <span class='ocrx_word' id='word_1_623' title='bbox 1288 4087 1330 4133; x_wconf 87' lang='lat' dir='ltr'><strong>aut</strong></span> <span class='ocrx_word' id='word_1_624' title='bbox 1341 4083 1468 4146; x_wconf 83' lang='lat' dir='ltr'><strong>quisquam</strong></span> <span class='ocrx_word' id='word_1_625' title='bbox 1482 4083 1554 4132; x_wconf 82' lang='lat' dir='ltr'><strong>nimis</strong></span> <span class='ocrx_word' id='word_1_626' title='bbox 1570 4081 1649 4130; x_wconf 79' lang='lat' dir='ltr'><strong>bouins</strong></span> <span class='ocrx_word' id='word_1_627' title='bbox 1671 4101 1677 4132; x_wconf 81' lang='grc' dir='ltr'>ι</span> 
     </span>
     <span class='ocr_line' id='line_1_43' title="bbox 80 4167 1677 4234; baseline 0.001 -20"><span class='ocrx_word' id='word_1_628' title='bbox 80 4167 241 4225; x_wconf 76' lang='lat' dir='ltr'><strong>cognitionem</strong></span> <span class='ocrx_word' id='word_1_629' title='bbox 256 4169 389 4218; x_wconf 74' lang='lat' dir='ltr'><strong>caelestium</strong></span> <span class='ocrx_word' id='word_1_630' title='bbox 400 4169 584 4232; x_wconf 81' lang='lat' dir='ltr'><strong>divinarumque</strong></span> <span class='ocrx_word' id='word_1_631' title='bbox 598 4183 693 4234; x_wconf 82' lang='lat' dir='ltr'><strong>rorum,</strong></span> <span class='ocrx_word' id='word_1_632' title='bbox 707 4172 857 4233; x_wconf 80' lang='lat' dir='ltr'><strong>prudentiam</strong></span> <span class='ocrx_word' id='word_1_633' title='bbox 901 4188 956 4224; x_wconf 90' lang='lat' dir='ltr'><strong>nam</strong></span> <span class='ocrx_word' id='word_1_634' title='bbox 976 4175 1053 4222; x_wconf 78' lang='lat' dir='ltr'><strong>virtus</strong></span> <span class='ocrx_word' id='word_1_635' title='bbox 1074 4183 1182 4220; x_wconf 88' lang='lat' dir='ltr'><strong>normam</strong></span> <span class='ocrx_word' id='word_1_636' title='bbox 1200 4171 1272 4221; x_wconf 78' lang='lat' dir='ltr'><strong>isabel</strong></span> <span class='ocrx_word' id='word_1_637' title='bbox 1290 4170 1417 4231; x_wconf 88' lang='lat' dir='ltr'><strong>decomm,</strong></span> <span class='ocrx_word' id='word_1_638' title='bbox 1445 4171 1529 4232; x_wconf 84' lang='lat' dir='ltr'><strong>estque</strong></span> <span class='ocrx_word' id='word_1_639' title='bbox 1551 4168 1630 4219; x_wconf 83' lang='lat' dir='ltr'><strong>decori</strong></span> <span class='ocrx_word' id='word_1_640' title='bbox 1652 4169 1677 4216; x_wconf 91' lang='lat' dir='ltr'><strong>in</strong></span> 
     </span>
     <span class='ocr_line' id='line_1_44' title="bbox 81 4253 1678 4322; baseline 0.002 -22"><span class='ocrx_word' id='word_1_641' title='bbox 81 4260 137 4300; x_wconf 77' lang='lat' dir='ltr'><strong>vero</strong></span> <span class='ocrx_word' id='word_1_642' title='bbox 150 4253 311 4304; x_wconf 79' lang='lat' dir='ltr'><strong>humanarum</strong></span> <span class='ocrx_word' id='word_1_643' title='bbox 324 4269 404 4304; x_wconf 85' lang='lat' dir='ltr'><strong>rerum</strong></span> <span class='ocrx_word' id='word_1_644' title='bbox 418 4260 443 4305; x_wconf 89' lang='lat' dir='ltr'><strong>et</strong></span> <span class='ocrx_word' id='word_1_645' title='bbox 454 4269 536 4305; x_wconf 79' lang='lat' dir='ltr'><strong>aarum</strong></span> <span class='ocrx_word' id='word_1_646' title='bbox 548 4269 604 4318; x_wconf 79' lang='lat' dir='ltr'><strong>quae</strong></span> <span class='ocrx_word' id='word_1_647' title='bbox 617 4257 647 4306; x_wconf 84' lang='lat' dir='ltr'><strong>ad</strong></span> <span class='ocrx_word' id='word_1_648' title='bbox 660 4259 734 4307; x_wconf 79' lang='lat' dir='ltr'><strong>ailam</strong></span> <span class='ocrx_word' id='word_1_649' title='bbox 749 4261 859 4320; x_wconf 85' lang='lat' dir='ltr'><strong>speciant</strong></span> <span class='ocrx_word' id='word_1_650' title='bbox 903 4263 974 4311; x_wconf 86' lang='lat' dir='ltr'><strong>rebus</strong></span> <span class='ocrx_word' id='word_1_651' title='bbox 991 4260 1090 4322; x_wconf 75' lang='lat' dir='ltr'><strong>agendis</strong></span> <span class='ocrx_word' id='word_1_652' title='bbox 1111 4259 1210 4308; x_wconf 85' lang='lat' dir='ltr'><strong>babitus</strong></span> <span class='ocrx_word' id='word_1_653' title='bbox 1226 4273 1232 4306; x_wconf 90' lang='lat'>:</span> <span class='ocrx_word' id='word_1_654' title='bbox 1245 4271 1358 4321; x_wconf 83' lang='lat' dir='ltr'><strong>prospera</strong></span> <span class='ocrx_word' id='word_1_655' title='bbox 1373 4260 1454 4307; x_wconf 87' lang='lat' dir='ltr'><strong>aulem</strong></span> <span class='ocrx_word' id='word_1_656' title='bbox 1465 4255 1594 4306; x_wconf 82' lang='lat' dir='ltr'><strong>fortunaat</strong></span> <span class='ocrx_word' id='word_1_657' title='bbox 1607 4267 1678 4305; x_wconf 74' lang='lat' dir='ltr'><strong>assu·</strong></span> 
     </span>
     <span class='ocr_line' id='line_1_45' title="bbox 82 4339 1679 4411; baseline 0.003 -25"><span class='ocrx_word' id='word_1_658' title='bbox 82 4339 200 4397; x_wconf 84' lang='lat' dir='ltr'><strong>peritiam.</strong></span> <span class='ocrx_word' id='word_1_659' title='bbox 235 4343 420 4404; x_wconf 80' lang='lat' dir='ltr'><strong>liaseaimqure</strong></span> <span class='ocrx_word' id='word_1_660' title='bbox 434 4344 524 4392; x_wconf 84' lang='lat' dir='ltr'><strong>ratione</strong></span> <span class='ocrx_word' id='word_1_661' title='bbox 534 4349 559 4394; x_wconf 89' lang='lat' dir='ltr'><strong>et</strong></span> <span class='ocrx_word' id='word_1_662' title='bbox 571 4345 773 4394; x_wconf 85' lang='lat' dir='ltr'><strong>demonstratione</strong></span> <span class='ocrx_word' id='word_1_663' title='bbox 785 4350 859 4395; x_wconf 88' lang='lat' dir='ltr'><strong>utun·</strong></span> <span class='ocrx_word' id='word_1_664' title='bbox 903 4348 1035 4411; x_wconf 79' lang='lat' dir='ltr'><strong>percutiam</strong></span> <span class='ocrx_word' id='word_1_665' title='bbox 1047 4346 1153 4396; x_wconf 86' lang='lat' dir='ltr'><strong>admittit</strong></span> <span class='ocrx_word' id='word_1_666' title='bbox 1164 4352 1189 4395; x_wconf 91' lang='lat' dir='ltr'><strong>et</strong></span> <span class='ocrx_word' id='word_1_667' title='bbox 1199 4346 1332 4404; x_wconf 86' lang='lat' dir='ltr'><strong>defectum,</strong></span> <span class='ocrx_word' id='word_1_668' title='bbox 1349 4345 1496 4406; x_wconf 81' lang='lat' dir='ltr'><strong>modumque</strong></span> <span class='ocrx_word' id='word_1_669' title='bbox 1512 4342 1637 4392; x_wconf 71' lang='lat' dir='ltr'><strong>transiens*</strong></span> <span class='ocrx_word' id='word_1_670' title='bbox 1647 4341 1679 4404; x_wconf 82' lang='lat' dir='ltr'><strong>gi·</strong></span> 
     </span>
     <span class='ocr_line' id='line_1_46' title="bbox 83 4426 1679 4497; baseline 0.003 -24"><span class='ocrx_word' id='word_1_671' title='bbox 83 4426 118 4473; x_wconf 88' lang='lat' dir='ltr'><strong>tu</strong></span> <span class='ocrx_word' id='word_1_672' title='bbox 138 4429 243 4478; x_wconf 84' lang='lat' dir='ltr'><strong>virtutes</strong></span> <span class='ocrx_word' id='word_1_673' title='bbox 263 4429 299 4478; x_wconf 90' lang='lat' dir='ltr'><strong>fas</strong></span> <span class='ocrx_word' id='word_1_674' title='bbox 317 4433 354 4478; x_wconf 89' lang='lat' dir='ltr'><strong>eal</strong></span> <span class='ocrx_word' id='word_1_675' title='bbox 369 4430 481 4480; x_wconf 85' lang='lat' dir='ltr'><strong>scientias</strong></span> <span class='ocrx_word' id='word_1_676' title='bbox 494 4431 643 4481; x_wconf 83' lang='lat' dir='ltr'><strong>nominare:</strong></span> <span class='ocrx_word' id='word_1_677' title='bbox 669 4433 783 4481; x_wconf 84' lang='lat' dir='ltr'><strong>virtulem</strong></span> <span class='ocrx_word' id='word_1_678' title='bbox 802 4445 860 4482; x_wconf 85' lang='lat' dir='ltr'><strong>vero</strong></span> <span class='ocrx_word' id='word_1_679' title='bbox 902 4434 1072 4497; x_wconf 68' lang='lat' dir='ltr'><strong>grritquaadam</strong></span> <span class='ocrx_word' id='word_1_680' title='bbox 1088 4434 1145 4482; x_wconf 81' lang='lat' dir='ltr'><strong>vitis</strong></span> <span class='ocrx_word' id='word_1_681' title='bbox 1165 4436 1237 4494; x_wconf 84' lang='lat' dir='ltr'><strong>atque</strong></span> <span class='ocrx_word' id='word_1_682' title='bbox 1250 4433 1370 4480; x_wconf 89' lang='lat' dir='ltr'><strong>bominem</strong></span> <span class='ocrx_word' id='word_1_683' title='bbox 1384 4443 1398 4480; x_wconf 86' lang='lat' dir='ltr'><strong>a</strong></span> <span class='ocrx_word' id='word_1_684' title='bbox 1413 4431 1514 4480; x_wconf 88' lang='lat' dir='ltr'><strong>naturali</strong></span> <span class='ocrx_word' id='word_1_685' title='bbox 1527 4430 1608 4479; x_wconf 83' lang='lat' dir='ltr'><strong>babitu</strong></span> <span class='ocrx_word' id='word_1_686' title='bbox 1624 4429 1679 4477; x_wconf 87' lang='lat' dir='ltr'><strong>abs·</strong></span> 
     </span>
     <span class='ocr_line' id='line_1_47' title="bbox 82 4513 1681 4582; baseline 0.001 -22"><span class='ocrx_word' id='word_1_687' title='bbox 82 4513 197 4564; x_wconf 86' lang='lat' dir='ltr'><strong>moralem</strong></span> <span class='ocrx_word' id='word_1_688' title='bbox 208 4516 282 4565; x_wconf 85' lang='lat' dir='ltr'><strong>etiarn</strong></span> <span class='ocrx_word' id='word_1_689' title='bbox 298 4516 415 4576; x_wconf 86' lang='lat' dir='ltr'><strong>optimum</strong></span> <span class='ocrx_word' id='word_1_690' title='bbox 426 4516 498 4566; x_wconf 85' lang='lat' dir='ltr'><strong>animi</strong></span> <span class='ocrx_word' id='word_1_691' title='bbox 512 4519 585 4579; x_wconf 89' lang='lat' dir='ltr'><strong>partis</strong></span> <span class='ocrx_word' id='word_1_692' title='bbox 596 4518 687 4568; x_wconf 86' lang='lat' dir='ltr'><strong>ratione</strong></span> <span class='ocrx_word' id='word_1_693' title='bbox 699 4519 801 4569; x_wconf 87' lang='lat' dir='ltr'><strong>carentis</strong></span> <span class='ocrx_word' id='word_1_694' title='bbox 816 4521 860 4569; x_wconf 86' lang='lat' dir='ltr'><strong>ba·</strong></span> <span class='ocrx_word' id='word_1_695' title='bbox 902 4523 988 4582; x_wconf 83' lang='lat' dir='ltr'><strong>trabit,</strong></span> <span class='ocrx_word' id='word_1_696' title='bbox 1009 4521 1043 4571; x_wconf 85' lang='lat' dir='ltr'><strong>ita</strong></span> <span class='ocrx_word' id='word_1_697' title='bbox 1064 4525 1092 4570; x_wconf 91' lang='lat' dir='ltr'><strong>ut</strong></span> <span class='ocrx_word' id='word_1_698' title='bbox 1114 4521 1211 4570; x_wconf 79' lang='lat' dir='ltr'><strong>virtutis</strong></span> <span class='ocrx_word' id='word_1_699' title='bbox 1235 4531 1331 4581; x_wconf 85' lang='lat' dir='ltr'><strong>quoque</strong></span> <span class='ocrx_word' id='word_1_700' title='bbox 1353 4519 1491 4568; x_wconf 85' lang='lat' dir='ltr'><strong>substantiae</strong></span> <span class='ocrx_word' id='word_1_701' title='bbox 1516 4527 1681 4577; x_wconf 70' lang='lat' dir='ltr'><strong>saepenumero</strong></span> 
     </span>
     <span class='ocr_line' id='line_1_48' title="bbox 86 4596 1682 4668; baseline -0.001 -15"><span class='ocrx_word' id='word_1_702' title='bbox 86 4596 319 4662; x_wconf 57' lang='lat' dir='ltr'><strong>bilompeerndun</strong></span> <span class='ocrx_word' id='word_1_703' title='bbox 330 4615 402 4665; x_wconf 78' lang='lat' dir='ltr'><strong>qoem</strong></span> <span class='ocrx_word' id='word_1_704' title='bbox 411 4603 492 4665; x_wconf 79' lang='lat' dir='ltr'><strong>aiiauo</strong></span> <span class='ocrx_word' id='word_1_705' title='bbox 506 4605 578 4654; x_wconf 88' lang='lat' dir='ltr'><strong>modo</strong></span> <span class='ocrx_word' id='word_1_706' title='bbox 588 4605 675 4654; x_wconf 89' lang='lat' dir='ltr'><strong>morati</strong></span> <span class='ocrx_word' id='word_1_707' title='bbox 684 4618 737 4655; x_wconf 83' lang='lat' dir='ltr'><strong>esse</strong></span> <span class='ocrx_word' id='word_1_708' title='bbox 749 4607 861 4668; x_wconf 87' lang='lat' dir='ltr'><strong>dicimur,</strong></span> <span class='ocrx_word' id='word_1_709' title='bbox 903 4609 1056 4661; x_wconf 74' lang='lat' dir='ltr'><strong>adversetur.</strong></span> <span class='ocrx_word' id='word_1_710' title='bbox 1092 4613 1141 4659; x_wconf 80' lang='lat' dir='ltr'><strong>fleo</strong></span> <span class='ocrx_word' id='word_1_711' title='bbox 1158 4609 1237 4657; x_wconf 91' lang='lat' dir='ltr'><strong>solum</strong></span> <span class='ocrx_word' id='word_1_712' title='bbox 1250 4620 1288 4657; x_wconf 87' lang='lat' dir='ltr'><strong>res</strong></span> <span class='ocrx_word' id='word_1_713' title='bbox 1304 4607 1425 4667; x_wconf 85' lang='lat' dir='ltr'><strong>florentes,</strong></span> <span class='ocrx_word' id='word_1_714' title='bbox 1438 4617 1521 4655; x_wconf 85' lang='lat' dir='ltr'><strong>rerum</strong></span> <span class='ocrx_word' id='word_1_715' title='bbox 1539 4605 1612 4653; x_wconf 85' lang='lat' dir='ltr'><strong>etlam</strong></span> <span class='ocrx_word' id='word_1_716' title='bbox 1628 4602 1682 4651; x_wconf 73' lang='lat' dir='ltr'><strong>alias</strong></span> 
     </span>
     <span class='ocr_line' id='line_1_49' title="bbox 85 4685 1682 4758; baseline 0.002 -25"><span class='ocrx_word' id='word_1_717' title='bbox 85 4685 235 4739; x_wconf 80' lang='lat' dir='ltr'><strong>verbleausa</strong></span> <span class='ocrx_word' id='word_1_718' title='bbox 249 4689 479 4752; x_wconf 84' lang='lat' dir='ltr'><strong>liberales‚justiet</strong></span> <span class='ocrx_word' id='word_1_719' title='bbox 496 4691 776 4754; x_wconf 74' lang='lat' dir='ltr'><strong>temperanteszbonam</strong></span> <span class='ocrx_word' id='word_1_720' title='bbox 792 4693 861 4744; x_wconf 85' lang='lat' dir='ltr'><strong>deni·</strong></span> <span class='ocrx_word' id='word_1_721' title='bbox 905 4694 1163 4758; x_wconf 77' lang='lat' dir='ltr'><strong>mirarecomploresid</strong></span> <span class='ocrx_word' id='word_1_722' title='bbox 1181 4695 1279 4743; x_wconf 86' lang='lat' dir='ltr'><strong>faciunt.</strong></span> <span class='ocrx_word' id='word_1_723' title='bbox 1312 4691 1471 4754; x_wconf 76' lang='lat' dir='ltr'><strong>ft&#39;equeenim</strong></span> <span class='ocrx_word' id='word_1_724' title='bbox 1484 4701 1590 4751; x_wconf 80' lang='lat' dir='ltr'><strong>unquam</strong></span> <span class='ocrx_word' id='word_1_725' title='bbox 1602 4689 1682 4737; x_wconf 89' lang='lat' dir='ltr'><strong>mirari</strong></span> 
     </span>
     <span class='ocr_line' id='line_1_50' title="bbox 87 4775 1683 4847; baseline 0.002 -24"><span class='ocrx_word' id='word_1_726' title='bbox 87 4785 132 4832; x_wconf 80' lang='lat' dir='ltr'><strong>qua</strong></span> <span class='ocrx_word' id='word_1_727' title='bbox 146 4775 267 4826; x_wconf 83' lang='lat' dir='ltr'><strong>fortunam</strong></span> <span class='ocrx_word' id='word_1_728' title='bbox 283 4777 417 4838; x_wconf 87' lang='lat' dir='ltr'><strong>bonorum,</strong></span> <span class='ocrx_word' id='word_1_729' title='bbox 429 4791 484 4841; x_wconf 84' lang='lat' dir='ltr'><strong>quta</strong></span> <span class='ocrx_word' id='word_1_730' title='bbox 495 4783 583 4841; x_wconf 74' lang='lat' dir='ltr'><strong>praeter</strong></span> <span class='ocrx_word' id='word_1_731' title='bbox 598 4781 716 4831; x_wconf 87' lang='lat' dir='ltr'><strong>rationem</strong></span> <span class='ocrx_word' id='word_1_732' title='bbox 725 4793 801 4844; x_wconf 87' lang='lat' dir='ltr'><strong>eaque</strong></span> <span class='ocrx_word' id='word_1_733' title='bbox 813 4795 862 4831; x_wconf 91' lang='lat' dir='ltr'><strong>non</strong></span> <span class='ocrx_word' id='word_1_734' title='bbox 904 4787 999 4847; x_wconf 87' lang='lat' dir='ltr'><strong>oportet</strong></span> <span class='ocrx_word' id='word_1_735' title='bbox 1020 4797 1095 4847; x_wconf 85' lang='lat' dir='ltr'><strong>quum</strong></span> <span class='ocrx_word' id='word_1_736' title='bbox 1114 4784 1177 4833; x_wconf 85' lang='lat' dir='ltr'><strong>luter</strong></span> <span class='ocrx_word' id='word_1_737' title='bbox 1197 4782 1307 4832; x_wconf 73' lang='lat' dir='ltr'><strong>tibicines</strong></span> <span class='ocrx_word' id='word_1_738' title='bbox 1325 4781 1421 4842; x_wconf 85' lang='lat' dir='ltr'><strong>qnidam</strong></span> <span class='ocrx_word' id='word_1_739' title='bbox 1440 4780 1588 4840; x_wconf 85' lang='lat' dir='ltr'><strong>reperiantur</strong></span> <span class='ocrx_word' id='word_1_740' title='bbox 1605 4782 1683 4827; x_wconf 85' lang='lat' dir='ltr'><strong>osten·</strong></span> 
     </span>
     <span class='ocr_line' id='line_1_51' title="bbox 87 4861 1683 4931; baseline 0.006 -27"><span class='ocrx_word' id='word_1_741' title='bbox 87 4861 196 4914; x_wconf 84' lang='lat' dir='ltr'><strong>adbibita</strong></span> <span class='ocrx_word' id='word_1_742' title='bbox 223 4865 380 4926; x_wconf 76' lang='lat' dir='ltr'><strong>contingunt,</strong></span> <span class='ocrx_word' id='word_1_743' title='bbox 403 4865 559 4917; x_wconf 83' lang='lat' dir='ltr'><strong>affluentiam.</strong></span> <span class='ocrx_word' id='word_1_744' title='bbox 591 4873 673 4927; x_wconf 81' lang='lat' dir='ltr'><strong>Quum</strong></span> <span class='ocrx_word' id='word_1_745' title='bbox 694 4869 766 4930; x_wconf 80' lang='lat' dir='ltr'><strong>igitur</strong></span> <span class='ocrx_word' id='word_1_746' title='bbox 787 4869 864 4919; x_wconf 79' lang='lat' dir='ltr'><strong>virtus</strong></span> <span class='ocrx_word' id='word_1_747' title='bbox 905 4872 997 4920; x_wconf 83' lang='lat' dir='ltr'><strong>tatores</strong></span> <span class='ocrx_word' id='word_1_748' title='bbox 1014 4870 1056 4931; x_wconf 84' lang='lat' dir='ltr'><strong>qui</strong></span> <span class='ocrx_word' id='word_1_749' title='bbox 1072 4881 1127 4920; x_wconf 81' lang='lat' dir='ltr'><strong>vera</strong></span> <span class='ocrx_word' id='word_1_750' title='bbox 1142 4872 1193 4919; x_wconf 87' lang='lat' dir='ltr'><strong>arte</strong></span> <span class='ocrx_word' id='word_1_751' title='bbox 1208 4867 1385 4928; x_wconf 77' lang='lat' dir='ltr'><strong>neglectafaisa</strong></span> <span class='ocrx_word' id='word_1_752' title='bbox 1395 4865 1497 4928; x_wconf 83' lang='lat' dir='ltr'><strong>quadam</strong></span> <span class='ocrx_word' id='word_1_753' title='bbox 1512 4865 1564 4926; x_wconf 79' lang='lat' dir='ltr'><strong>eius</strong></span> <span class='ocrx_word' id='word_1_754' title='bbox 1581 4865 1683 4926; x_wconf 75' lang='lat' dir='ltr'><strong>imagine</strong></span> 
     </span>
     <span class='ocr_line' id='line_1_52' title="bbox 89 4947 1684 5020; baseline 0.004 -25"><span class='ocrx_word' id='word_1_755' title='bbox 89 4947 183 5005; x_wconf 81' lang='lat' dir='ltr'><strong>quidem</strong></span> <span class='ocrx_word' id='word_1_756' title='bbox 201 4952 228 5000; x_wconf 93' lang='lat' dir='ltr'><strong>et</strong></span> <span class='ocrx_word' id='word_1_757' title='bbox 242 4952 342 5001; x_wconf 82' lang='lat' dir='ltr'><strong>seientia</strong></span> <span class='ocrx_word' id='word_1_758' title='bbox 362 4952 482 5002; x_wconf 82' lang='lat' dir='ltr'><strong>innostra</strong></span> <span class='ocrx_word' id='word_1_759' title='bbox 499 4956 617 5016; x_wconf 78' lang='lat' dir='ltr'><strong>potestate</strong></span> <span class='ocrx_word' id='word_1_760' title='bbox 627 4956 692 5014; x_wconf 85' lang='lat' dir='ltr'><strong>sint,</strong></span> <span class='ocrx_word' id='word_1_761' title='bbox 707 4955 769 5005; x_wconf 87' lang='lat' dir='ltr'><strong>bom</strong></span> <span class='ocrx_word' id='word_1_762' title='bbox 782 4957 863 5005; x_wconf 88' lang='lat' dir='ltr'><strong>autem</strong></span> <span class='ocrx_word' id='word_1_763' title='bbox 906 4957 1028 5020; x_wconf 83' lang='lat' dir='ltr'><strong>imperitos</strong></span> <span class='ocrx_word' id='word_1_764' title='bbox 1040 4959 1151 5019; x_wconf 84' lang='lat' dir='ltr'><strong>captent,</strong></span> <span class='ocrx_word' id='word_1_765' title='bbox 1168 4955 1226 5005; x_wconf 84' lang='lat' dir='ltr'><strong>ninii</strong></span> <span class='ocrx_word' id='word_1_766' title='bbox 1237 4955 1289 5015; x_wconf 76' lang='lat' dir='ltr'><strong>eiua</strong></span> <span class='ocrx_word' id='word_1_767' title='bbox 1298 4954 1389 5016; x_wconf 80' lang='lat' dir='ltr'><strong>generis</strong></span> <span class='ocrx_word' id='word_1_768' title='bbox 1400 4953 1461 5002; x_wconf 88' lang='lat' dir='ltr'><strong>inter</strong></span> <span class='ocrx_word' id='word_1_769' title='bbox 1473 4953 1570 5002; x_wconf 78' lang='lat' dir='ltr'><strong>virtutis</strong></span> <span class='ocrx_word' id='word_1_770' title='bbox 1582 4953 1684 5002; x_wconf 89' lang='lat' dir='ltr'><strong>cultores</strong></span> 
     </span>
     <span class='ocr_line' id='line_1_53' title="bbox 89 5031 1685 5105; baseline 0.006 -27"><span class='ocrx_word' id='word_1_771' title='bbox 89 5031 182 5086; x_wconf 79' lang='lat' dir='ltr'><strong>fortuna</strong></span> <span class='ocrx_word' id='word_1_772' title='bbox 195 5051 244 5088; x_wconf 86' lang='lat' dir='ltr'><strong>noa</strong></span> <span class='ocrx_word' id='word_1_773' title='bbox 257 5040 332 5099; x_wconf 84' lang='lat' dir='ltr'><strong>ilem,</strong></span> <span class='ocrx_word' id='word_1_774' title='bbox 347 5040 372 5089; x_wconf 88' lang='lat' dir='ltr'><strong>in</strong></span> <span class='ocrx_word' id='word_1_775' title='bbox 389 5040 542 5092; x_wconf 80' lang='lat' dir='ltr'><strong>meditatione</strong></span> <span class='ocrx_word' id='word_1_776' title='bbox 563 5055 620 5092; x_wconf 79' lang='lat' dir='ltr'><strong>vero</strong></span> <span class='ocrx_word' id='word_1_777' title='bbox 636 5045 766 5094; x_wconf 78' lang='lat' dir='ltr'><strong>electione</strong></span> <span class='ocrx_word' id='word_1_778' title='bbox 783 5057 862 5094; x_wconf 89' lang='lat' dir='ltr'><strong>rerum</strong></span> <span class='ocrx_word' id='word_1_779' title='bbox 908 5057 973 5105; x_wconf 87' lang='lat' dir='ltr'><strong>esse,</strong></span> <span class='ocrx_word' id='word_1_780' title='bbox 991 5043 1032 5093; x_wconf 89' lang='lat' dir='ltr'><strong>sed</strong></span> <span class='ocrx_word' id='word_1_781' title='bbox 1047 5055 1096 5104; x_wconf 87' lang='lat' dir='ltr'><strong>quo</strong></span> <span class='ocrx_word' id='word_1_782' title='bbox 1111 5055 1147 5091; x_wconf 88' lang='lat' dir='ltr'><strong>rea</strong></span> <span class='ocrx_word' id='word_1_783' title='bbox 1166 5041 1262 5103; x_wconf 77' lang='lat' dir='ltr'><strong>gravior</strong></span> <span class='ocrx_word' id='word_1_784' title='bbox 1279 5041 1311 5090; x_wconf 86' lang='lat' dir='ltr'><strong>sit</strong></span> <span class='ocrx_word' id='word_1_785' title='bbox 1323 5040 1413 5101; x_wconf 75' lang='lat' dir='ltr'><strong>sirius,</strong></span> <span class='ocrx_word' id='word_1_786' title='bbox 1429 5053 1459 5088; x_wconf 86' lang='lat' dir='ltr'><strong>eo</strong></span> <span class='ocrx_word' id='word_1_787' title='bbox 1473 5040 1540 5101; x_wconf 87' lang='lat' dir='ltr'><strong>plara</strong></span> <span class='ocrx_word' id='word_1_788' title='bbox 1559 5053 1614 5101; x_wconf 82' lang='lat' dir='ltr'><strong>quas</strong></span> <span class='ocrx_word' id='word_1_789' title='bbox 1637 5039 1685 5087; x_wconf 88' lang='lat' dir='ltr'><strong>sibi</strong></span> 
     </span>
     <span class='ocr_line' id='line_1_54' title="bbox 92 5117 1682 5195; baseline 0 -21"><span class='ocrx_word' id='word_1_790' title='bbox 92 5117 242 5176; x_wconf 74' lang='lat' dir='ltr'><strong>bonestorum</strong></span> <span class='ocrx_word' id='word_1_791' title='bbox 254 5127 300 5179; x_wconf 86' lang='lat' dir='ltr'><strong>sita</strong></span> <span class='ocrx_word' id='word_1_792' title='bbox 313 5126 345 5178; x_wconf 81' lang='lat' dir='ltr'><strong>sit</strong></span> <span class='ocrx_word' id='word_1_793' title='bbox 356 5127 471 5190; x_wconf 80' lang='lat' dir='ltr'><strong>felicitas,</strong></span> <span class='ocrx_word' id='word_1_794' title='bbox 487 5131 658 5195; x_wconf 80' lang='lat' dir='ltr'><strong>contemplatio</strong></span> <span class='ocrx_word' id='word_1_795' title='bbox 669 5133 775 5194; x_wconf 86' lang='lat' dir='ltr'><strong>porroet</strong></span> <span class='ocrx_word' id='word_1_796' title='bbox 789 5131 863 5182; x_wconf 82' lang='lat' dir='ltr'><strong>attio-</strong></span> <span class='ocrx_word' id='word_1_797' title='bbox 906 5131 1029 5182; x_wconf 77' lang='lat' dir='ltr'><strong>vindicent</strong></span> <span class='ocrx_word' id='word_1_798' title='bbox 1039 5141 1092 5184; x_wconf 84' lang='lat' dir='ltr'><strong>eam</strong></span> <span class='ocrx_word' id='word_1_799' title='bbox 1107 5140 1160 5179; x_wconf 83' lang='lat' dir='ltr'><strong>esse</strong></span> <span class='ocrx_word' id='word_1_800' title='bbox 1172 5140 1267 5190; x_wconf 74' lang='lat' dir='ltr'><strong>genera</strong></span> <span class='ocrx_word' id='word_1_801' title='bbox 1302 5126 1380 5180; x_wconf 81' lang='lat' dir='ltr'><strong>ffolla</strong></span> <span class='ocrx_word' id='word_1_802' title='bbox 1391 5127 1454 5177; x_wconf 84' lang='lat' dir='ltr'><strong>esim</strong></span> <span class='ocrx_word' id='word_1_803' title='bbox 1464 5129 1520 5178; x_wconf 85' lang='lat' dir='ltr'><strong>auat</strong></span> <span class='ocrx_word' id='word_1_804' title='bbox 1537 5140 1593 5191; x_wconf 81' lang='lat' dir='ltr'><strong>qua·</strong></span> <span class='ocrx_word' id='word_1_805' title='bbox 1606 5125 1682 5180; x_wconf 82' lang='lat' dir='ltr'><strong>virtu·</strong></span> 
     </span>
    </p>
   </div>
   <div class='ocr_carea' id='block_1_4' title="bbox 0 0 1944 5922">
    <p class='ocr_par' dir='ltr' id='par_1_6' title="bbox 0 0 1944 5922">
     <span class='ocr_line' id='line_1_55' title="bbox 0 0 1944 5922; baseline 0 0"><span class='ocrx_word' id='word_1_806' title='bbox 0 0 1944 5922; x_wconf 95' lang='lat' dir='ltr'><strong> </strong></span> 
     </span>
    </p>
   </div>
  </div>
 </body>
</html>
