3776 5926
261 355 316 408 122
906 347 954 407 llll
976 348 1209 408 attestatum.

258 463 349 540 tavits
366 484 548 556 Quapropter
572 491 737 558 argumenta
767 501 801 538 ex
832 484 955 557 antiquis
981 485 1036 540 illis
1079 496 1135 540 tam
1149 484 1265 558 respicit
1274 485 1354 540 Plato
1369 485 1473 544 Tbeaet.
1486 503 1516 560 p.
1537 483 1649 557 152,E.
1662 481 1755 542 Porro
1770 485 1849 542 Deum

173 601 181 616 ·
258 569 376 639 fabulis,
393 589 456 642 quc
470 569 506 625 de
527 569 581 625 diis
600 572 799 641 narrabantur,
821 571 968 626 tractanda
981 572 1035 626 sibi
1079 580 1284 645 praepotentem
1314 589 1372 628 esse
1403 589 1525 645 eumque
1547 572 1774 629 animadvertere
1789 575 1849 646 quid

256 658 368 724 sumsit,
382 656 431 712 sed
450 658 531 713 aliter
545 659 575 712 in
598 657 653 714 hac
666 656 785 713 materia
801 669 887 730 atque
906 656 1036 716 Cratinus
1079 659 1199 732 quisque
1219 658 1369 714 hominum
1392 670 1457 734 agat
1478 676 1512 714 ac
1527 662 1646 734 sentiat,
1659 661 1716 714 illis
1736 662 1850 716 versibus

257 745 430 818 omninoque
449 746 536 800 Attici
555 757 647 818 poetae
669 755 795 800 versatus
816 753 867 801 est.
895 743 940 800 Sic
961 746 1035 800 enim
1080 745 1164 801 docet
1186 747 1237 819 qui
1257 756 1323 802 sunt
1344 747 1422 821 apud
1442 743 1616 802 Clementem
1635 747 1850 802 Alexandrinum

251 817 352 888 'omnia
366 852 429 906 quae
449 833 486 889 ad
500 851 541 888 res
555 833 663 888 divinas
679 833 855 907 pertinerent
872 831 1035 888 conforma·
1078 829 1185 890 Strom.
1210 836 1232 891 V
1253 852 1284 908 p.
1308 832 1374 904 708.
1394 833 1456 892 vid.
1476 853 1531 890 ass.
1549 833 1696 908 297-298.
1720 835 1850 890 Praeterea

256 921 300 974 vit
311 921 479 994 populoque
492 918 644 993 spectanda
658 920 828 994 proposuit,
842 930 874 974 ut
891 919 1036 994 Pythago·
1079 938 1193 975 omnem
1217 939 1277 976 non
1290 931 1398 976 tantum
1421 921 1585 996 cogitandi,
1610 921 1662 976 sed
1687 923 1774 977 etiam
1794 941 1851 978 seu-

255 1009 322 1062 ricse
338 1007 493 1082 disciplina
512 1007 624 1064 decreta
638 1019 771 1064 servaret.
791 1009 893 1080 ltaque
913 1005 1034 1062 deorum
1079 1007 1167 1062 tiendi
1182 1009 1239 1062 vim
1263 1009 1294 1062 in
1318 1009 1379 1064 solo
1403 1009 1498 1064 aniano
1512 1009 1633 1083 positam
1648 1026 1708 1064 esse
1727 1028 1734 1062 ε
1757 1027 1851 1082 corpus

256 1112 362 1150 numen
376 1112 436 1150 non
453 1096 589 1166 sustulit„
606 1094 655 1150 sed
670 1095 815 1151 adrermn
836 1105 945 1149 naturae
961 1095 1035 1150 vires
1078 1098 1172 1170 ipsum
1186 1096 1303 1170 ejusque
1314 1113 1410 1151 sensus
1432 1097 1502 1152 nihil
1512 1097 1616 1150 sentire
1636 1096 1791 1150 arbitratus
1808 1107 1850 1151 cst

254 1183 412 1240 revocavit.
425 1184 538 1258 Quippe
549 1200 731 1256 nequaquam
748 1183 833 1242 Musa
846 1183 1035 1257 Epicharmea
1080 1182 1211 1240 Ostendit
1223 1183 1279 1239 hoc
1294 1182 1404 1238 dictum
1418 1181 1480 1254 ejus
1495 1179 1551 1247 νόος
1565 1179 1669 1258 δρῇκαὶ
1684 1180 1741 1246 νόος
1755 1178 1849 1252 ἀκούει,

255 1269 403 1324 consilium
426 1281 487 1325 erat
501 1270 622 1328 deorum
643 1272 819 1326 sanctitatem
842 1272 967 1339 violare,
985 1271 1035 1327 sed
1077 1260 1163 1326 edile
1182 1266 1259 1348 κωφὰ
1273 1266 1319 1327 καὶ
1332 1267 1417 1348 τυφλλ
1430 1287 1448 1325 a
1461 1270 1614 1326 Plutarcho
1628 1270 1742 1326 Morall.
1757 1289 1787 1343 p.
1807 1271 1850 1342 98,

256 1356 448 1414 dubitationes
460 1358 593 1414 derebus
611 1359 713 1414 divinis
728 1369 819 1427 ortas,
836 1358 939 1431 quihus
953 1377 1033 1414 mor·
1077 1359 1112 1427 B,
1126 1359 1274 1414 laudatum
1297 1368 1326 1414 et
1347 1359 1384 1413 ab
1399 1358 1463 1413 aliis
1487 1369 1615 1414 veterum
1636 1358 1850 1430 frequentatum.

256 1445 355 1500 talium
367 1457 473 1501 mentes
486 1447 668 1520 agitarentur,
682 1446 887 1521 spectatoribus
899 1447 1033 1504 eximere.
1079 1445 1168 1517 liujus
1192 1444 1269 1500 ellati
1283 1463 1394 1501 memor
1413 1444 1514 1501 Cicero
1537 1447 1618 1502 Tusc.
1642 1446 1665 1515 1,
1680 1461 1718 1499 ao
1738 1446 1850 1500 scribit:

254 1533 325 1586 llam
336 1533 482 1607 religionis
493 1535 640 1588 sanctitate
652 1543 681 1589 et
690 1534 812 1608 pristino
826 1534 946 1589 deorum
956 1535 1034 1588 cultu
1078 1555 1090 1582 ι
1106 1534 1147 1588 Ut
1159 1532 1239 1588 facile
1253 1532 1374 1606 intelligi
1394 1533 1497 1606 possit,
1512 1532 1639 1588 animum
1661 1543 1690 1588 et
1703 1532 1804 1587 videre
1828 1544 1853 1588 et

255 1619 426 1688 imminuto,
451 1631 535 1676 aucta
559 1639 628 1676 vero
653 1623 813 1676 animorum
834 1623 987 1695 sagacitate
1007 1633 1035 1678 et
1077 1618 1191 1690 audire,
1214 1637 1275 1675 non
1289 1637 1335 1675 eas
1349 1630 1460 1693 partes,
1481 1637 1544 1694 quae
1559 1621 1641 1692 quasi
1658 1618 1787 1676 lmestrae
1798 1631 1854 1674 sunt

255 1719 399 1763 crescente
413 1709 571 1764 litterarum
586 1707 761 1779 luminejam
780 1717 841 1762 tum
854 1708 970 1781 plurimi
985 1727 1034 1763 re·
1077 1708 1175 1764 animi.
1203 1731 1215 1757 ι
1240 1709 1369 1782 Exagitet
1402 1707 1481 1762 illam
1504 1707 1672 1782 opinionem
1712 1709 1853 1764 Lucretius

254 1815 318 1851 runt
335 1807 441 1852 naturae
462 1814 565 1869 corpus
584 1797 704 1851 scrutari
726 1797 904 1869 multumque
919 1795 954 1851 de
970 1799 1033 1851 uni·
1076 1793 1206 1869 111,36:

253 1885 328 1940 versi
342 1883 425 1956 hujus
436 1893 555 1957 parente
563 1903 596 1942 ac
609 1884 645 1940 de
654 1883 751 1938 divina
761 1897 861 1939 natura
872 1886 1034 1958 etpotentia
1140 1927 1224 1977 Dicere
1240 1940 1313 1989 pom
1325 1925 1409 1976 ocum
1422 1926 1513 1977 mnam
1526 1939 1576 1976 mm
1587 1939 1686 1976 mmm
1698 1938 1772 1988 posse

254 1972 399 2046 disputare
420 1982 636 2029 consueverant.
651 1971 748 2043 Quid?
761 1971 841 2044 quod
853 1989 913 2025 non
933 1971 1033 2028 delue-
1139 1995 1180 2044 ,pq
1193 2009 1285 2056 ,mos
1295 1997 1403 2047 „fimum
1415 1998 1446 2046 „2
1458 1995 1550 2046 ponnus
1559 1999 1668 2058 ,mm
1682 1961 1801 2053 mqugiss,

254 2072 323 2115 runt
339 2060 389 2133 qui
399 2059 581 2133 providentia
593 2057 733 2113 mundum
749 2058 938 2114 administrari
949 2077 1033 2134 nega·
1138 2064 1246 2128 desipere
1257 2066 1300 2120 est.

253 2155 326 2203 rent.
353 2147 387 2202 ld
407 2148 512 2220 partim
534 2147 693 2202 certissimis
714 2157 842 2244 veterum
870 2145 1034 2203 testimoniis
1078 2177 1139 2233 Hoc
1155 2181 1248 2253 Posito
1264 2198 1438 2254 consequens
1453 2191 1527 2249 em,
1543 2179 1749 2235 manimmad
1765 2180 1855 2233 fim-

255 2244 380 2304 constat,
403 2234 507 2308 partim
526 2232 671 2307 probabili
705 2243 872 2308 conjectura
899 2234 1034 2289 emultis
1077 2264 1144 2319 dum
1167 2266 1239 2322 adeo
1262 2286 1323 2322 non
1346 2285 1471 2341 corpore
1499 2276 1608 2342 egeret,
1628 2277 1661 2322 ut
1688 2277 1759 2340 post
1789 2267 1855 2320 imus

254 2320 366 2378 indiciis
391 2319 584 2378 concluditur.
606 2322 670 2391 Quo
685 2321 715 2374 in
733 2337 835 2394 genere
849 2321 1034 2376 memorabile

254 2418 295 2463 ⁸⁵²
309 2406 390 2481 ΨΜ
413 2407 450 2462 de
470 2409 613 2477 ffiemne’
629 2407 794 2480 Epicharmi
818 2409 936 2480 ²quali'
956 2407 1033 2481 ῬΜ
1076 2452 1168 2515 poetae
1194 2442 1297 2516 quibus
1318 2443 1382 2498 talis
1403 2443 1541 2498 sententia
1566 2444 1732 2498 continetur
1754 2453 1857 2498 exstant

254 2497 419 2552 Ciceronem
440 2494 477 2551 de
491 2495 557 2596 Nal-
575 2495 656 2552 dms·
672 2496 696 2567 1,
711 2512 748 2549 ²²
760 2495 891 2593 'relatum
906 2496 1032 2570 legimuffi
1078 2530 1155 2605 apud
1171 2531 1353 2585 Plutarchum
1363 2531 1393 2584 in
1406 2528 1610 2587 Consolatione
1623 2529 1662 2587 ad
1672 2531 1854 2605 Apollonium
1870 2543 1871 2548 ’

258 2607 269 2631 ι
293 2585 388 2656 Rogas
402 2601 465 2650 me,
486 2581 557 2654 qurd
570 2592 619 2637 aut
640 2582 724 2654 quale
744 2591 780 2635 stt
794 2580 862 2636 deus
888 2600 896 2636 t
918 2592 1034 2639 auctore
1078 2635 1107 2690 p·
1122 2637 1186 2688 ΠΟ,
1203 2621 1228 2674 A
1243 2615 1316 2695 (ffi-
1336 2616 1487 2692 263-264)
1503 2634 1515 2695 3v

252 2681 319 2725 utar
332 2669 490 2740 Simonide,
505 2669 541 2724 de
556 2687 614 2742 quo
629 2686 695 2723 cum
711 2669 881 2741 quaesivisset
888 2669 945 2724 hoc
958 2669 1034 2726 idem

252 2767 389 2830 tyrannus
404 2757 507 2826 Hiero,
522 2755 700 2812 deliberandi
718 2756 773 2810 sibi
789 2775 878 2811 unum
894 2755 969 2812 diem
980 2775 1033 2830 po·
1119 2743 1264 2824 Συνεκρίθη
1276 2743 1322 2803 καλ
1334 2742 1449 2823 διεκρίθη
1459 2745 1600 2816 κᾶιιῆνθιν,
1607 2743 1663 2802 ὅθεν
1673 2735 1762 2817 ἦνθεν,
1772 2746 1854 2819 πάλιν,
1870 2765 1871 2780 ¹

252 2846 368 2900 stulavit
391 2864 397 2900 :
417 2863 483 2900 cum
504 2843 581 2898 idem
603 2861 639 2899 ex
661 2862 695 2898 eo
722 2844 861 2918 postridie
883 2855 1033 2918 quareret,
1117 2840 1153 2910 γᾶ
1168 2831 1214 2908 μὲν
1230 2835 1266 2900 εἷς
1282 2840 1348 2912 γᾶν,
1364 2832 1458 2909 πνεῦμ’
1477 2831 1541 2891 ἄνω.
1559 2832 1594 2892 Τί
1618 2833 1700 2892 τῶνδε
1722 2832 1871 2910 petendas

253 2932 373 2988 biduum
387 2934 488 3006 petivit
502 2949 509 2988 :
523 2951 587 2986 cum
601 2931 700 3012 sapius
715 2931 877 3004 duplicaret
884 2951 1034 2990 numerum
1736 2917 1813 2996 [οὐδὲ
1823 2918 1854 2977 ἓν.

253 3021 365 3076 dierum
388 3021 585 3094 admiransque
609 3021 697 3077 mem
720 3023 896 3093 “qnirem’
921 3041 973 3077 cur
994 3024 1034 3078 im
1077 3054 1252 3126 Adjiciamus
1273 3053 1365 3108 simile
1392 3053 1528 3126 placitmn
1543 3071 1603 3126 quo
1628 3054 1794 3108 animorum
1812 3056 1871 3108 imv

252 3107 358 3164 faceret
371 3125 378 3164 ²
390 3110 474 3209 ‘luia'
487 3119 609 3182 ‘Imm‘
624 3109 734 3209 imit!
750 3107 856 3163 diutius
867 3108 1032 3210 ⁰,⁰¹¹⁵i‘{⁰¹”⁰'
1077 3141 1277 3198 mortalitatem
1295 3158 1359 3195 cum
1374 3138 1557 3213 providentia
1571 3139 1668 3194 divina
1691 3140 1854 3215 conjungit,
1870 3171 1871 3182 ν

253 3207 335 3252 tantu
350 3197 420 3250 mihr
432 3213 476 3250 res
488 3196 601 3251 videtur
614 3195 774 3252 ohscurior.
790 3196 845 3252 Sed
860 3195 1034 3252 Stmomdem
1078 3250 1140 3304 φη
1156 3231 1240 3285 bonis
1252 3231 1384 3304 Praemia,
1395 3228 1475 3284 malis
1490 3245 1590 3301 poenas
1603 3238 1669 3302 post
1685 3227 1762 3282 hanc
1775 3230 1857 3282 vitam

253 3284 379 3339 arbium
403 3283 477 3360 (Μ
495 3285 569 3340 enim
592 3293 678 3357 Imm
699 3284 791 3338 mlum
811 3284 919 3352 πῶς’
934 3300 1033 3338 'emm
1078 3328 1191 3375 statuat.
1205 3320 1252 3374 Ait
1268 3319 1342 3372 enim
1353 3316 1430 3390 apud
1443 3313 1619 3371 Clementem
1632 3315 1871 3370 Alexandrinum¹

251 3373 337 3426 etiam
350 3373 504 3446 ceteroqui
517 3371 618 3426 doctus
629 3372 795 3444 sapiensque
814 3367 953 3445 traditur)
967 3371 1049 3445 quia
1078 3407 1182 3462 strom,
1197 3406 1235 3460 lv
1246 3421 1309 3478 pag,
1324 3403 1381 3468 540
1392 3400 1500 3458 pom
1517 3399 1585 3478 [m⁸
1600 3399 1751 3475 295495)
1772 3420 1780 3454 ζ

250 3460 340 3515 multa
351 3461 483 3516 venirent
496 3461 526 3513 in
547 3467 672 3513 mentem
691 3470 776 3513 acuta
790 3469 876 3531 atque
899 3457 1032 3533 subtilia,
1789 3501 1794 3510 .

252 3545 446 3616 dubitantem,
471 3545 542 3619 quid
562 3563 663 3600 eorum
684 3557 757 3601 esset
775 3546 964 3614 verissimum,
979 3545 1031 3600 de·
1118 3547 1237 3618 Εὐσιὸὴς
1246 3547 1296 3626 νόῳ
1310 3545 1430 3625 πεφυκὼς
1440 3548 1469 3604 οὗ
1485 3544 1578 3611 πάθοις
1591 3547 1616 3602 κ’
1632 3541 1705 3602 οὐδὲν
1719 3543 1804 3602 κακὸν

256 3651 382 3706 sperasse
405 3650 518 3688 omnem
536 3634 694 3688 veritatem.
715 3653 729 3681 ι
750 3631 934 3705 Epicharmus
948 3633 1034 3706 igitur
1117 3635 1266 3696 κατθανών·
1280 3633 1334 3692 ἄνω
1349 3634 1378 3691 τὸ
1391 3637 1496 3710 πνεῦμα
1509 3634 1629 3708 διαμενεῖ
1641 3632 1701 3690 κατ’
1715 3629 1840 3711 οὐρανόν.

251 3721 357 3794 ingenii
373 3719 532 3775 ostentandi
546 3719 762 3794 opportunitate
776 3737 841 3775 usus
849 3719 923 3774 hanc
937 3737 1033 3774 rerum

252 3807 461 3862 universitatem
484 3806 605 3861 deorum
626 3807 743 3862 numine
756 3807 871 3880 plenam
891 3806 1033 3880 rebusque

1077 2365 1201 2410 mortem
1219 2357 1249 2410 in
1263 2356 1395 2412 aethercm
1408 2357 1501 2412 abiret
1515 2356 1615 2429 ibique
1632 2355 1753 2429 vigeret.
1771 2354 1855 2411 Verba

1078 3788 1113 3842 ln
1123 3785 1208 3841 Ulixe
1219 3780 1360 3855 naufrago
1379 3780 1460 3835 illum
1471 3778 1587 3834 heroem
1602 3795 1668 3832 curn
1679 3778 1800 3832 Eumaeo
1816 3793 1860 3830 su-

1448 3886 1561 3923 omuem
1582 3884 1680 3922 rerum
1700 3877 1860 3920 creatarum

253 3981 432 4036 divinitatem
455 3991 484 4036 et
503 3985 689 4038 aeternitatem
712 3983 801 4038 inesse
816 3981 897 4040 dixit.
920 3982 954 4035 In
974 3999 1033 4054 quo
1078 3961 1179 4016 ⁵⁸Pl⁶¹¹¹
1201 3957 1262 4012 s¹¹⁵²
1277 3955 1461 4010 dl⁵⁵⁰fe¹¹l⁰m
1479 3952 1603 4010 induxit·
1624 3954 1671 4008 5³⁰
1685 3949 1765 4008 mim
1784 3950 1859 4024 ³I¹¹¹d

251 4068 381 4123 miranda
393 4077 435 4122 est
446 4078 538 4141 poetae
548 4070 721 4140 constantia,
735 4068 814 4143 quod
824 4068 940 4123 numina
954 4069 1034 4140 quasi
1077 4049 1234 4122 Dl⁰ll²¹¹0m
1249 4044 1394 4100 Laenium
1407 4043 1461 4112 111,
1480 4043 1514 4099 ¹⁶
1533 4038 1656 4120 ³5th⁸*
1683 4037 1858 4114 αΟΜΝ]ε

252 4153 389 4230 imagines
408 4152 547 4229 quasdam
560 4173 619 4211 esse
636 4157 757 4225 censuit,
776 4154 881 4227 quihus
898 4165 1034 4226 tanquam
1118 4181 1233 4259 Εὔμαιε,

251 4246 446 4318 integumento
461 4252 626 4298 cunctarum
640 4260 737 4297 rerum
752 4240 885 4298 divinitas
897 4239 1035 4316 significa·

253 4345 342 4390 retur.
360 4331 424 4390 Huc
434 4329 616 4386 refercndum
630 4328 778 4386 Menandri
788 4330 860 4385 illud
872 4329 949 4405 apud
964 4331 1034 4386 Mei-

252 4424 367 4479 nehium
379 4440 411 4496 p.
428 4418 482 4495 196
497 4437 505 4476 :
1009 4471 1019 4486 ·
1078 4402 1111 4462 ln
1129 4401 1256 4457 eamdem
1270 4413 1419 4474 personam
1432 4396 1606 4451 conveniunt
1615 4393 1702 4450 verba
1714 4392 1752 4448 de
1762 4394 1862 4449 simili-

1079 4489 1177 4544 tudine
1192 4498 1221 4542 et
1231 4486 1398 4554 cognatione
1409 4501 1466 4557 qna
1479 4494 1611 4556 tanquam
1622 4479 1786 4536 firmissimo
1801 4481 1862 4534 rin·

295 4567 330 4629 ‘O
345 4566 391 4644 μὲν
406 4564 573 4644 Ἐπίχαρμος
584 4563 641 4631 robe
655 4563 727 4630 ent<
743 4554 809 4623 Εἶναι
825 4562 894 4641 litt*
1078 4577 1144 4633 culo
1157 4586 1259 4630 natura
1271 4575 1426 4629 animantes
1447 4559 1522 4626 inter
1536 4588 1566 4625 se
1588 4569 1765 4642 colligaverit
1787 4565 1861 4647 (sss.

295 4654 420 4732 ἀνέμους,
436 4653 516 4734 ὕδωρ,
530 4658 592 4732 γῆν,
603 4653 695 4728 ἥλιον,
706 4658 769 4733 πῦρ,
788 4652 911 4732 ἀστέρας.
1080 4660 1232 4738 213·217)
1249 4682 1265 4716 :·

252 3911 316 3966 quae
336 3894 387 3949 snb
412 3894 510 3948 oculos
534 3893 640 3948 cadunt
664 3904 750 3967 atque
774 3894 906 3950 omnibus
927 3896 1034 3950 naturis
1078 3873 1167 3930 bul⁶⁰
1195 3871 1230 3927 de
1253 3880 1348 3925 '⁰⁸³¹‘
1371 3886 1425 3943 l>er

1249 4179 1278 4238 τὸ
1295 4177 1373 4260 oopo'v
1390 4181 1459 4237 ἐστιν
1475 4179 1503 4236 οὗ
1517 4178 1576 4235 καθ’
1587 4175 1615 4235 ἓν
1627 4175 1721 4256 μόνον,

1118 4271 1176 4328 ἀλλ’
1191 4268 1258 4328 dono
1272 4289 1322 4346 nep
1332 4268 1381 4344 ζῇ,
1394 4265 1482 4325 πάντα
1495 4262 1540 4322 καλ
1555 4263 1661 4342 γνώμαν
1675 4264 1749 4342 ἔχει,
1761 4266 1823 4322 κτλ.

254 4809 347 4878 Atque
368 4805 550 4859 aeternitatem
575 4801 691 4875 quidem
711 4801 831 4856 deorum
852 4800 886 4854 iis
907 4798 1034 4853 versibus
1118 4793 1280 4872 Θαυμαστὸν
1295 4791 1367 4851 οὐδὲν
1381 4791 1432 4867 ἁμὲ
1449 4793 1523 4849 τοῦθ’
1535 4788 1602 4850 obsto
1616 4789 1700 4867 λέγειν

254 4893 338 4948 docet
347 4891 531 4965 Epicharmus
541 4908 613 4962 quos
627 4907 661 4945 ex
673 4889 783 4945 Alcimo
797 4888 938 4961 Diogenes
947 4888 1033 4941 Laer-
1118 4881 1163 4941 καλ
1178 4880 1296 4938 ἁνδάνειν
1310 4881 1425 4938 αὐτοῖσιν
1436 4875 1582 4942 absolueret
1596 4875 1680 4932 δοκεῖν

255 4981 309 5035 tius
319 4980 376 5052 111,
395 4997 429 5033 ro
444 4978 575 5033 servavit.
590 4977 656 5034 vid.
672 4995 726 5035 uss.
743 4974 1034 5048 177·19l1.Quuloco
1119 4969 1205 5035 καλῶς
1216 4966 1353 5048 πεφύκειν.
1373 4964 1427 5026 liet
1439 4965 1489 5044 γὰρ
1503 4965 1520 5022 ἁ
1532 4961 1602 5022 κύων
1616 4960 1673 5020 κυνὶ

254 5067 337 5122 simul
349 5077 515 5140 perpetuam
527 5084 625 5121 rerum
637 5066 762 5119 omnium
775 5063 962 5118 :sunnonem
973 5058 1034 5116 llu-
1118 5056 1257 5114 κάλλιοτον
1271 5044 1343 5130 εἶμεν
1358 5053 1476 5132 φαίνεται
1489 5049 1534 5109 καὶ
1551 5053 1612 5130 βοῦς
1621 5045 1679 5130 βοΐ,

254 5155 323 5210 mini
339 5155 458 5211 similem
472 5155 580 5229 tangit,
602 5171 688 5228 quem
702 5149 827 5208 aSiculo
842 5161 929 5226 poeta
943 5148 1033 5205 tradi·
1120 5143 1175 5210 ὄνος
1189 5143 1211 5202 δ’
1224 5141 1276 5221 ὄνῳ
1289 5141 1429 5202 κάλλιστόν
1444 5141 1548 5219 [ἐστιν]
1576 5130 1605 5206 ῦς
1621 5138 1644 5197 δ’
1658 5133 1691 5196 hi.
