<?xml version="1.0" encoding="UTF-8"?>
<!DOCTYPE html PUBLIC "-//W3C//DTD XHTML 1.0 Transitional//EN"
    "http://www.w3.org/TR/xhtml1/DTD/xhtml1-transitional.dtd">
<html xmlns="http://www.w3.org/1999/xhtml" xml:lang="en" lang="en">
 <head>
  <title>
</title>
<meta http-equiv="Content-Type" content="text/html;charset=utf-8" />
  <meta name='ocr-system' content='tesseract 3.04.00' />
  <meta name='ocr-capabilities' content='ocr_page ocr_carea ocr_par ocr_line ocrx_word'/>
</head>
<body>
  <div class='ocr_page' id='page_1' title='image "./fragmentaphilos03mullgoog/fragmentaphilos03mullgoog_0499.png"; bbox 0 0 3708 5916; ppageno 0'>
   <div class='ocr_carea' id='block_1_1' title="bbox 283 397 1337 465">
    <p class='ocr_par' dir='ltr' id='par_1_1' title="bbox 283 397 1337 465">
     <span class='ocr_line' id='line_1_1' title="bbox 283 397 1337 465; baseline 0.004 -4"><span class='ocrx_word' id='word_1_1' title='bbox 283 409 340 461; x_wconf 76' lang='lat'>⁴8⁴</span> <span class='ocrx_word' id='word_1_2' title='bbox 806 397 1006 460; x_wconf 79' lang='lat' dir='ltr'>flttnoctts</span> <span class='ocrx_word' id='word_1_3' title='bbox 1026 398 1337 465; x_wconf 77' lang='lat' dir='ltr'><strong>COMMENTARIUS</strong></span> 
     </span>
    </p>
   </div>
   <div class='ocr_carea' id='block_1_2' title="bbox 270 527 1853 2538">
    <p class='ocr_par' dir='ltr' id='par_1_2' title="bbox 270 527 1853 2538">
     <span class='ocr_line' id='line_1_2' title="bbox 279 527 1853 614; baseline 0.005 -24"><span class='ocrx_word' id='word_1_4' title='bbox 279 530 371 602; x_wconf 79' lang='grc' dir='ltr'>θνητόν</span> <span class='ocrx_word' id='word_1_5' title='bbox 389 533 466 600; x_wconf 79' lang='grc' dir='ltr'>σῶμα</span> <span class='ocrx_word' id='word_1_6' title='bbox 482 527 606 606; x_wconf 87' lang='grc' dir='ltr'>μετουσία</span> <span class='ocrx_word' id='word_1_7' title='bbox 619 551 658 596; x_wconf 91' lang='grc' dir='ltr'>τις</span> <span class='ocrx_word' id='word_1_8' title='bbox 670 529 721 588; x_wconf 79' lang='grc' dir='ltr'>τῶν</span> <span class='ocrx_word' id='word_1_9' title='bbox 741 530 840 609; x_wconf 83' lang='grc' dir='ltr'>ἀρετῶν</span> <span class='ocrx_word' id='word_1_10' title='bbox 855 528 973 610; x_wconf 81' lang='grc' dir='ltr'>ίρχιται,</span> <span class='ocrx_word' id='word_1_11' title='bbox 989 530 1058 598; x_wconf 85' lang='grc' dir='ltr'>θπως</span> <span class='ocrx_word' id='word_1_12' title='bbox 1100 531 1128 590; x_wconf 70' lang='lat' dir='ltr'>di</span> <span class='ocrx_word' id='word_1_13' title='bbox 1138 533 1238 605; x_wconf 81' lang='grc' dir='ltr'>ἀπῆλθε</span> <span class='ocrx_word' id='word_1_14' title='bbox 1249 577 1257 606; x_wconf 90' lang='grc'>,</span> <span class='ocrx_word' id='word_1_15' title='bbox 1270 531 1340 593; x_wconf 84' lang='grc' dir='ltr'>κατά</span> <span class='ocrx_word' id='word_1_16' title='bbox 1351 557 1423 601; x_wconf 90' lang='grc' dir='ltr'>τινας</span> <span class='ocrx_word' id='word_1_17' title='bbox 1436 534 1585 614; x_wconf 78' lang='grc' dir='ltr'>ὧρισμίνας</span> <span class='ocrx_word' id='word_1_18' title='bbox 1595 535 1699 608; x_wconf 89' lang='grc' dir='ltr'>αίτίας,</span> <span class='ocrx_word' id='word_1_19' title='bbox 1718 527 1765 605; x_wconf 82' lang='grc' dir='ltr'>αίς</span> <span class='ocrx_word' id='word_1_20' title='bbox 1778 539 1853 598; x_wconf 67' lang='lat' dir='ltr'>dnus*</span> 
     </span>
     <span class='ocr_line' id='line_1_3' title="bbox 279 617 1853 705; baseline 0.006 -29"><span class='ocrx_word' id='word_1_21' title='bbox 279 617 310 676; x_wconf 78' lang='grc' dir='ltr'>ἂν</span> <span class='ocrx_word' id='word_1_22' title='bbox 325 621 369 678; x_wconf 84' lang='grc' dir='ltr'>καὶ</span> <span class='ocrx_word' id='word_1_23' title='bbox 382 617 415 677; x_wconf 74' lang='lat' dir='ltr'>el</span> <span class='ocrx_word' id='word_1_24' title='bbox 426 617 653 698; x_wconf 81' lang='grc' dir='ltr'>συμπερυκότατῇ</span> <span class='ocrx_word' id='word_1_25' title='bbox 667 619 760 696; x_wconf 79' lang='grc' dir='ltr'>λογικῇ</span> <span class='ocrx_word' id='word_1_26' title='bbox 770 617 845 696; x_wconf 71' lang='grc' dir='ltr'>οὐσία</span> <span class='ocrx_word' id='word_1_27' title='bbox 861 619 1058 698; x_wconf 81' lang='grc' dir='ltr'>εὐσχημοσύνης</span> <span class='ocrx_word' id='word_1_28' title='bbox 1099 643 1152 678; x_wconf 91' lang='grc' dir='ltr'>νειν</span> <span class='ocrx_word' id='word_1_29' title='bbox 1170 621 1318 702; x_wconf 82' lang='grc' dir='ltr'>ἀόίλτερον.</span> <span class='ocrx_word' id='word_1_30' title='bbox 1360 623 1422 682; x_wconf 79' lang='grc' dir='ltr'>Τῶν</span> <span class='ocrx_word' id='word_1_31' title='bbox 1435 622 1486 701; x_wconf 78' lang='grc' dir='ltr'>γάρ</span> <span class='ocrx_word' id='word_1_32' title='bbox 1503 624 1552 682; x_wconf 81' lang='grc' dir='ltr'>οὐκ</span> <span class='ocrx_word' id='word_1_33' title='bbox 1569 625 1610 705; x_wconf 76' lang='grc' dir='ltr'>ἀρ’</span> <span class='ocrx_word' id='word_1_34' title='bbox 1626 625 1693 699; x_wconf 79' lang='grc' dir='ltr'>ἡμῖν</span> <span class='ocrx_word' id='word_1_35' title='bbox 1706 627 1759 695; x_wconf 80' lang='grc' dir='ltr'>τῆς</span> <span class='ocrx_word' id='word_1_36' title='bbox 1774 626 1853 694; x_wconf 65' lang='lat' dir='ltr'>arim</span> 
     </span>
     <span class='ocr_line' id='line_1_4' title="bbox 277 705 1853 792; baseline 0.003 -26"><span class='ocrx_word' id='word_1_37' title='bbox 277 706 322 766; x_wconf 79' lang='lat' dir='ltr'>stul</span> <span class='ocrx_word' id='word_1_38' title='bbox 340 707 506 785; x_wconf 89' lang='grc' dir='ltr'>μετριότητος</span> <span class='ocrx_word' id='word_1_39' title='bbox 519 708 655 788; x_wconf 76' lang='grc' dir='ltr'>πληρωθῇ.</span> <span class='ocrx_word' id='word_1_40' title='bbox 696 705 735 766; x_wconf 80' lang='grc' dir='ltr'>Τὸ</span> <span class='ocrx_word' id='word_1_41' title='bbox 750 705 776 764; x_wconf 77' lang='grc' dir='ltr'>δὲ</span> <span class='ocrx_word' id='word_1_42' title='bbox 789 709 841 764; x_wconf 82' lang='grc' dir='ltr'>τῶν</span> <span class='ocrx_word' id='word_1_43' title='bbox 862 706 936 766; x_wconf 91' lang='grc' dir='ltr'>θείων</span> <span class='ocrx_word' id='word_1_44' title='bbox 952 710 1055 785; x_wconf 77' lang='grc' dir='ltr'>ἀγαθῶν</span> <span class='ocrx_word' id='word_1_45' title='bbox 1100 709 1175 782; x_wconf 77' lang='grc' dir='ltr'>ἡμεῖς</span> <span class='ocrx_word' id='word_1_46' title='bbox 1184 711 1213 768; x_wconf 89' lang='grc' dir='ltr'>οὐ</span> <span class='ocrx_word' id='word_1_47' title='bbox 1221 707 1315 788; x_wconf 92' lang='grc' dir='ltr'>κύριοι.</span> <span class='ocrx_word' id='word_1_48' title='bbox 1356 713 1415 770; x_wconf 84' lang='grc' dir='ltr'>Οὐκ</span> <span class='ocrx_word' id='word_1_49' title='bbox 1429 710 1706 790; x_wconf 75' lang='grc' dir='ltr'>ἀρ’ἡμῑνθίτύσῶμα</span> <span class='ocrx_word' id='word_1_50' title='bbox 1719 713 1770 770; x_wconf 79' lang='grc' dir='ltr'>καί</span> <span class='ocrx_word' id='word_1_51' title='bbox 1784 711 1853 792; x_wconf 69' lang='grc' dir='ltr'>τάγρί</span> 
     </span>
     <span class='ocr_line' id='line_1_5' title="bbox 277 793 1853 876; baseline 0.002 -23"><span class='ocrx_word' id='word_1_52' title='bbox 277 799 421 872; x_wconf 78' lang='grc' dir='ltr'>ἡγεμονοῦν</span> <span class='ocrx_word' id='word_1_53' title='bbox 446 801 463 867; x_wconf 81' lang='grc' dir='ltr'>ἡ</span> <span class='ocrx_word' id='word_1_54' title='bbox 488 794 609 874; x_wconf 81' lang='grc' dir='ltr'>φρόνησις</span> <span class='ocrx_word' id='word_1_55' title='bbox 632 793 716 867; x_wconf 84' lang='grc' dir='ltr'>αὐτη,</span> <span class='ocrx_word' id='word_1_56' title='bbox 739 797 826 860; x_wconf 82' lang='grc' dir='ltr'>καλῶς</span> <span class='ocrx_word' id='word_1_57' title='bbox 844 795 1003 874; x_wconf 81' lang='grc' dir='ltr'>ίνιδρυθεῖσα</span> <span class='ocrx_word' id='word_1_58' title='bbox 1022 798 1055 871; x_wconf 85' lang='grc' dir='ltr'>τῇ</span> <span class='ocrx_word' id='word_1_59' title='bbox 1101 817 1188 870; x_wconf 85' lang='grc' dir='ltr'><strong>ματα·</strong></span> <span class='ocrx_word' id='word_1_60' title='bbox 1202 795 1247 854; x_wconf 86' lang='grc' dir='ltr'>καί</span> <span class='ocrx_word' id='word_1_61' title='bbox 1261 797 1369 869; x_wconf 77' lang='grc' dir='ltr'>ἀτελῶς,</span> <span class='ocrx_word' id='word_1_62' title='bbox 1389 796 1438 855; x_wconf 77' lang='grc' dir='ltr'>ὅσα</span> <span class='ocrx_word' id='word_1_63' title='bbox 1452 801 1499 868; x_wconf 74' lang='grc' dir='ltr'>τῆς</span> <span class='ocrx_word' id='word_1_64' title='bbox 1512 800 1619 876; x_wconf 79' lang='grc' dir='ltr'>λογικῆς</span> <span class='ocrx_word' id='word_1_65' title='bbox 1633 801 1713 874; x_wconf 73' lang='grc' dir='ltr'>ἡμῶν</span> <span class='ocrx_word' id='word_1_66' title='bbox 1730 799 1820 865; x_wconf 82' lang='grc' dir='ltr'>οὐσίας</span> <span class='ocrx_word' id='word_1_67' title='bbox 1831 799 1853 868; x_wconf 69' lang='lat' dir='ltr'>ii</span> 
     </span>
     <span class='ocr_line' id='line_1_6' title="bbox 276 873 1853 966; baseline 0.003 -26"><span class='ocrx_word' id='word_1_68' title='bbox 276 885 369 964; x_wconf 80' lang='grc' dir='ltr'>λογικῇ</span> <span class='ocrx_word' id='word_1_69' title='bbox 383 887 473 962; x_wconf 79' lang='grc' dir='ltr'>ψυχῇ,</span> <span class='ocrx_word' id='word_1_70' title='bbox 487 883 576 940; x_wconf 85' lang='grc' dir='ltr'>δίδωσι</span> <span class='ocrx_word' id='word_1_71' title='bbox 586 881 646 960; x_wconf 85' lang='grc' dir='ltr'>περί</span> <span class='ocrx_word' id='word_1_72' title='bbox 661 881 766 940; x_wconf 86' lang='grc' dir='ltr'>πόντων</span> <span class='ocrx_word' id='word_1_73' title='bbox 777 873 805 940; x_wconf 87' lang='grc' dir='ltr'>εὐ</span> <span class='ocrx_word' id='word_1_74' title='bbox 819 881 995 960; x_wconf 84' lang='grc' dir='ltr'>βουλεύεσθαι,</span> <span class='ocrx_word' id='word_1_75' title='bbox 1009 881 1054 941; x_wconf 84' lang='grc' dir='ltr'>καί</span> <span class='ocrx_word' id='word_1_76' title='bbox 1099 885 1192 954; x_wconf 82' lang='grc' dir='ltr'>κεῖται,</span> <span class='ocrx_word' id='word_1_77' title='bbox 1199 881 1257 942; x_wconf 90' lang='grc' dir='ltr'>οὐτε</span> <span class='ocrx_word' id='word_1_78' title='bbox 1266 883 1314 954; x_wconf 71' lang='grc' dir='ltr'>τὴν</span> <span class='ocrx_word' id='word_1_79' title='bbox 1323 883 1407 964; x_wconf 80' lang='grc' dir='ltr'>ἀρχὴν</span> <span class='ocrx_word' id='word_1_80' title='bbox 1418 884 1564 956; x_wconf 73' lang='grc' dir='ltr'>κτίσασθαι</span> <span class='ocrx_word' id='word_1_81' title='bbox 1572 884 1613 964; x_wconf 74' lang='grc' dir='ltr'>ἐρ’</span> <span class='ocrx_word' id='word_1_82' title='bbox 1620 885 1697 961; x_wconf 72' lang='grc' dir='ltr'>ἡμῖν,</span> <span class='ocrx_word' id='word_1_83' title='bbox 1705 885 1771 944; x_wconf 87' lang='grc' dir='ltr'>ούτε</span> <span class='ocrx_word' id='word_1_84' title='bbox 1778 888 1853 966; x_wconf 56' lang='lat' dir='ltr'>polii</span> 
     </span>
     <span class='ocr_line' id='line_1_7' title="bbox 276 967 1853 1050; baseline 0.001 -22"><span class='ocrx_word' id='word_1_85' title='bbox 276 970 321 1028; x_wconf 89' lang='grc' dir='ltr'>τύν</span> <span class='ocrx_word' id='word_1_86' title='bbox 334 970 381 1046; x_wconf 70' lang='grc' dir='ltr'>μὲν</span> <span class='ocrx_word' id='word_1_87' title='bbox 394 973 501 1028; x_wconf 83' lang='grc' dir='ltr'>θάνατον</span> <span class='ocrx_word' id='word_1_88' title='bbox 514 967 635 1047; x_wconf 82' lang='grc' dir='ltr'>ἀνδρείως</span> <span class='ocrx_word' id='word_1_89' title='bbox 649 969 749 1050; x_wconf 87' lang='grc' dir='ltr'>ρίρειν,</span> <span class='ocrx_word' id='word_1_90' title='bbox 760 968 807 1042; x_wconf 78' lang='grc' dir='ltr'>τὴν</span> <span class='ocrx_word' id='word_1_91' title='bbox 819 968 846 1027; x_wconf 71' lang='grc' dir='ltr'>δὲ</span> <span class='ocrx_word' id='word_1_92' title='bbox 859 969 991 1042; x_wconf 79' lang='grc' dir='ltr'>ἀπούολὴν</span> <span class='ocrx_word' id='word_1_93' title='bbox 1003 973 1053 1027; x_wconf 83' lang='grc' dir='ltr'>τῶν</span> <span class='ocrx_word' id='word_1_94' title='bbox 1098 969 1139 1050; x_wconf 79' lang='grc' dir='ltr'>ἀρ’</span> <span class='ocrx_word' id='word_1_95' title='bbox 1148 970 1209 1030; x_wconf 73' lang='grc' dir='ltr'>ὅσον</span> <span class='ocrx_word' id='word_1_96' title='bbox 1223 971 1425 1050; x_wconf 84' lang='grc' dir='ltr'>βουλόμεθα·τύ</span> <span class='ocrx_word' id='word_1_97' title='bbox 1444 972 1482 1044; x_wconf 83' lang='grc' dir='ltr'>δι’,</span> <span class='ocrx_word' id='word_1_98' title='bbox 1497 971 1707 1050; x_wconf 81' lang='grc' dir='ltr'>προσγινομένων</span> <span class='ocrx_word' id='word_1_99' title='bbox 1727 975 1776 1032; x_wconf 82' lang='grc' dir='ltr'>καί</span> <span class='ocrx_word' id='word_1_100' title='bbox 1791 975 1853 1050; x_wconf 59' lang='lat' dir='ltr'>eiam</span> 
     </span>
     <span class='ocr_line' id='line_1_8' title="bbox 275 1055 1853 1138; baseline 0.003 -23"><span class='ocrx_word' id='word_1_101' title='bbox 275 1057 421 1136; x_wconf 76' lang='grc' dir='ltr'>χρημάτων</span> <span class='ocrx_word' id='word_1_102' title='bbox 437 1056 527 1138; x_wconf 63' lang='grc' dir='ltr'>πρᾴως</span> <span class='ocrx_word' id='word_1_103' title='bbox 541 1057 586 1116; x_wconf 85' lang='grc' dir='ltr'>καὶ</span> <span class='ocrx_word' id='word_1_104' title='bbox 599 1059 730 1132; x_wconf 84' lang='grc' dir='ltr'>ι’μμελῶς.</span> <span class='ocrx_word' id='word_1_105' title='bbox 776 1057 868 1122; x_wconf 80' lang='grc' dir='ltr'>Πότας</span> <span class='ocrx_word' id='word_1_106' title='bbox 879 1056 931 1136; x_wconf 80' lang='grc' dir='ltr'>γάρ</span> <span class='ocrx_word' id='word_1_107' title='bbox 942 1055 988 1124; x_wconf 87' lang='grc' dir='ltr'>τάς</span> <span class='ocrx_word' id='word_1_108' title='bbox 1007 1079 1054 1132; x_wconf 87' lang='grc' dir='ltr'>με·</span> <span class='ocrx_word' id='word_1_109' title='bbox 1100 1059 1212 1132; x_wconf 80' lang='grc' dir='ltr'>νομένων</span> <span class='ocrx_word' id='word_1_110' title='bbox 1235 1061 1335 1130; x_wconf 83' lang='grc' dir='ltr'>αὐτῶν,</span> <span class='ocrx_word' id='word_1_111' title='bbox 1350 1057 1418 1136; x_wconf 85' lang='grc' dir='ltr'>μετά</span> <span class='ocrx_word' id='word_1_112' title='bbox 1431 1061 1525 1138; x_wconf 76' lang='grc' dir='ltr'>ἀρετῆς</span> <span class='ocrx_word' id='word_1_113' title='bbox 1542 1061 1721 1138; x_wconf 80' lang='grc' dir='ltr'>ἀποδίχεσθαι</span> <span class='ocrx_word' id='word_1_114' title='bbox 1738 1061 1807 1119; x_wconf 77' lang='grc' dir='ltr'>αὐτό</span> <span class='ocrx_word' id='word_1_115' title='bbox 1817 1107 1824 1131; x_wconf 90' lang='grc'>,</span> <span class='ocrx_word' id='word_1_116' title='bbox 1835 1087 1853 1120; x_wconf 84' lang='grc' dir='ltr'>τι</span> 
     </span>
     <span class='ocr_line' id='line_1_9' title="bbox 274 1137 1853 1228; baseline 0.004 -26"><span class='ocrx_word' id='word_1_117' title='bbox 274 1142 389 1211; x_wconf 81' lang='grc' dir='ltr'>ταύολάς</span> <span class='ocrx_word' id='word_1_118' title='bbox 405 1149 451 1216; x_wconf 74' lang='grc' dir='ltr'>τῆς</span> <span class='ocrx_word' id='word_1_119' title='bbox 471 1149 566 1216; x_wconf 77' lang='grc' dir='ltr'>θνητῆς</span> <span class='ocrx_word' id='word_1_120' title='bbox 585 1141 700 1224; x_wconf 81' lang='grc' dir='ltr'>ρύσεως,</span> <span class='ocrx_word' id='word_1_121' title='bbox 723 1142 768 1200; x_wconf 77' lang='grc' dir='ltr'>καί</span> <span class='ocrx_word' id='word_1_122' title='bbox 782 1145 828 1213; x_wconf 78' lang='grc' dir='ltr'>τῆς</span> <span class='ocrx_word' id='word_1_123' title='bbox 847 1145 975 1218; x_wconf 74' lang='grc' dir='ltr'>ἑπομένης</span> <span class='ocrx_word' id='word_1_124' title='bbox 989 1146 1054 1222; x_wconf 82' lang='grc' dir='ltr'>αὐτῇ</span> <span class='ocrx_word' id='word_1_125' title='bbox 1073 1137 1077 1226; x_wconf 86' lang='grc' dir='ltr'>Ι</span> <span class='ocrx_word' id='word_1_126' title='bbox 1099 1144 1281 1217; x_wconf 86' lang='grc' dir='ltr'>ἀποτίθεσθαι,</span> <span class='ocrx_word' id='word_1_127' title='bbox 1293 1151 1369 1206; x_wconf 73' lang='grc' dir='ltr'>τοῦτο</span> <span class='ocrx_word' id='word_1_128' title='bbox 1388 1138 1422 1218; x_wconf 70' lang='grc' dir='ltr'>ἦν</span> <span class='ocrx_word' id='word_1_129' title='bbox 1436 1149 1476 1228; x_wconf 75' lang='grc' dir='ltr'>ἀρ’</span> <span class='ocrx_word' id='word_1_130' title='bbox 1489 1152 1569 1224; x_wconf 78' lang='grc' dir='ltr'>ἡμῖν,</span> <span class='ocrx_word' id='word_1_131' title='bbox 1590 1151 1635 1207; x_wconf 84' lang='grc' dir='ltr'>καὶ</span> <span class='ocrx_word' id='word_1_132' title='bbox 1651 1152 1699 1218; x_wconf 71' lang='grc' dir='ltr'>τῆς</span> <span class='ocrx_word' id='word_1_133' title='bbox 1709 1151 1818 1224; x_wconf 74' lang='grc' dir='ltr'>λογικῆς</span> <span class='ocrx_word' id='word_1_134' title='bbox 1836 1155 1853 1208; x_wconf 83' lang='lat' dir='ltr'>ai</span> 
     </span>
     <span class='ocr_line' id='line_1_10' title="bbox 274 1229 1853 1358; baseline 0.005 -70"><span class='ocrx_word' id='word_1_135' title='bbox 274 1231 370 1310; x_wconf 90' lang='grc' dir='ltr'>τύχης,</span> <span class='ocrx_word' id='word_1_136' title='bbox 386 1230 523 1312; x_wconf 86' lang='grc' dir='ltr'>σωρρόνως</span> <span class='ocrx_word' id='word_1_137' title='bbox 545 1230 590 1288; x_wconf 79' lang='grc' dir='ltr'>καί</span> <span class='ocrx_word' id='word_1_138' title='bbox 605 1229 790 1300; x_wconf 78' lang='grc' dir='ltr'>ἀνεκπλήκτως</span> <span class='ocrx_word' id='word_1_139' title='bbox 804 1229 941 1305; x_wconf 85' lang='grc' dir='ltr'>ύπομόνειν</span> <span class='ocrx_word' id='word_1_140' title='bbox 961 1229 1054 1310; x_wconf 80' lang='grc' dir='ltr'>ἡρρό-</span> <span class='ocrx_word' id='word_1_141' title='bbox 1072 1235 1077 1358; x_wconf 68' lang='grc' dir='ltr'>γ</span> <span class='ocrx_word' id='word_1_142' title='bbox 1099 1232 1157 1300; x_wconf 82' lang='grc' dir='ltr'>σίας</span> <span class='ocrx_word' id='word_1_143' title='bbox 1170 1232 1249 1306; x_wconf 84' lang='grc' dir='ltr'>ίύιον,</span> <span class='ocrx_word' id='word_1_144' title='bbox 1263 1237 1295 1292; x_wconf 77' lang='grc' dir='ltr'>ἂν</span> <span class='ocrx_word' id='word_1_145' title='bbox 1309 1233 1347 1310; x_wconf 78' lang='grc' dir='ltr'>μὴ</span> <span class='ocrx_word' id='word_1_146' title='bbox 1371 1235 1515 1310; x_wconf 90' lang='grc' dir='ltr'>ἀλογίστως</span> <span class='ocrx_word' id='word_1_147' title='bbox 1533 1234 1603 1314; x_wconf 76' lang='grc' dir='ltr'>ἔχειν</span> <span class='ocrx_word' id='word_1_148' title='bbox 1618 1233 1748 1314; x_wconf 76' lang='grc' dir='ltr'>περὶτῶν</span> <span class='ocrx_word' id='word_1_149' title='bbox 1769 1236 1853 1312; x_wconf 63' lang='lat' dir='ltr'>supin</span> 
     </span>
     <span class='ocr_line' id='line_1_11' title="bbox 274 1314 1853 1399; baseline 0.002 -23"><span class='ocrx_word' id='word_1_150' title='bbox 274 1342 347 1390; x_wconf 88' lang='grc' dir='ltr'>νησις</span> <span class='ocrx_word' id='word_1_151' title='bbox 369 1317 486 1380; x_wconf 81' lang='grc' dir='ltr'>δύναται.</span> <span class='ocrx_word' id='word_1_152' title='bbox 528 1320 583 1388; x_wconf 81' lang='grc' dir='ltr'>Τὴν</span> <span class='ocrx_word' id='word_1_153' title='bbox 611 1314 663 1395; x_wconf 83' lang='grc' dir='ltr'>γάρ</span> <span class='ocrx_word' id='word_1_154' title='bbox 690 1315 766 1395; x_wconf 82' lang='grc' dir='ltr'>ρύσιν</span> <span class='ocrx_word' id='word_1_155' title='bbox 797 1315 977 1394; x_wconf 85' lang='grc' dir='ltr'>ίκλελόγισται</span> <span class='ocrx_word' id='word_1_156' title='bbox 1004 1321 1055 1377; x_wconf 78' lang='grc' dir='ltr'>τῶν</span> <span class='ocrx_word' id='word_1_157' title='bbox 1098 1318 1192 1394; x_wconf 82' lang='grc' dir='ltr'>νόντων</span> <span class='ocrx_word' id='word_1_158' title='bbox 1207 1321 1302 1392; x_wconf 65' lang='lat' dir='ltr'>[coris</span> <span class='ocrx_word' id='word_1_159' title='bbox 1317 1321 1403 1396; x_wconf 71' lang='grc' dir='ltr'>ἐθίζῃ,</span> <span class='ocrx_word' id='word_1_160' title='bbox 1417 1320 1486 1380; x_wconf 83' lang='grc' dir='ltr'>ἀλλά</span> <span class='ocrx_word' id='word_1_161' title='bbox 1496 1322 1549 1387; x_wconf 84' lang='grc' dir='ltr'>τοῖς</span> <span class='ocrx_word' id='word_1_162' title='bbox 1563 1321 1639 1388; x_wconf 82' lang='grc' dir='ltr'>θείοις</span> <span class='ocrx_word' id='word_1_163' title='bbox 1653 1321 1755 1393; x_wconf 70' lang='grc' dir='ltr'>ἕπηται</span> <span class='ocrx_word' id='word_1_164' title='bbox 1769 1324 1853 1399; x_wconf 56' lang='lat' dir='ltr'>pisper</span> 
     </span>
     <span class='ocr_line' id='line_1_12' title="bbox 275 1395 1853 1488; baseline 0.003 -25"><span class='ocrx_word' id='word_1_165' title='bbox 275 1406 451 1484; x_wconf 79' lang='grc' dir='ltr'>πραγμάτων,</span> <span class='ocrx_word' id='word_1_166' title='bbox 466 1405 511 1464; x_wconf 86' lang='grc' dir='ltr'>καί</span> <span class='ocrx_word' id='word_1_167' title='bbox 525 1395 609 1476; x_wconf 73' lang='grc' dir='ltr'>οἶδεν,</span> <span class='ocrx_word' id='word_1_168' title='bbox 625 1409 660 1471; x_wconf 83' lang='grc' dir='ltr'>ὡς</span> <span class='ocrx_word' id='word_1_169' title='bbox 673 1403 775 1478; x_wconf 80' lang='grc' dir='ltr'>ἀνάγκη</span> <span class='ocrx_word' id='word_1_170' title='bbox 798 1403 828 1460; x_wconf 88' lang='grc' dir='ltr'>τύ</span> <span class='ocrx_word' id='word_1_171' title='bbox 843 1403 1012 1478; x_wconf 82' lang='grc' dir='ltr'>συμπλτοθὲν</span> <span class='ocrx_word' id='word_1_172' title='bbox 1026 1407 1054 1462; x_wconf 83' lang='grc' dir='ltr'>ίκ</span> <span class='ocrx_word' id='word_1_173' title='bbox 1098 1398 1135 1475; x_wconf 76' lang='grc' dir='ltr'>οἷς</span> <span class='ocrx_word' id='word_1_174' title='bbox 1153 1408 1239 1466; x_wconf 81' lang='grc' dir='ltr'>πάντα</span> <span class='ocrx_word' id='word_1_175' title='bbox 1253 1404 1288 1468; x_wconf 83' lang='grc' dir='ltr'>τά</span> <span class='ocrx_word' id='word_1_176' title='bbox 1308 1407 1369 1488; x_wconf 83' lang='grc' dir='ltr'>περὶ</span> <span class='ocrx_word' id='word_1_177' title='bbox 1392 1413 1463 1484; x_wconf 69' lang='grc' dir='ltr'>ἡμᾶς</span> <span class='ocrx_word' id='word_1_178' title='bbox 1477 1407 1599 1487; x_wconf 76' lang='grc' dir='ltr'>ὥρισται.</span> <span class='ocrx_word' id='word_1_179' title='bbox 1642 1409 1778 1470; x_wconf 76' lang='grc' dir='ltr'>Ἐνταῦθα</span> <span class='ocrx_word' id='word_1_180' title='bbox 1795 1403 1832 1468; x_wconf 75' lang='grc' dir='ltr'>αὐτ</span> <span class='ocrx_word' id='word_1_181' title='bbox 1845 1435 1853 1468; x_wconf 82' lang='grc' dir='ltr'>τ</span> 
     </span>
     <span class='ocr_line' id='line_1_13' title="bbox 273 1487 1853 1577; baseline 0.004 -27"><span class='ocrx_word' id='word_1_182' title='bbox 273 1497 322 1572; x_wconf 73' lang='grc' dir='ltr'>γῆς</span> <span class='ocrx_word' id='word_1_183' title='bbox 340 1493 385 1551; x_wconf 83' lang='grc' dir='ltr'>καί</span> <span class='ocrx_word' id='word_1_184' title='bbox 399 1492 490 1559; x_wconf 62' lang='lat' dir='ltr'>ltere&lt;</span> <span class='ocrx_word' id='word_1_185' title='bbox 511 1495 663 1562; x_wconf 80' lang='grc' dir='ltr'>διαλυθῆναι</span> <span class='ocrx_word' id='word_1_186' title='bbox 685 1494 764 1550; x_wconf 84' lang='grc' dir='ltr'>πάλιν</span> <span class='ocrx_word' id='word_1_187' title='bbox 779 1493 814 1558; x_wconf 90' lang='grc' dir='ltr'>είς</span> <span class='ocrx_word' id='word_1_188' title='bbox 828 1491 910 1550; x_wconf 85' lang='grc' dir='ltr'>αὐτοί·</span> <span class='ocrx_word' id='word_1_189' title='bbox 929 1489 973 1549; x_wconf 86' lang='grc' dir='ltr'>καί</span> <span class='ocrx_word' id='word_1_190' title='bbox 991 1491 1055 1569; x_wconf 88' lang='grc' dir='ltr'>πρθς</span> <span class='ocrx_word' id='word_1_191' title='bbox 1098 1495 1137 1577; x_wconf 79' lang='grc' dir='ltr'>ἀρ’</span> <span class='ocrx_word' id='word_1_192' title='bbox 1149 1500 1211 1572; x_wconf 72' lang='grc' dir='ltr'>ἡμῖν</span> <span class='ocrx_word' id='word_1_193' title='bbox 1227 1495 1336 1572; x_wconf 86' lang='grc' dir='ltr'>δύναμιν</span> <span class='ocrx_word' id='word_1_194' title='bbox 1350 1495 1406 1576; x_wconf 77' lang='grc' dir='ltr'>ἔχει</span> <span class='ocrx_word' id='word_1_195' title='bbox 1422 1497 1564 1574; x_wconf 88' lang='grc' dir='ltr'>μεγίστην,</span> <span class='ocrx_word' id='word_1_196' title='bbox 1577 1499 1604 1555; x_wconf 77' lang='grc' dir='ltr'>ἓν</span> <span class='ocrx_word' id='word_1_197' title='bbox 1620 1501 1660 1577; x_wconf 78' lang='grc' dir='ltr'>τῷ</span> <span class='ocrx_word' id='word_1_198' title='bbox 1676 1487 1706 1555; x_wconf 79' lang='grc' dir='ltr'>εὐ</span> <span class='ocrx_word' id='word_1_199' title='bbox 1719 1507 1806 1576; x_wconf 86' lang='grc' dir='ltr'>κρῖναι</span> <span class='ocrx_word' id='word_1_200' title='bbox 1821 1523 1853 1576; x_wconf 74' lang='lat' dir='ltr'>:q</span> 
     </span>
     <span class='ocr_line' id='line_1_14' title="bbox 273 1570 1853 1664; baseline 0.003 -26"><span class='ocrx_word' id='word_1_201' title='bbox 273 1581 320 1652; x_wconf 76' lang='grc' dir='ltr'>τὴν</span> <span class='ocrx_word' id='word_1_202' title='bbox 341 1579 457 1660; x_wconf 82' lang='grc' dir='ltr'>ἀνάγκην</span> <span class='ocrx_word' id='word_1_203' title='bbox 477 1583 523 1639; x_wconf 88' lang='grc' dir='ltr'>οὐκ</span> <span class='ocrx_word' id='word_1_204' title='bbox 538 1580 712 1660; x_wconf 87' lang='grc' dir='ltr'>ἀγριαίνεται·</span> <span class='ocrx_word' id='word_1_205' title='bbox 734 1579 791 1639; x_wconf 80' lang='lat' dir='ltr'>otti</span> <span class='ocrx_word' id='word_1_206' title='bbox 814 1580 964 1659; x_wconf 74' lang='grc' dir='ltr'>ἀπρονόητα</span> <span class='ocrx_word' id='word_1_207' title='bbox 987 1570 1055 1638; x_wconf 70' lang='grc' dir='ltr'>ε’ίναι</span> <span class='ocrx_word' id='word_1_208' title='bbox 1096 1585 1148 1639; x_wconf 76' lang='grc' dir='ltr'>τῶν</span> <span class='ocrx_word' id='word_1_209' title='bbox 1160 1583 1208 1640; x_wconf 89' lang='grc' dir='ltr'>οὐκ</span> <span class='ocrx_word' id='word_1_210' title='bbox 1223 1583 1263 1662; x_wconf 76' lang='grc' dir='ltr'>ἀρ’</span> <span class='ocrx_word' id='word_1_211' title='bbox 1276 1583 1357 1659; x_wconf 79' lang='grc' dir='ltr'>ἡμῖν,</span> <span class='ocrx_word' id='word_1_212' title='bbox 1374 1582 1419 1641; x_wconf 81' lang='grc' dir='ltr'>καί</span> <span class='ocrx_word' id='word_1_213' title='bbox 1438 1586 1475 1656; x_wconf 80' lang='grc' dir='ltr'>μὴ</span> <span class='ocrx_word' id='word_1_214' title='bbox 1489 1587 1522 1662; x_wconf 83' lang='grc' dir='ltr'>τῇ</span> <span class='ocrx_word' id='word_1_215' title='bbox 1535 1583 1635 1643; x_wconf 87' lang='grc' dir='ltr'>τούτων</span> <span class='ocrx_word' id='word_1_216' title='bbox 1650 1585 1853 1664; x_wconf 71' lang='grc' dir='ltr'>προπαθείατί</span> 
     </span>
     <span class='ocr_line' id='line_1_15' title="bbox 272 1665 1853 1750; baseline 0.002 -24"><span class='ocrx_word' id='word_1_217' title='bbox 272 1669 371 1726; x_wconf 86' lang='grc' dir='ltr'>τίθεται</span> <span class='ocrx_word' id='word_1_218' title='bbox 393 1667 426 1728; x_wconf 75' lang='lat' dir='ltr'>tle</span> <span class='ocrx_word' id='word_1_219' title='bbox 449 1670 507 1727; x_wconf 89' lang='grc' dir='ltr'>καθ’</span> <span class='ocrx_word' id='word_1_220' title='bbox 534 1672 620 1744; x_wconf 73' lang='grc' dir='ltr'>ἡμᾶς,</span> <span class='ocrx_word' id='word_1_221' title='bbox 642 1668 687 1728; x_wconf 71' lang='lat' dir='ltr'>iit</span> <span class='ocrx_word' id='word_1_222' title='bbox 715 1666 746 1726; x_wconf 78' lang='grc' dir='ltr'>τό</span> <span class='ocrx_word' id='word_1_223' title='bbox 772 1667 863 1740; x_wconf 85' lang='grc' dir='ltr'>θνητὸν</span> <span class='ocrx_word' id='word_1_224' title='bbox 888 1668 1051 1744; x_wconf 77' lang='grc' dir='ltr'>ἀποθνήσκῃ.</span> <span class='ocrx_word' id='word_1_225' title='bbox 1097 1673 1143 1726; x_wconf 81' lang='grc' dir='ltr'>τοῦ</span> <span class='ocrx_word' id='word_1_226' title='bbox 1165 1667 1332 1738; x_wconf 77' lang='grc' dir='ltr'>αὐτεξουσίου</span> <span class='ocrx_word' id='word_1_227' title='bbox 1358 1669 1453 1748; x_wconf 73' lang='grc' dir='ltr'>ἀρετὴν</span> <span class='ocrx_word' id='word_1_228' title='bbox 1472 1670 1686 1750; x_wconf 84' lang='grc' dir='ltr'>προσαπολίσαι.</span> <span class='ocrx_word' id='word_1_229' title='bbox 1729 1672 1768 1732; x_wconf 89' lang='grc' dir='ltr'>Τί</span> <span class='ocrx_word' id='word_1_230' title='bbox 1800 1665 1853 1730; x_wconf 66' lang='grc' dir='ltr'>οὐκ</span> 
     </span>
     <span class='ocr_line' id='line_1_16' title="bbox 273 1752 1853 1840; baseline 0.001 -23"><span class='ocrx_word' id='word_1_231' title='bbox 273 1757 400 1817; x_wconf 70' lang='lat' dir='ltr'>studeret</span> <span class='ocrx_word' id='word_1_232' title='bbox 414 1755 515 1836; x_wconf 80' lang='grc' dir='ltr'>γάρόις</span> <span class='ocrx_word' id='word_1_233' title='bbox 530 1752 668 1814; x_wconf 89' lang='grc' dir='ltr'>θανίιιν</span> <span class='ocrx_word' id='word_1_234' title='bbox 687 1754 867 1834; x_wconf 75' lang='grc' dir='ltr'>πέπρωται</span> <span class='ocrx_word' id='word_1_235' title='bbox 885 1753 992 1831; x_wconf 76' lang='grc' dir='ltr'>ἅπασι,</span> <span class='ocrx_word' id='word_1_236' title='bbox 1008 1753 1055 1814; x_wconf 88' lang='grc' dir='ltr'>καί</span> <span class='ocrx_word' id='word_1_237' title='bbox 1097 1755 1202 1835; x_wconf 79' lang='grc' dir='ltr'>ίμρρων</span> <span class='ocrx_word' id='word_1_238' title='bbox 1217 1756 1299 1836; x_wconf 89' lang='grc' dir='ltr'>κρίσις</span> <span class='ocrx_word' id='word_1_239' title='bbox 1312 1755 1528 1838; x_wconf 75' lang='grc' dir='ltr'>λίγειςΠαρύντι</span> <span class='ocrx_word' id='word_1_240' title='bbox 1549 1758 1649 1840; x_wconf 76' lang='grc' dir='ltr'>μλντῷ</span> <span class='ocrx_word' id='word_1_241' title='bbox 1663 1758 1853 1838; x_wconf 60' lang='lat' dir='ltr'>edwini-‚i</span> 
     </span>
     <span class='ocr_line' id='line_1_17' title="bbox 272 1841 1852 1926; baseline 0.004 -26"><span class='ocrx_word' id='word_1_242' title='bbox 272 1865 310 1909; x_wconf 88' lang='grc' dir='ltr'>τις</span> <span class='ocrx_word' id='word_1_243' title='bbox 325 1843 465 1921; x_wconf 80' lang='grc' dir='ltr'>ὡρισμένος</span> <span class='ocrx_word' id='word_1_244' title='bbox 479 1841 534 1902; x_wconf 78' lang='grc' dir='ltr'>ἐστὶ</span> <span class='ocrx_word' id='word_1_245' title='bbox 550 1843 642 1922; x_wconf 79' lang='grc' dir='ltr'>χρόνος</span> <span class='ocrx_word' id='word_1_246' title='bbox 658 1841 722 1923; x_wconf 81' lang='grc' dir='ltr'>πρὸς</span> <span class='ocrx_word' id='word_1_247' title='bbox 740 1841 866 1920; x_wconf 67' lang='grc' dir='ltr'>διαμονὴν</span> <span class='ocrx_word' id='word_1_248' title='bbox 888 1844 940 1910; x_wconf 82' lang='grc' dir='ltr'>τοῖς</span> <span class='ocrx_word' id='word_1_249' title='bbox 953 1849 1054 1918; x_wconf 85' lang='grc' dir='ltr'>θνητοῖς</span> <span class='ocrx_word' id='word_1_250' title='bbox 1096 1845 1201 1924; x_wconf 85' lang='grc' dir='ltr'>πλούτιμ</span> <span class='ocrx_word' id='word_1_251' title='bbox 1218 1847 1306 1911; x_wconf 79' lang='grc' dir='ltr'>καλῶς</span> <span class='ocrx_word' id='word_1_252' title='bbox 1322 1849 1451 1923; x_wconf 82' lang='grc' dir='ltr'>χρῆσθαι,</span> <span class='ocrx_word' id='word_1_253' title='bbox 1473 1845 1520 1905; x_wconf 82' lang='grc' dir='ltr'>καί</span> <span class='ocrx_word' id='word_1_254' title='bbox 1535 1845 1598 1926; x_wconf 76' lang='grc' dir='ltr'>πρὸς</span> <span class='ocrx_word' id='word_1_255' title='bbox 1612 1847 1760 1926; x_wconf 75' lang='grc' dir='ltr'>ὑπηρεσίαν</span> <span class='ocrx_word' id='word_1_256' title='bbox 1774 1851 1852 1926; x_wconf 76' lang='grc' dir='ltr'>ἀριτίς</span> 
     </span>
     <span class='ocr_line' id='line_1_18' title="bbox 273 1923 1853 2016; baseline 0.003 -27"><span class='ocrx_word' id='word_1_257' title='bbox 273 1935 348 2006; x_wconf 80' lang='grc' dir='ltr'>ἡμῶν</span> <span class='ocrx_word' id='word_1_258' title='bbox 358 1931 493 2008; x_wconf 80' lang='grc' dir='ltr'>σώμασιν,</span> <span class='ocrx_word' id='word_1_259' title='bbox 508 1923 536 1989; x_wconf 82' lang='grc' dir='ltr'>οὐ</span> <span class='ocrx_word' id='word_1_260' title='bbox 550 1932 740 2002; x_wconf 59' lang='lat' dir='ltr'>tertiumsi</span> <span class='ocrx_word' id='word_1_261' title='bbox 752 1932 790 1989; x_wconf 84' lang='grc' dir='ltr'>δεῖ</span> <span class='ocrx_word' id='word_1_262' title='bbox 800 1932 979 2008; x_wconf 85' lang='grc' dir='ltr'>χαλεπαίνειν,</span> <span class='ocrx_word' id='word_1_263' title='bbox 993 1935 1053 1992; x_wconf 87' lang='grc' dir='ltr'>ἀλλ’</span> <span class='ocrx_word' id='word_1_264' title='bbox 1097 1929 1226 1992; x_wconf 83' lang='grc' dir='ltr'>ἀπιόντων</span> <span class='ocrx_word' id='word_1_265' title='bbox 1254 1931 1300 2004; x_wconf 75' lang='grc' dir='ltr'>ἀί,</span> <span class='ocrx_word' id='word_1_266' title='bbox 1321 1933 1416 1991; x_wconf 84' lang='grc' dir='ltr'>είδίναι</span> <span class='ocrx_word' id='word_1_267' title='bbox 1429 1934 1547 2016; x_wconf 64' lang='grc' dir='ltr'>τὀθιόν,</span> <span class='ocrx_word' id='word_1_268' title='bbox 1567 1933 1613 1992; x_wconf 83' lang='grc' dir='ltr'>καί</span> <span class='ocrx_word' id='word_1_269' title='bbox 1638 1935 1704 2014; x_wconf 79' lang='grc' dir='ltr'>πρὸς</span> <span class='ocrx_word' id='word_1_270' title='bbox 1719 1937 1776 2001; x_wconf 85' lang='grc' dir='ltr'>ταῖς</span> <span class='ocrx_word' id='word_1_271' title='bbox 1793 1937 1853 1993; x_wconf 68' lang='lat' dir='ltr'>um</span> 
     </span>
     <span class='ocr_line' id='line_1_19' title="bbox 272 2017 1853 2101; baseline 0.001 -25"><span class='ocrx_word' id='word_1_272' title='bbox 272 2021 305 2084; x_wconf 79' lang='grc' dir='ltr'>ὡς</span> <span class='ocrx_word' id='word_1_273' title='bbox 317 2017 389 2100; x_wconf 84' lang='grc' dir='ltr'>νόμῳ</span> <span class='ocrx_word' id='word_1_274' title='bbox 399 2019 459 2099; x_wconf 81' lang='grc' dir='ltr'>θείῳ</span> <span class='ocrx_word' id='word_1_275' title='bbox 475 2019 579 2083; x_wconf 78' lang='grc' dir='ltr'>ἑκόντας</span> <span class='ocrx_word' id='word_1_276' title='bbox 594 2017 711 2080; x_wconf 74' lang='grc' dir='ltr'>ἕπεσθαι.</span> <span class='ocrx_word' id='word_1_277' title='bbox 751 2021 836 2078; x_wconf 82' lang='grc' dir='ltr'>Τοῦτο</span> <span class='ocrx_word' id='word_1_278' title='bbox 850 2017 901 2100; x_wconf 80' lang='grc' dir='ltr'>γύρ</span> <span class='ocrx_word' id='word_1_279' title='bbox 914 2024 960 2078; x_wconf 86' lang='grc' dir='ltr'>ν’ύν</span> <span class='ocrx_word' id='word_1_280' title='bbox 973 2023 991 2090; x_wconf 77' lang='grc' dir='ltr'>ἡ</span> <span class='ocrx_word' id='word_1_281' title='bbox 1006 2044 1052 2080; x_wconf 81' lang='grc' dir='ltr'>πε·</span> <span class='ocrx_word' id='word_1_282' title='bbox 1097 2019 1199 2095; x_wconf 76' lang='grc' dir='ltr'>ἀρεταῖς</span> <span class='ocrx_word' id='word_1_283' title='bbox 1221 2019 1334 2078; x_wconf 78' lang='grc' dir='ltr'>ἀλυπίαν</span> <span class='ocrx_word' id='word_1_284' title='bbox 1356 2019 1510 2098; x_wconf 76' lang='grc' dir='ltr'>κερδαίνειν.</span> <span class='ocrx_word' id='word_1_285' title='bbox 1553 2019 1633 2080; x_wconf 85' lang='grc' dir='ltr'>Οὐτω</span> <span class='ocrx_word' id='word_1_286' title='bbox 1646 2022 1700 2101; x_wconf 84' lang='grc' dir='ltr'>γάρ</span> <span class='ocrx_word' id='word_1_287' title='bbox 1719 2023 1766 2081; x_wconf 86' lang='grc' dir='ltr'>καὶ</span> <span class='ocrx_word' id='word_1_288' title='bbox 1783 2023 1853 2101; x_wconf 54' lang='lat' dir='ltr'>imi</span> 
     </span>
     <span class='ocr_line' id='line_1_20' title="bbox 271 2103 1853 2187; baseline 0.004 -25"><span class='ocrx_word' id='word_1_289' title='bbox 271 2106 397 2183; x_wconf 84' lang='grc' dir='ltr'>πρωμίνη</span> <span class='ocrx_word' id='word_1_290' title='bbox 414 2108 503 2178; x_wconf 87' lang='grc' dir='ltr'>δηλοῖ,</span> <span class='ocrx_word' id='word_1_291' title='bbox 520 2107 589 2184; x_wconf 82' lang='grc' dir='ltr'>ὅροις</span> <span class='ocrx_word' id='word_1_292' title='bbox 602 2105 670 2166; x_wconf 82' lang='grc' dir='ltr'>τισίν</span> <span class='ocrx_word' id='word_1_293' title='bbox 690 2105 840 2184; x_wconf 87' lang='grc' dir='ltr'>ἀναγκαίοις</span> <span class='ocrx_word' id='word_1_294' title='bbox 852 2111 1052 2182; x_wconf 83' lang='grc' dir='ltr'>πεπερατῶσθαι</span> <span class='ocrx_word' id='word_1_295' title='bbox 1096 2103 1168 2172; x_wconf 87' lang='grc' dir='ltr'>θεούς</span> <span class='ocrx_word' id='word_1_296' title='bbox 1189 2104 1308 2164; x_wconf 83' lang='grc' dir='ltr'>εὐσίθεια</span> <span class='ocrx_word' id='word_1_297' title='bbox 1328 2106 1521 2187; x_wconf 81' lang='grc' dir='ltr'>τηρηθήσεται,</span> <span class='ocrx_word' id='word_1_298' title='bbox 1537 2107 1583 2166; x_wconf 84' lang='grc' dir='ltr'>καί</span> <span class='ocrx_word' id='word_1_299' title='bbox 1600 2107 1636 2165; x_wconf 75' lang='lat' dir='ltr'>el</span> <span class='ocrx_word' id='word_1_300' title='bbox 1650 2114 1699 2180; x_wconf 79' lang='grc' dir='ltr'>τῆς</span> <span class='ocrx_word' id='word_1_301' title='bbox 1720 2111 1853 2180; x_wconf 72' lang='grc' dir='ltr'>δικαιοσύνη</span> 
     </span>
     <span class='ocr_line' id='line_1_21' title="bbox 271 2184 1853 2275; baseline 0.004 -27"><span class='ocrx_word' id='word_1_302' title='bbox 271 2191 318 2265; x_wconf 76' lang='grc' dir='ltr'>τὴν</span> <span class='ocrx_word' id='word_1_303' title='bbox 335 2193 430 2266; x_wconf 71' lang='grc' dir='ltr'>θνητὴν</span> <span class='ocrx_word' id='word_1_304' title='bbox 445 2197 521 2270; x_wconf 78' lang='grc' dir='ltr'>ἡμῶν</span> <span class='ocrx_word' id='word_1_305' title='bbox 537 2193 621 2264; x_wconf 79' lang='grc' dir='ltr'>ζωήν·</span> <span class='ocrx_word' id='word_1_306' title='bbox 634 2192 781 2274; x_wconf 79' lang='grc' dir='ltr'>φρονήσεως</span> <span class='ocrx_word' id='word_1_307' title='bbox 792 2191 820 2252; x_wconf 74' lang='grc' dir='ltr'>δὲ</span> <span class='ocrx_word' id='word_1_308' title='bbox 833 2193 897 2252; x_wconf 86' lang='grc' dir='ltr'>ίθιον</span> <span class='ocrx_word' id='word_1_309' title='bbox 911 2184 979 2253; x_wconf 76' lang='grc' dir='ltr'>εἶναι</span> <span class='ocrx_word' id='word_1_310' title='bbox 997 2201 1051 2260; x_wconf 84' lang='grc' dir='ltr'>τοῖς</span> <span class='ocrx_word' id='word_1_311' title='bbox 1096 2191 1196 2273; x_wconf 86' lang='grc' dir='ltr'>μίτρα,</span> <span class='ocrx_word' id='word_1_312' title='bbox 1223 2197 1245 2252; x_wconf 90' lang='grc' dir='ltr'>εί</span> <span class='ocrx_word' id='word_1_313' title='bbox 1266 2192 1296 2251; x_wconf 85' lang='grc' dir='ltr'>τθ</span> <span class='ocrx_word' id='word_1_314' title='bbox 1317 2193 1422 2272; x_wconf 89' lang='grc' dir='ltr'>λογικύν</span> <span class='ocrx_word' id='word_1_315' title='bbox 1441 2194 1552 2272; x_wconf 66' lang='lat' dir='ltr'>tapeta</span> <span class='ocrx_word' id='word_1_316' title='bbox 1572 2203 1631 2263; x_wconf 87' lang='grc' dir='ltr'>ταῖς</span> <span class='ocrx_word' id='word_1_317' title='bbox 1647 2187 1853 2275; x_wconf 74' lang='grc' dir='ltr'>περιστύσεσιιί</span> 
     </span>
     <span class='ocr_line' id='line_1_22' title="bbox 270 2279 1853 2363; baseline 0.001 -26"><span class='ocrx_word' id='word_1_318' title='bbox 270 2284 323 2339; x_wconf 83' lang='grc' dir='ltr'>τῶν</span> <span class='ocrx_word' id='word_1_319' title='bbox 335 2279 487 2360; x_wconf 85' lang='grc' dir='ltr'>κρειττόνων</span> <span class='ocrx_word' id='word_1_320' title='bbox 499 2279 608 2339; x_wconf 73' lang='grc' dir='ltr'>ἔπεσθαι</span> <span class='ocrx_word' id='word_1_321' title='bbox 617 2279 752 2356; x_wconf 80' lang='grc' dir='ltr'>δόγμασιν,</span> <span class='ocrx_word' id='word_1_322' title='bbox 763 2282 792 2339; x_wconf 86' lang='grc' dir='ltr'>οὐ</span> <span class='ocrx_word' id='word_1_323' title='bbox 804 2279 834 2338; x_wconf 84' lang='grc' dir='ltr'>τθ</span> <span class='ocrx_word' id='word_1_324' title='bbox 845 2279 882 2354; x_wconf 75' lang='grc' dir='ltr'>μὴ</span> <span class='ocrx_word' id='word_1_325' title='bbox 893 2283 1051 2352; x_wconf 85' lang='grc' dir='ltr'>ἀποθανεῖν,</span> <span class='ocrx_word' id='word_1_326' title='bbox 1096 2279 1141 2338; x_wconf 82' lang='grc' dir='ltr'>καὶ</span> <span class='ocrx_word' id='word_1_327' title='bbox 1153 2281 1238 2346; x_wconf 81' lang='grc' dir='ltr'>καλῶς</span> <span class='ocrx_word' id='word_1_328' title='bbox 1249 2283 1380 2358; x_wconf 84' lang='grc' dir='ltr'>χρῆσθαι,</span> <span class='ocrx_word' id='word_1_329' title='bbox 1396 2281 1442 2340; x_wconf 84' lang='grc' dir='ltr'>καί</span> <span class='ocrx_word' id='word_1_330' title='bbox 1453 2281 1512 2348; x_wconf 86' lang='grc' dir='ltr'>τούς</span> <span class='ocrx_word' id='word_1_331' title='bbox 1523 2287 1569 2352; x_wconf 76' lang='grc' dir='ltr'>τῆς</span> <span class='ocrx_word' id='word_1_332' title='bbox 1580 2281 1735 2363; x_wconf 78' lang='grc' dir='ltr'>φρόνησεως</span> <span class='ocrx_word' id='word_1_333' title='bbox 1747 2281 1815 2362; x_wconf 67' lang='grc' dir='ltr'>θροις</span> <span class='ocrx_word' id='word_1_334' title='bbox 1827 2287 1853 2339; x_wconf 72' lang='grc' dir='ltr'>ἐν</span> 
     </span>
     <span class='ocr_line' id='line_1_23' title="bbox 272 2360 1853 2449; baseline 0 -22"><span class='ocrx_word' id='word_1_335' title='bbox 272 2369 340 2427; x_wconf 87' lang='grc' dir='ltr'>ἀλλά</span> <span class='ocrx_word' id='word_1_336' title='bbox 351 2369 379 2428; x_wconf 82' lang='grc' dir='ltr'>τὸ</span> <span class='ocrx_word' id='word_1_337' title='bbox 391 2360 419 2426; x_wconf 85' lang='grc' dir='ltr'>εὐ</span> <span class='ocrx_word' id='word_1_338' title='bbox 435 2371 585 2442; x_wconf 81' lang='grc' dir='ltr'>ἀποθανεῖν,</span> <span class='ocrx_word' id='word_1_339' title='bbox 601 2367 737 2438; x_wconf 74' lang='grc' dir='ltr'>ζητούσης.</span> <span class='ocrx_word' id='word_1_340' title='bbox 780 2366 897 2444; x_wconf 86' lang='grc' dir='ltr'>Ὁμοίως</span> <span class='ocrx_word' id='word_1_341' title='bbox 911 2367 939 2426; x_wconf 74' lang='grc' dir='ltr'>δύ</span> <span class='ocrx_word' id='word_1_342' title='bbox 951 2368 996 2426; x_wconf 88' lang='grc' dir='ltr'>καὶ</span> <span class='ocrx_word' id='word_1_343' title='bbox 1005 2367 1052 2439; x_wconf 75' lang='grc' dir='ltr'>τὴν</span> <span class='ocrx_word' id='word_1_344' title='bbox 1096 2365 1218 2425; x_wconf 86' lang='grc' dir='ltr'>τιτιθίναι</span> <span class='ocrx_word' id='word_1_345' title='bbox 1236 2368 1290 2434; x_wconf 84' lang='grc' dir='ltr'>τοῖς</span> <span class='ocrx_word' id='word_1_346' title='bbox 1301 2368 1420 2427; x_wconf 80' lang='grc' dir='ltr'>δοκοῦσιν</span> <span class='ocrx_word' id='word_1_347' title='bbox 1434 2371 1470 2436; x_wconf 79' lang='grc' dir='ltr'>ὡς</span> <span class='ocrx_word' id='word_1_348' title='bbox 1480 2369 1558 2449; x_wconf 83' lang='grc' dir='ltr'>ίτυχε</span> <span class='ocrx_word' id='word_1_349' title='bbox 1575 2369 1623 2428; x_wconf 85' lang='grc' dir='ltr'>καὶ</span> <span class='ocrx_word' id='word_1_350' title='bbox 1636 2369 1759 2438; x_wconf 76' lang='grc' dir='ltr'>ἀτάκτως</span> <span class='ocrx_word' id='word_1_351' title='bbox 1768 2371 1853 2446; x_wconf 72' lang='lat' dir='ltr'>sopiri</span> 
     </span>
     <span class='ocr_line' id='line_1_24' title="bbox 270 2445 1853 2538; baseline 0.001 -23"><span class='ocrx_word' id='word_1_352' title='bbox 270 2461 323 2516; x_wconf 85' lang='grc' dir='ltr'>τῶν</span> <span class='ocrx_word' id='word_1_353' title='bbox 334 2457 479 2537; x_wconf 80' lang='grc' dir='ltr'>χρημάτων</span> <span class='ocrx_word' id='word_1_354' title='bbox 491 2457 621 2536; x_wconf 87' lang='grc' dir='ltr'>ρύσινούκ</span> <span class='ocrx_word' id='word_1_355' title='bbox 636 2457 732 2532; x_wconf 80' lang='grc' dir='ltr'>ἀγνοεῖ,</span> <span class='ocrx_word' id='word_1_356' title='bbox 747 2454 788 2514; x_wconf 82' lang='grc' dir='ltr'>ὅτι</span> <span class='ocrx_word' id='word_1_357' title='bbox 797 2460 841 2512; x_wconf 80' lang='grc' dir='ltr'>νῦν</span> <span class='ocrx_word' id='word_1_358' title='bbox 855 2455 902 2532; x_wconf 77' lang='grc' dir='ltr'>μὲν</span> <span class='ocrx_word' id='word_1_359' title='bbox 911 2445 989 2533; x_wconf 70' lang='grc' dir='ltr'>ἦλθε,</span> <span class='ocrx_word' id='word_1_360' title='bbox 1004 2461 1049 2514; x_wconf 83' lang='grc' dir='ltr'>νῦν</span> <span class='ocrx_word' id='word_1_361' title='bbox 1095 2477 1157 2515; x_wconf 91' lang='grc' dir='ltr'>νιιν.</span> <span class='ocrx_word' id='word_1_362' title='bbox 1199 2451 1299 2522; x_wconf 78' lang='grc' dir='ltr'>Ἄλλως</span> <span class='ocrx_word' id='word_1_363' title='bbox 1312 2452 1362 2535; x_wconf 76' lang='grc' dir='ltr'>γάρ</span> <span class='ocrx_word' id='word_1_364' title='bbox 1388 2457 1435 2517; x_wconf 90' lang='grc' dir='ltr'>οὐκ</span> <span class='ocrx_word' id='word_1_365' title='bbox 1451 2456 1483 2515; x_wconf 83' lang='grc' dir='ltr'>ἀν</span> <span class='ocrx_word' id='word_1_366' title='bbox 1502 2457 1582 2537; x_wconf 73' lang='grc' dir='ltr'>ἀρετὴ</span> <span class='ocrx_word' id='word_1_367' title='bbox 1605 2460 1771 2538; x_wconf 72' lang='grc' dir='ltr'>φυλαχθείη,</span> <span class='ocrx_word' id='word_1_368' title='bbox 1792 2459 1853 2534; x_wconf 74' lang='lat' dir='ltr'>ispi</span> 
     </span>
    </p>
   </div>
   <div class='ocr_carea' id='block_1_3' title="bbox 267 2621 1853 4531">
    <p class='ocr_par' dir='ltr' id='par_1_3' title="bbox 267 2621 1853 4531">
     <span class='ocr_line' id='line_1_25' title="bbox 273 2621 1853 2700; baseline 0.001 -22"><span class='ocrx_word' id='word_1_369' title='bbox 273 2625 488 2698; x_wconf 81' lang='lat' dir='ltr'>temperantiam</span> <span class='ocrx_word' id='word_1_370' title='bbox 502 2623 659 2697; x_wconf 80' lang='lat' dir='ltr'><strong>cupiditas,</strong></span> <span class='ocrx_word' id='word_1_371' title='bbox 676 2621 868 2693; x_wconf 79' lang='lat' dir='ltr'>justitiarum</span> <span class='ocrx_word' id='word_1_372' title='bbox 882 2623 1050 2697; x_wconf 88' lang='lat' dir='ltr'>proportio·</span> <span class='ocrx_word' id='word_1_373' title='bbox 1097 2623 1204 2696; x_wconf 79' lang='lat' dir='ltr'>quippe</span> <span class='ocrx_word' id='word_1_374' title='bbox 1219 2641 1281 2696; x_wconf 84' lang='lat' dir='ltr'>quaa</span> <span class='ocrx_word' id='word_1_375' title='bbox 1295 2641 1353 2678; x_wconf 88' lang='lat' dir='ltr'>uun</span> <span class='ocrx_word' id='word_1_376' title='bbox 1368 2625 1468 2679; x_wconf 91' lang='lat' dir='ltr'>mortis</span> <span class='ocrx_word' id='word_1_377' title='bbox 1481 2623 1638 2700; x_wconf 82' lang='lat' dir='ltr'>effugium,</span> <span class='ocrx_word' id='word_1_378' title='bbox 1656 2625 1711 2681; x_wconf 89' lang='lat' dir='ltr'>sed</span> <span class='ocrx_word' id='word_1_379' title='bbox 1732 2627 1853 2682; x_wconf 82' lang='lat' dir='ltr'>bmeno</span> 
     </span>
     <span class='ocr_line' id='line_1_26' title="bbox 271 2707 1853 2785; baseline 0.003 -21"><span class='ocrx_word' id='word_1_380' title='bbox 271 2729 336 2766; x_wconf 90' lang='lat' dir='ltr'>nem</span> <span class='ocrx_word' id='word_1_381' title='bbox 356 2721 520 2779; x_wconf 82' lang='lat' dir='ltr'>conservet,</span> <span class='ocrx_word' id='word_1_382' title='bbox 533 2721 615 2783; x_wconf 88' lang='lat' dir='ltr'>atque</span> <span class='ocrx_word' id='word_1_383' title='bbox 628 2709 684 2764; x_wconf 79' lang='lat' dir='ltr'>lroc</span> <span class='ocrx_word' id='word_1_384' title='bbox 709 2707 797 2762; x_wconf 90' lang='lat' dir='ltr'>modo</span> <span class='ocrx_word' id='word_1_385' title='bbox 811 2707 937 2762; x_wconf 91' lang='lat' dir='ltr'>mortalis</span> <span class='ocrx_word' id='word_1_386' title='bbox 956 2717 1052 2762; x_wconf 90' lang='lat' dir='ltr'>noster</span> <span class='ocrx_word' id='word_1_387' title='bbox 1098 2711 1190 2765; x_wconf 82' lang='lat' dir='ltr'>ciendi</span> <span class='ocrx_word' id='word_1_388' title='bbox 1205 2712 1344 2766; x_wconf 89' lang='lat' dir='ltr'>rationem</span> <span class='ocrx_word' id='word_1_389' title='bbox 1368 2723 1485 2785; x_wconf 88' lang='lat' dir='ltr'>quaerat.</span> <span class='ocrx_word' id='word_1_390' title='bbox 1511 2710 1650 2769; x_wconf 77' lang='lat' dir='ltr'>Similiter</span> <span class='ocrx_word' id='word_1_391' title='bbox 1667 2726 1697 2769; x_wconf 90' lang='lat' dir='ltr'>et</span> <span class='ocrx_word' id='word_1_392' title='bbox 1719 2713 1853 2768; x_wconf 76' lang='lat' dir='ltr'>divitiam</span> 
     </span>
     <span class='ocr_line' id='line_1_27' title="bbox 270 2794 1853 2874; baseline 0.003 -22"><span class='ocrx_word' id='word_1_393' title='bbox 270 2799 358 2853; x_wconf 86' lang='lat' dir='ltr'>bomo</span> <span class='ocrx_word' id='word_1_394' title='bbox 378 2806 508 2852; x_wconf 86' lang='lat' dir='ltr'>ornatum</span> <span class='ocrx_word' id='word_1_395' title='bbox 536 2797 654 2870; x_wconf 88' lang='lat' dir='ltr'>accipiat</span> <span class='ocrx_word' id='word_1_396' title='bbox 672 2813 705 2850; x_wconf 88' lang='lat' dir='ltr'>cx</span> <span class='ocrx_word' id='word_1_397' title='bbox 727 2794 899 2849; x_wconf 85' lang='lat' dir='ltr'>abundantia</span> <span class='ocrx_word' id='word_1_398' title='bbox 919 2795 1050 2864; x_wconf 80' lang='lat' dir='ltr'>virtutis,</span> <span class='ocrx_word' id='word_1_399' title='bbox 1096 2801 1632 2874; x_wconf 76' lang='lat' dir='ltr'>naturaperspectanonignorat,eas</span> <span class='ocrx_word' id='word_1_400' title='bbox 1643 2803 1853 2872; x_wconf 80' lang='lat' dir='ltr'>nuncarcedcrq</span> 
     </span>
     <span class='ocr_line' id='line_1_28' title="bbox 272 2879 1853 2962; baseline 0.003 -24"><span class='ocrx_word' id='word_1_401' title='bbox 272 2905 334 2960; x_wconf 88' lang='lat' dir='ltr'>qnae</span> <span class='ocrx_word' id='word_1_402' title='bbox 348 2886 500 2940; x_wconf 81' lang='lat' dir='ltr'>immortali</span> <span class='ocrx_word' id='word_1_403' title='bbox 512 2884 620 2938; x_wconf 89' lang='lat' dir='ltr'>homini</span> <span class='ocrx_word' id='word_1_404' title='bbox 634 2883 718 2939; x_wconf 89' lang='lat' dir='ltr'>insita</span> <span class='ocrx_word' id='word_1_405' title='bbox 726 2893 777 2940; x_wconf 88' lang='lat' dir='ltr'>cst.</span> <span class='ocrx_word' id='word_1_406' title='bbox 790 2882 899 2938; x_wconf 83' lang='lat' dir='ltr'>Etenim</span> <span class='ocrx_word' id='word_1_407' title='bbox 910 2883 1052 2956; x_wconf 77' lang='lat' dir='ltr'>praecipue</span> <span class='ocrx_word' id='word_1_408' title='bbox 1096 2903 1172 2940; x_wconf 93' lang='lat' dir='ltr'>nunc</span> <span class='ocrx_word' id='word_1_409' title='bbox 1187 2884 1339 2958; x_wconf 83' lang='lat' dir='ltr'>decedere,</span> <span class='ocrx_word' id='word_1_410' title='bbox 1354 2904 1387 2940; x_wconf 87' lang='lat' dir='ltr'>cx</span> <span class='ocrx_word' id='word_1_411' title='bbox 1397 2885 1460 2942; x_wconf 86' lang='lat' dir='ltr'>fixis</span> <span class='ocrx_word' id='word_1_412' title='bbox 1474 2887 1644 2962; x_wconf 88' lang='lat' dir='ltr'>quibusdam</span> <span class='ocrx_word' id='word_1_413' title='bbox 1660 2891 1763 2958; x_wconf 87' lang='lat' dir='ltr'>causis,</span> <span class='ocrx_word' id='word_1_414' title='bbox 1778 2879 1853 2961; x_wconf 76' lang='lat' dir='ltr'>quibui</span> 
     </span>
     <span class='ocr_line' id='line_1_29' title="bbox 270 2969 1852 3048; baseline 0.001 -22"><span class='ocrx_word' id='word_1_415' title='bbox 270 2975 388 3028; x_wconf 79' lang='lat' dir='ltr'>virtutes</span> <span class='ocrx_word' id='word_1_416' title='bbox 405 2989 421 3026; x_wconf 89' lang='lat' dir='ltr'>a</span> <span class='ocrx_word' id='word_1_417' title='bbox 440 2983 533 3027; x_wconf 88' lang='lat' dir='ltr'>mente</span> <span class='ocrx_word' id='word_1_418' title='bbox 548 2972 578 3024; x_wconf 93' lang='lat' dir='ltr'>in</span> <span class='ocrx_word' id='word_1_419' title='bbox 593 2971 717 3025; x_wconf 89' lang='lat' dir='ltr'>animum</span> <span class='ocrx_word' id='word_1_420' title='bbox 739 2970 906 3024; x_wconf 79' lang='lat' dir='ltr'>rationalem</span> <span class='ocrx_word' id='word_1_421' title='bbox 927 2969 1052 3024; x_wconf 78' lang='lat' dir='ltr'>immissae</span> <span class='ocrx_word' id='word_1_422' title='bbox 1097 2971 1238 3026; x_wconf 87' lang='lat' dir='ltr'>obluctari</span> <span class='ocrx_word' id='word_1_423' title='bbox 1260 2973 1376 3027; x_wconf 90' lang='lat' dir='ltr'>stultum</span> <span class='ocrx_word' id='word_1_424' title='bbox 1410 2983 1468 3043; x_wconf 89' lang='lat' dir='ltr'>est,</span> <span class='ocrx_word' id='word_1_425' title='bbox 1498 2973 1738 3048; x_wconf 89' lang='lat' dir='ltr'>quandoquidem</span> <span class='ocrx_word' id='word_1_426' title='bbox 1764 2993 1852 3046; x_wconf 79' lang='lat' dir='ltr'>eorm,</span> 
     </span>
     <span class='ocr_line' id='line_1_30' title="bbox 272 3055 1852 3136; baseline 0.001 -22"><span class='ocrx_word' id='word_1_427' title='bbox 272 3061 369 3114; x_wconf 88' lang='lat' dir='ltr'>lucent</span> <span class='ocrx_word' id='word_1_428' title='bbox 384 3059 501 3132; x_wconf 83' lang='lat' dir='ltr'>ejusque</span> <span class='ocrx_word' id='word_1_429' title='bbox 514 3059 632 3132; x_wconf 86' lang='lat' dir='ltr'>propria</span> <span class='ocrx_word' id='word_1_430' title='bbox 646 3057 737 3112; x_wconf 89' lang='lat' dir='ltr'>forma</span> <span class='ocrx_word' id='word_1_431' title='bbox 751 3067 815 3112; x_wconf 89' lang='lat' dir='ltr'>sunt</span> <span class='ocrx_word' id='word_1_432' title='bbox 828 3067 857 3112; x_wconf 91' lang='lat' dir='ltr'>et</span> <span class='ocrx_word' id='word_1_433' title='bbox 870 3055 1007 3132; x_wconf 71' lang='lat' dir='ltr'>perfectio</span> <span class='ocrx_word' id='word_1_434' title='bbox 1025 3065 1053 3112; x_wconf 90' lang='lat' dir='ltr'>et</span> <span class='ocrx_word' id='word_1_435' title='bbox 1096 3077 1159 3132; x_wconf 78' lang='lat' dir='ltr'>quae</span> <span class='ocrx_word' id='word_1_436' title='bbox 1172 3077 1232 3112; x_wconf 91' lang='lat' dir='ltr'>non</span> <span class='ocrx_word' id='word_1_437' title='bbox 1248 3069 1313 3114; x_wconf 89' lang='lat' dir='ltr'>sunt</span> <span class='ocrx_word' id='word_1_438' title='bbox 1335 3062 1426 3115; x_wconf 88' lang='lat' dir='ltr'>nostri</span> <span class='ocrx_word' id='word_1_439' title='bbox 1445 3060 1571 3130; x_wconf 86' lang='lat' dir='ltr'>arbitrii,</span> <span class='ocrx_word' id='word_1_440' title='bbox 1585 3063 1726 3136; x_wconf 85' lang='lat' dir='ltr'>possessio</span> <span class='ocrx_word' id='word_1_441' title='bbox 1741 3064 1770 3116; x_wconf 93' lang='lat' dir='ltr'>in</span> <span class='ocrx_word' id='word_1_442' title='bbox 1784 3072 1852 3116; x_wconf 69' lang='lat' dir='ltr'>noan</span> 
     </span>
     <span class='ocr_line' id='line_1_31' title="bbox 270 3144 1852 3220; baseline 0.004 -20"><span class='ocrx_word' id='word_1_443' title='bbox 270 3149 334 3202; x_wconf 80' lang='lat' dir='ltr'>ritae</span> <span class='ocrx_word' id='word_1_444' title='bbox 348 3148 473 3205; x_wconf 81' lang='lat' dir='ltr'>beatitas.</span> <span class='ocrx_word' id='word_1_445' title='bbox 487 3150 521 3202; x_wconf 90' lang='lat' dir='ltr'>lu</span> <span class='ocrx_word' id='word_1_446' title='bbox 535 3145 607 3201; x_wconf 89' lang='lat' dir='ltr'>illud</span> <span class='ocrx_word' id='word_1_447' title='bbox 621 3157 714 3200; x_wconf 91' lang='lat' dir='ltr'>autem</span> <span class='ocrx_word' id='word_1_448' title='bbox 727 3144 805 3218; x_wconf 91' lang='lat' dir='ltr'>quod</span> <span class='ocrx_word' id='word_1_449' title='bbox 821 3145 938 3200; x_wconf 88' lang='lat' dir='ltr'>rationis</span> <span class='ocrx_word' id='word_1_450' title='bbox 952 3162 1052 3217; x_wconf 85' lang='lat' dir='ltr'>expers</span> <span class='ocrx_word' id='word_1_451' title='bbox 1096 3165 1155 3200; x_wconf 89' lang='lat' dir='ltr'>non</span> <span class='ocrx_word' id='word_1_452' title='bbox 1170 3157 1371 3220; x_wconf 87' lang='lat' dir='ltr'>estpotestate.</span> <span class='ocrx_word' id='word_1_453' title='bbox 1393 3147 1489 3204; x_wconf 79' lang='lat' dir='ltr'>Nostri</span> <span class='ocrx_word' id='word_1_454' title='bbox 1504 3159 1599 3204; x_wconf 87' lang='lat' dir='ltr'>autem</span> <span class='ocrx_word' id='word_1_455' title='bbox 1614 3149 1729 3204; x_wconf 87' lang='lat' dir='ltr'>arbitrii</span> <span class='ocrx_word' id='word_1_456' title='bbox 1745 3169 1800 3204; x_wconf 91' lang='lat' dir='ltr'>non</span> <span class='ocrx_word' id='word_1_457' title='bbox 1811 3153 1852 3206; x_wconf 77' lang='lat' dir='ltr'>suti</span> 
     </span>
     <span class='ocr_line' id='line_1_32' title="bbox 272 3229 1852 3308; baseline 0 -18"><span class='ocrx_word' id='word_1_458' title='bbox 272 3244 354 3290; x_wconf 86' lang='lat' dir='ltr'>estet</span> <span class='ocrx_word' id='word_1_459' title='bbox 369 3236 398 3290; x_wconf 94' lang='lat' dir='ltr'>in</span> <span class='ocrx_word' id='word_1_460' title='bbox 413 3237 532 3290; x_wconf 86' lang='lat' dir='ltr'>mortale</span> <span class='ocrx_word' id='word_1_461' title='bbox 547 3249 652 3308; x_wconf 90' lang='lat' dir='ltr'>corpus</span> <span class='ocrx_word' id='word_1_462' title='bbox 666 3234 804 3288; x_wconf 88' lang='lat' dir='ltr'>virtutum</span> <span class='ocrx_word' id='word_1_463' title='bbox 818 3232 947 3305; x_wconf 84' lang='lat' dir='ltr'>quaedam</span> <span class='ocrx_word' id='word_1_464' title='bbox 962 3241 1052 3287; x_wconf 89' lang='lat' dir='ltr'>trans·</span> <span class='ocrx_word' id='word_1_465' title='bbox 1096 3250 1200 3305; x_wconf 89' lang='lat' dir='ltr'>corpus</span> <span class='ocrx_word' id='word_1_466' title='bbox 1221 3245 1249 3288; x_wconf 94' lang='lat' dir='ltr'>et</span> <span class='ocrx_word' id='word_1_467' title='bbox 1263 3232 1387 3308; x_wconf 81' lang='lat' dir='ltr'>divitiae,</span> <span class='ocrx_word' id='word_1_468' title='bbox 1401 3246 1487 3308; x_wconf 88' lang='lat' dir='ltr'>atque</span> <span class='ocrx_word' id='word_1_469' title='bbox 1507 3237 1537 3288; x_wconf 91' lang='lat' dir='ltr'>in</span> <span class='ocrx_word' id='word_1_470' title='bbox 1556 3253 1684 3308; x_wconf 84' lang='lat' dir='ltr'>summa,</span> <span class='ocrx_word' id='word_1_471' title='bbox 1851 3229 1852 3232; x_wconf 27' lang='lat'>¹</span> 
     </span>
     <span class='ocr_line' id='line_1_33' title="bbox 270 3319 1844 3394; baseline -0.005 -17"><span class='ocrx_word' id='word_1_472' title='bbox 270 3324 293 3378; x_wconf 91' lang='lat' dir='ltr'>it</span> <span class='ocrx_word' id='word_1_473' title='bbox 303 3323 531 3391; x_wconf 90' lang='lat' dir='ltr'>communio,ut</span> <span class='ocrx_word' id='word_1_474' title='bbox 548 3323 601 3376; x_wconf 92' lang='lat' dir='ltr'>ista</span> <span class='ocrx_word' id='word_1_475' title='bbox 612 3320 786 3393; x_wconf 84' lang='lat' dir='ltr'>etiam,qure</span> <span class='ocrx_word' id='word_1_476' title='bbox 805 3319 1052 3374; x_wconf 83' lang='lat' dir='ltr'>rationalinaturae</span> <span class='ocrx_word' id='word_1_477' title='bbox 1096 3329 1174 3373; x_wconf 85' lang='lat' dir='ltr'>extra</span> <span class='ocrx_word' id='word_1_478' title='bbox 1197 3319 1364 3376; x_wconf 87' lang='lat' dir='ltr'>rationalem</span> <span class='ocrx_word' id='word_1_479' title='bbox 1389 3332 1513 3376; x_wconf 90' lang='lat' dir='ltr'>nostram</span> <span class='ocrx_word' id='word_1_480' title='bbox 1536 3331 1668 3376; x_wconf 88' lang='lat' dir='ltr'>naturam</span> <span class='ocrx_word' id='word_1_481' title='bbox 1687 3321 1779 3394; x_wconf 84' lang='lat' dir='ltr'>posita</span> <span class='ocrx_word' id='word_1_482' title='bbox 1797 3327 1844 3372; x_wconf 83' lang='lat' dir='ltr'>snut</span> 
     </span>
     <span class='ocr_line' id='line_1_34' title="bbox 271 3407 1851 3482; baseline -0.003 -18"><span class='ocrx_word' id='word_1_483' title='bbox 271 3408 421 3482; x_wconf 87' lang='lat' dir='ltr'>conjuncta</span> <span class='ocrx_word' id='word_1_484' title='bbox 445 3419 525 3474; x_wconf 85' lang='lat' dir='ltr'>sunt,</span> <span class='ocrx_word' id='word_1_485' title='bbox 551 3407 655 3464; x_wconf 88' lang='lat' dir='ltr'>decore</span> <span class='ocrx_word' id='word_1_486' title='bbox 681 3417 708 3462; x_wconf 90' lang='lat' dir='ltr'>ct</span> <span class='ocrx_word' id='word_1_487' title='bbox 726 3407 863 3462; x_wconf 86' lang='lat' dir='ltr'>modestia</span> <span class='ocrx_word' id='word_1_488' title='bbox 877 3409 1049 3480; x_wconf 87' lang='lat' dir='ltr'>repleantur.</span> <span class='ocrx_word' id='word_1_489' title='bbox 1096 3424 1196 3461; x_wconf 85' lang='lat' dir='ltr'>eorum</span> <span class='ocrx_word' id='word_1_490' title='bbox 1206 3423 1300 3479; x_wconf 89' lang='lat' dir='ltr'>neque</span> <span class='ocrx_word' id='word_1_491' title='bbox 1312 3409 1487 3482; x_wconf 87' lang='lat' dir='ltr'>comparatio</span> <span class='ocrx_word' id='word_1_492' title='bbox 1500 3425 1652 3482; x_wconf 74' lang='lat' dir='ltr'>peucenos</span> <span class='ocrx_word' id='word_1_493' title='bbox 1666 3409 1750 3462; x_wconf 89' lang='lat' dir='ltr'>initio</span> <span class='ocrx_word' id='word_1_494' title='bbox 1765 3419 1851 3473; x_wconf 54' lang='lat' dir='ltr'>esque</span> 
     </span>
     <span class='ocr_line' id='line_1_35' title="bbox 272 3493 1851 3570; baseline -0.004 -18"><span class='ocrx_word' id='word_1_495' title='bbox 272 3500 337 3552; x_wconf 82' lang='lat' dir='ltr'>llaec</span> <span class='ocrx_word' id='word_1_496' title='bbox 359 3516 427 3552; x_wconf 86' lang='lat' dir='ltr'>vero</span> <span class='ocrx_word' id='word_1_497' title='bbox 448 3495 616 3570; x_wconf 86' lang='lat' dir='ltr'>prudentia,</span> <span class='ocrx_word' id='word_1_498' title='bbox 641 3513 703 3567; x_wconf 88' lang='lat' dir='ltr'>quae</span> <span class='ocrx_word' id='word_1_499' title='bbox 726 3495 887 3549; x_wconf 87' lang='lat' dir='ltr'>divinorum</span> <span class='ocrx_word' id='word_1_500' title='bbox 909 3494 1052 3548; x_wconf 90' lang='lat' dir='ltr'>bonorum</span> <span class='ocrx_word' id='word_1_501' title='bbox 1096 3509 1152 3566; x_wconf 89' lang='lat' dir='ltr'>que</span> <span class='ocrx_word' id='word_1_502' title='bbox 1164 3494 1287 3548; x_wconf 89' lang='lat' dir='ltr'>retentio</span> <span class='ocrx_word' id='word_1_503' title='bbox 1299 3495 1436 3568; x_wconf 82' lang='lat' dir='ltr'>quamdiu</span> <span class='ocrx_word' id='word_1_504' title='bbox 1448 3495 1594 3564; x_wconf 86' lang='lat' dir='ltr'>volumus,</span> <span class='ocrx_word' id='word_1_505' title='bbox 1605 3493 1655 3550; x_wconf 89' lang='lat' dir='ltr'>sed</span> <span class='ocrx_word' id='word_1_506' title='bbox 1666 3512 1715 3560; x_wconf 85' lang='lat' dir='ltr'>ea,</span> <span class='ocrx_word' id='word_1_507' title='bbox 1733 3513 1814 3566; x_wconf 85' lang='lat' dir='ltr'>quam</span> <span class='ocrx_word' id='word_1_508' title='bbox 1825 3510 1851 3546; x_wconf 78' lang='lat' dir='ltr'>aa</span> 
     </span>
     <span class='ocr_line' id='line_1_36' title="bbox 269 3579 1851 3658; baseline -0.001 -21"><span class='ocrx_word' id='word_1_509' title='bbox 269 3587 461 3658; x_wconf 85' lang='lat' dir='ltr'>principatum</span> <span class='ocrx_word' id='word_1_510' title='bbox 476 3593 566 3652; x_wconf 89' lang='lat' dir='ltr'>tenet,</span> <span class='ocrx_word' id='word_1_511' title='bbox 580 3583 634 3636; x_wconf 88' lang='lat' dir='ltr'>rite</span> <span class='ocrx_word' id='word_1_512' title='bbox 648 3583 678 3635; x_wconf 91' lang='lat' dir='ltr'>in</span> <span class='ocrx_word' id='word_1_513' title='bbox 693 3583 789 3636; x_wconf 87' lang='lat' dir='ltr'>animo</span> <span class='ocrx_word' id='word_1_514' title='bbox 810 3581 941 3636; x_wconf 83' lang='lat' dir='ltr'>rationali</span> <span class='ocrx_word' id='word_1_515' title='bbox 953 3582 1049 3652; x_wconf 88' lang='lat' dir='ltr'>insita,</span> <span class='ocrx_word' id='word_1_516' title='bbox 1097 3579 1201 3636; x_wconf 87' lang='lat' dir='ltr'>cedunt</span> <span class='ocrx_word' id='word_1_517' title='bbox 1216 3590 1301 3654; x_wconf 86' lang='lat' dir='ltr'>atque</span> <span class='ocrx_word' id='word_1_518' title='bbox 1320 3581 1481 3652; x_wconf 89' lang='lat' dir='ltr'>decedunt,</span> <span class='ocrx_word' id='word_1_519' title='bbox 1498 3601 1563 3638; x_wconf 91' lang='lat' dir='ltr'>cum</span> <span class='ocrx_word' id='word_1_520' title='bbox 1581 3583 1689 3636; x_wconf 84' lang='lat' dir='ltr'>virtute</span> <span class='ocrx_word' id='word_1_521' title='bbox 1705 3583 1851 3653; x_wconf 78' lang='lat' dir='ltr'>acciperet!</span> 
     </span>
     <span class='ocr_line' id='line_1_37' title="bbox 270 3665 1851 3744; baseline -0.004 -18"><span class='ocrx_word' id='word_1_522' title='bbox 270 3673 339 3728; x_wconf 88' lang='lat' dir='ltr'>facit</span> <span class='ocrx_word' id='word_1_523' title='bbox 355 3683 387 3726; x_wconf 92' lang='lat' dir='ltr'>ut</span> <span class='ocrx_word' id='word_1_524' title='bbox 406 3681 484 3726; x_wconf 89' lang='lat' dir='ltr'>recta</span> <span class='ocrx_word' id='word_1_525' title='bbox 504 3670 540 3727; x_wconf 92' lang='lat' dir='ltr'>de</span> <span class='ocrx_word' id='word_1_526' title='bbox 554 3669 815 3724; x_wconf 81' lang='lat' dir='ltr'>omnibuscensilia</span> <span class='ocrx_word' id='word_1_527' title='bbox 835 3669 992 3742; x_wconf 86' lang='lat' dir='ltr'>capiamus,</span> <span class='ocrx_word' id='word_1_528' title='bbox 1009 3680 1050 3726; x_wconf 91' lang='lat' dir='ltr'>at·</span> <span class='ocrx_word' id='word_1_529' title='bbox 1096 3665 1250 3741; x_wconf 88' lang='lat' dir='ltr'>deponere,</span> <span class='ocrx_word' id='word_1_530' title='bbox 1263 3666 1294 3723; x_wconf 89' lang='lat' dir='ltr'>id</span> <span class='ocrx_word' id='word_1_531' title='bbox 1314 3687 1400 3744; x_wconf 91' lang='lat' dir='ltr'>penes</span> <span class='ocrx_word' id='word_1_532' title='bbox 1413 3687 1465 3724; x_wconf 88' lang='lat' dir='ltr'>nos</span> <span class='ocrx_word' id='word_1_533' title='bbox 1492 3679 1584 3725; x_wconf 87' lang='lat' dir='ltr'>estet</span> <span class='ocrx_word' id='word_1_534' title='bbox 1607 3679 1717 3724; x_wconf 70' lang='lat' dir='ltr'>natura</span> <span class='ocrx_word' id='word_1_535' title='bbox 1735 3667 1851 3722; x_wconf 70' lang='lat' dir='ltr'>numu</span> 
     </span>
     <span class='ocr_line' id='line_1_38' title="bbox 270 3753 1851 3834; baseline -0.005 -22"><span class='ocrx_word' id='word_1_536' title='bbox 270 3779 326 3832; x_wconf 87' lang='lat' dir='ltr'>qne</span> <span class='ocrx_word' id='word_1_537' title='bbox 349 3770 381 3816; x_wconf 90' lang='lat' dir='ltr'>ut</span> <span class='ocrx_word' id='word_1_538' title='bbox 395 3771 515 3814; x_wconf 88' lang='lat' dir='ltr'>mortem</span> <span class='ocrx_word' id='word_1_539' title='bbox 538 3760 625 3834; x_wconf 88' lang='lat' dir='ltr'>ipsam</span> <span class='ocrx_word' id='word_1_540' title='bbox 652 3756 775 3825; x_wconf 89' lang='lat' dir='ltr'>fortiter,</span> <span class='ocrx_word' id='word_1_541' title='bbox 795 3755 961 3812; x_wconf 84' lang='lat' dir='ltr'>facultatum</span> <span class='ocrx_word' id='word_1_542' title='bbox 981 3775 1050 3812; x_wconf 83' lang='lat' dir='ltr'>vero</span> <span class='ocrx_word' id='word_1_543' title='bbox 1095 3754 1267 3828; x_wconf 86' lang='lat' dir='ltr'>proprium,</span> <span class='ocrx_word' id='word_1_544' title='bbox 1290 3755 1313 3809; x_wconf 86' lang='lat' dir='ltr'>si</span> <span class='ocrx_word' id='word_1_545' title='bbox 1328 3755 1375 3810; x_wconf 91' lang='lat' dir='ltr'>illu</span> <span class='ocrx_word' id='word_1_546' title='bbox 1389 3774 1450 3811; x_wconf 90' lang='lat' dir='ltr'>non</span> <span class='ocrx_word' id='word_1_547' title='bbox 1462 3755 1670 3812; x_wconf 82' lang='lat' dir='ltr'>inconsiderate</span> <span class='ocrx_word' id='word_1_548' title='bbox 1692 3774 1723 3810; x_wconf 86' lang='lat' dir='ltr'>se</span> <span class='ocrx_word' id='word_1_549' title='bbox 1739 3753 1851 3828; x_wconf 59' lang='grc' dir='ltr'>μενοινὴν</span> 
     </span>
     <span class='ocr_line' id='line_1_39' title="bbox 267 3839 1850 3921; baseline -0.007 -18"><span class='ocrx_word' id='word_1_550' title='bbox 267 3847 405 3919; x_wconf 87' lang='lat' dir='ltr'>jacturam</span> <span class='ocrx_word' id='word_1_551' title='bbox 419 3845 531 3921; x_wconf 87' lang='lat' dir='ltr'>placide</span> <span class='ocrx_word' id='word_1_552' title='bbox 545 3857 574 3901; x_wconf 91' lang='lat' dir='ltr'>et</span> <span class='ocrx_word' id='word_1_553' title='bbox 588 3845 720 3902; x_wconf 89' lang='lat' dir='ltr'>decenter</span> <span class='ocrx_word' id='word_1_554' title='bbox 731 3846 891 3902; x_wconf 87' lang='lat' dir='ltr'>toleremus.</span> <span class='ocrx_word' id='word_1_555' title='bbox 900 3845 970 3899; x_wconf 88' lang='lat' dir='ltr'>Nam</span> <span class='ocrx_word' id='word_1_556' title='bbox 980 3863 1050 3920; x_wconf 89' lang='lat' dir='ltr'>pru-</span> <span class='ocrx_word' id='word_1_557' title='bbox 1096 3841 1131 3896; x_wconf 86' lang='lat' dir='ltr'>iis</span> <span class='ocrx_word' id='word_1_558' title='bbox 1144 3859 1207 3914; x_wconf 86' lang='lat' dir='ltr'>quae</span> <span class='ocrx_word' id='word_1_559' title='bbox 1229 3842 1399 3916; x_wconf 80' lang='lat' dir='ltr'>contingunt</span> <span class='ocrx_word' id='word_1_560' title='bbox 1411 3853 1565 3910; x_wconf 82' lang='lat' dir='ltr'>assuescat,</span> <span class='ocrx_word' id='word_1_561' title='bbox 1583 3841 1633 3902; x_wconf 87' lang='lat' dir='ltr'>sed</span> <span class='ocrx_word' id='word_1_562' title='bbox 1647 3841 1752 3896; x_wconf 78' lang='lat' dir='ltr'>diuinis</span> <span class='ocrx_word' id='word_1_563' title='bbox 1769 3839 1850 3913; x_wconf 76' lang='lat' dir='ltr'>legbu</span> 
     </span>
     <span class='ocr_line' id='line_1_40' title="bbox 271 3925 1850 4008; baseline -0.006 -19"><span class='ocrx_word' id='word_1_564' title='bbox 271 3935 366 3990; x_wconf 90' lang='lat' dir='ltr'>dentia</span> <span class='ocrx_word' id='word_1_565' title='bbox 388 3934 522 4008; x_wconf 83' lang='lat' dir='ltr'>praeditus</span> <span class='ocrx_word' id='word_1_566' title='bbox 541 3943 650 3988; x_wconf 68' lang='lat' dir='ltr'>natura</span> <span class='ocrx_word' id='word_1_567' title='bbox 676 3933 804 3987; x_wconf 88' lang='lat' dir='ltr'>mortalis</span> <span class='ocrx_word' id='word_1_568' title='bbox 827 3931 1005 4005; x_wconf 83' lang='lat' dir='ltr'>fortunaeque</span> <span class='ocrx_word' id='word_1_569' title='bbox 1026 3934 1051 3990; x_wconf 89' lang='lat' dir='ltr'>ei</span> <span class='ocrx_word' id='word_1_570' title='bbox 1096 3927 1271 4002; x_wconf 85' lang='lat' dir='ltr'>obsequatur</span> <span class='ocrx_word' id='word_1_571' title='bbox 1289 3928 1394 4001; x_wconf 90' lang='lat' dir='ltr'>quibus</span> <span class='ocrx_word' id='word_1_572' title='bbox 1423 3931 1519 3985; x_wconf 91' lang='lat' dir='ltr'>omnia</span> <span class='ocrx_word' id='word_1_573' title='bbox 1545 3939 1641 3984; x_wconf 82' lang='lat' dir='ltr'>nostra</span> <span class='ocrx_word' id='word_1_574' title='bbox 1660 3925 1777 3984; x_wconf 80' lang='lat' dir='ltr'>definita</span> <span class='ocrx_word' id='word_1_575' title='bbox 1797 3937 1850 3981; x_wconf 81' lang='lat' dir='ltr'>snat.</span> 
     </span>
     <span class='ocr_line' id='line_1_41' title="bbox 271 4015 1850 4094; baseline -0.004 -18"><span class='ocrx_word' id='word_1_576' title='bbox 271 4021 411 4090; x_wconf 85' lang='lat' dir='ltr'>adjunctae</span> <span class='ocrx_word' id='word_1_577' title='bbox 429 4021 598 4076; x_wconf 90' lang='lat' dir='ltr'>mutationes</span> <span class='ocrx_word' id='word_1_578' title='bbox 614 4037 711 4074; x_wconf 87' lang='lat' dir='ltr'>omnes</span> <span class='ocrx_word' id='word_1_579' title='bbox 732 4021 889 4094; x_wconf 89' lang='lat' dir='ltr'>composita</span> <span class='ocrx_word' id='word_1_580' title='bbox 908 4030 1002 4076; x_wconf 88' lang='lat' dir='ltr'>mente</span> <span class='ocrx_word' id='word_1_581' title='bbox 1022 4031 1051 4076; x_wconf 91' lang='lat' dir='ltr'>et</span> <span class='ocrx_word' id='word_1_582' title='bbox 1095 4017 1150 4071; x_wconf 86' lang='lat' dir='ltr'>lllc</span> <span class='ocrx_word' id='word_1_583' title='bbox 1165 4017 1251 4090; x_wconf 80' lang='lat' dir='ltr'>igitur</span> <span class='ocrx_word' id='word_1_584' title='bbox 1271 4015 1302 4071; x_wconf 93' lang='lat' dir='ltr'>id</span> <span class='ocrx_word' id='word_1_585' title='bbox 1316 4017 1395 4090; x_wconf 89' lang='lat' dir='ltr'>quod</span> <span class='ocrx_word' id='word_1_586' title='bbox 1408 4019 1498 4073; x_wconf 86' lang='lat' dir='ltr'>nostri</span> <span class='ocrx_word' id='word_1_587' title='bbox 1523 4017 1634 4072; x_wconf 85' lang='lat' dir='ltr'>arbitrii</span> <span class='ocrx_word' id='word_1_588' title='bbox 1656 4028 1699 4072; x_wconf 84' lang='lat' dir='ltr'>est</span> <span class='ocrx_word' id='word_1_589' title='bbox 1710 4019 1770 4070; x_wconf 84' lang='lat' dir='ltr'>vim</span> <span class='ocrx_word' id='word_1_590' title='bbox 1788 4015 1850 4070; x_wconf 77' lang='lat' dir='ltr'>babet</span> 
     </span>
     <span class='ocr_line' id='line_1_42' title="bbox 271 4104 1850 4182; baseline -0.001 -21"><span class='ocrx_word' id='word_1_591' title='bbox 271 4107 412 4182; x_wconf 77' lang='lat' dir='ltr'>impavide</span> <span class='ocrx_word' id='word_1_592' title='bbox 424 4116 517 4180; x_wconf 90' lang='lat' dir='ltr'>potest</span> <span class='ocrx_word' id='word_1_593' title='bbox 530 4107 676 4162; x_wconf 86' lang='lat' dir='ltr'>sustinere.</span> <span class='ocrx_word' id='word_1_594' title='bbox 693 4107 803 4181; x_wconf 67' lang='lat' dir='ltr'>Etenim</span> <span class='ocrx_word' id='word_1_595' title='bbox 818 4106 994 4164; x_wconf 87' lang='lat' dir='ltr'>considerata</span> <span class='ocrx_word' id='word_1_596' title='bbox 1006 4125 1050 4164; x_wconf 90' lang='lat' dir='ltr'>re·</span> <span class='ocrx_word' id='word_1_597' title='bbox 1094 4104 1259 4174; x_wconf 81' lang='lat' dir='ltr'>maximam,</span> <span class='ocrx_word' id='word_1_598' title='bbox 1281 4105 1362 4160; x_wconf 85' lang='lat' dir='ltr'>sitam</span> <span class='ocrx_word' id='word_1_599' title='bbox 1375 4106 1405 4161; x_wconf 89' lang='lat' dir='ltr'>in</span> <span class='ocrx_word' id='word_1_600' title='bbox 1419 4115 1498 4161; x_wconf 88' lang='lat' dir='ltr'>recto</span> <span class='ocrx_word' id='word_1_601' title='bbox 1509 4105 1621 4177; x_wconf 80' lang='lat' dir='ltr'>judicio</span> <span class='ocrx_word' id='word_1_602' title='bbox 1634 4105 1672 4162; x_wconf 89' lang='lat' dir='ltr'>de</span> <span class='ocrx_word' id='word_1_603' title='bbox 1692 4105 1794 4172; x_wconf 82' lang='lat' dir='ltr'>rebus,</span> <span class='ocrx_word' id='word_1_604' title='bbox 1807 4111 1850 4176; x_wconf 67' lang='lat' dir='ltr'>qua</span> 
     </span>
     <span class='ocr_line' id='line_1_43' title="bbox 270 4187 1850 4268; baseline -0.003 -19"><span class='ocrx_word' id='word_1_605' title='bbox 270 4213 333 4250; x_wconf 91' lang='lat' dir='ltr'>rum</span> <span class='ocrx_word' id='word_1_606' title='bbox 346 4206 445 4248; x_wconf 90' lang='lat' dir='ltr'>natura</span> <span class='ocrx_word' id='word_1_607' title='bbox 460 4195 528 4262; x_wconf 88' lang='lat' dir='ltr'>scit,</span> <span class='ocrx_word' id='word_1_608' title='bbox 543 4193 573 4248; x_wconf 93' lang='lat' dir='ltr'>id</span> <span class='ocrx_word' id='word_1_609' title='bbox 588 4193 668 4266; x_wconf 88' lang='lat' dir='ltr'>quod</span> <span class='ocrx_word' id='word_1_610' title='bbox 680 4211 715 4248; x_wconf 87' lang='lat' dir='ltr'>ex</span> <span class='ocrx_word' id='word_1_611' title='bbox 728 4204 803 4250; x_wconf 88' lang='lat' dir='ltr'>terra</span> <span class='ocrx_word' id='word_1_612' title='bbox 818 4204 847 4248; x_wconf 89' lang='lat' dir='ltr'>et</span> <span class='ocrx_word' id='word_1_613' title='bbox 858 4211 932 4267; x_wconf 89' lang='lat' dir='ltr'>aqua</span> <span class='ocrx_word' id='word_1_614' title='bbox 946 4194 1050 4252; x_wconf 90' lang='lat' dir='ltr'>forma·</span> <span class='ocrx_word' id='word_1_615' title='bbox 1094 4209 1153 4246; x_wconf 91' lang='lat' dir='ltr'>non</span> <span class='ocrx_word' id='word_1_616' title='bbox 1172 4202 1237 4246; x_wconf 79' lang='lat' dir='ltr'>stant</span> <span class='ocrx_word' id='word_1_617' title='bbox 1257 4193 1286 4246; x_wconf 90' lang='lat' dir='ltr'>in</span> <span class='ocrx_word' id='word_1_618' title='bbox 1300 4203 1395 4248; x_wconf 88' lang='lat' dir='ltr'>nostra</span> <span class='ocrx_word' id='word_1_619' title='bbox 1415 4203 1573 4268; x_wconf 88' lang='lat' dir='ltr'>potestate,</span> <span class='ocrx_word' id='word_1_620' title='bbox 1587 4205 1674 4266; x_wconf 88' lang='lat' dir='ltr'>atque</span> <span class='ocrx_word' id='word_1_621' title='bbox 1691 4195 1721 4247; x_wconf 91' lang='lat' dir='ltr'>in</span> <span class='ocrx_word' id='word_1_622' title='bbox 1741 4187 1850 4248; x_wconf 76' lang='grc' dir='ltr'>οαιιύοοί</span> 
     </span>
     <span class='ocr_line' id='line_1_44' title="bbox 272 4279 1849 4355; baseline -0.001 -21"><span class='ocrx_word' id='word_1_623' title='bbox 272 4293 331 4335; x_wconf 89' lang='lat' dir='ltr'>turn</span> <span class='ocrx_word' id='word_1_624' title='bbox 347 4290 403 4346; x_wconf 89' lang='lat' dir='ltr'>est,</span> <span class='ocrx_word' id='word_1_625' title='bbox 418 4281 448 4336; x_wconf 92' lang='lat' dir='ltr'>in</span> <span class='ocrx_word' id='word_1_626' title='bbox 471 4298 503 4334; x_wconf 92' lang='lat' dir='ltr'>ea</span> <span class='ocrx_word' id='word_1_627' title='bbox 526 4297 622 4335; x_wconf 90' lang='lat' dir='ltr'>rursus</span> <span class='ocrx_word' id='word_1_628' title='bbox 643 4282 801 4336; x_wconf 87' lang='lat' dir='ltr'>necessario</span> <span class='ocrx_word' id='word_1_629' title='bbox 828 4281 942 4336; x_wconf 89' lang='lat' dir='ltr'>dissolvi</span> <span class='ocrx_word' id='word_1_630' title='bbox 964 4291 1050 4355; x_wconf 81' lang='lat' dir='ltr'>atque</span> <span class='ocrx_word' id='word_1_631' title='bbox 1093 4297 1129 4334; x_wconf 92' lang='lat' dir='ltr'>ne</span> <span class='ocrx_word' id='word_1_632' title='bbox 1138 4279 1240 4334; x_wconf 86' lang='lat' dir='ltr'>barum</span> <span class='ocrx_word' id='word_1_633' title='bbox 1254 4279 1410 4355; x_wconf 86' lang='lat' dir='ltr'>cupiditate</span> <span class='ocrx_word' id='word_1_634' title='bbox 1423 4281 1506 4336; x_wconf 89' lang='lat' dir='ltr'>liberi</span> <span class='ocrx_word' id='word_1_635' title='bbox 1521 4282 1633 4337; x_wconf 87' lang='lat' dir='ltr'>arbitrii</span> <span class='ocrx_word' id='word_1_636' title='bbox 1644 4283 1778 4336; x_wconf 85' lang='lat' dir='ltr'>virtutem</span> <span class='ocrx_word' id='word_1_637' title='bbox 1790 4281 1849 4334; x_wconf 75' lang='lat' dir='ltr'>anit</span> 
     </span>
     <span class='ocr_line' id='line_1_45' title="bbox 272 4366 1849 4442; baseline -0.002 -19"><span class='ocrx_word' id='word_1_638' title='bbox 272 4367 345 4424; x_wconf 86' lang='lat' dir='ltr'>adeo</span> <span class='ocrx_word' id='word_1_639' title='bbox 371 4368 400 4421; x_wconf 91' lang='lat' dir='ltr'>in</span> <span class='ocrx_word' id='word_1_640' title='bbox 420 4367 612 4422; x_wconf 88' lang='lat' dir='ltr'>necessitatem</span> <span class='ocrx_word' id='word_1_641' title='bbox 635 4385 693 4422; x_wconf 92' lang='lat' dir='ltr'>non</span> <span class='ocrx_word' id='word_1_642' title='bbox 714 4368 872 4442; x_wconf 79' lang='lat' dir='ltr'>instigatur,</span> <span class='ocrx_word' id='word_1_643' title='bbox 886 4386 938 4423; x_wconf 94' lang='lat' dir='ltr'>nec</span> <span class='ocrx_word' id='word_1_644' title='bbox 953 4371 1050 4425; x_wconf 82' lang='lat' dir='ltr'>statuit</span> <span class='ocrx_word' id='word_1_645' title='bbox 1095 4376 1195 4421; x_wconf 88' lang='lat' dir='ltr'>tamus.</span> <span class='ocrx_word' id='word_1_646' title='bbox 1211 4366 1287 4438; x_wconf 89' lang='lat' dir='ltr'>Quid</span> <span class='ocrx_word' id='word_1_647' title='bbox 1305 4369 1393 4441; x_wconf 83' lang='lat' dir='ltr'>igitur</span> <span class='ocrx_word' id='word_1_648' title='bbox 1410 4367 1689 4442; x_wconf 84' lang='lat' dir='ltr'>prudensjudicium</span> <span class='ocrx_word' id='word_1_649' title='bbox 1702 4367 1849 4424; x_wconf 66' lang='lat' dir='ltr'>suadetid</span> 
     </span>
     <span class='ocr_line' id='line_1_46' title="bbox 271 4451 1849 4531; baseline -0.003 -21"><span class='ocrx_word' id='word_1_650' title='bbox 271 4453 453 4531; x_wconf 81' lang='lat' dir='ltr'>providentia</span> <span class='ocrx_word' id='word_1_651' title='bbox 473 4471 518 4508; x_wconf 86' lang='lat' dir='ltr'>res</span> <span class='ocrx_word' id='word_1_652' title='bbox 535 4454 670 4508; x_wconf 88' lang='lat' dir='ltr'>humanas</span> <span class='ocrx_word' id='word_1_653' title='bbox 691 4472 750 4507; x_wconf 92' lang='lat' dir='ltr'>non</span> <span class='ocrx_word' id='word_1_654' title='bbox 774 4456 853 4528; x_wconf 78' lang='lat' dir='ltr'>regi,</span> <span class='ocrx_word' id='word_1_655' title='bbox 871 4457 893 4509; x_wconf 90' lang='lat' dir='ltr'>si</span> <span class='ocrx_word' id='word_1_656' title='bbox 915 4454 945 4510; x_wconf 93' lang='lat' dir='ltr'>id</span> <span class='ocrx_word' id='word_1_657' title='bbox 971 4457 1050 4529; x_wconf 91' lang='lat' dir='ltr'>quod</span> <span class='ocrx_word' id='word_1_658' title='bbox 1095 4471 1215 4526; x_wconf 88' lang='lat' dir='ltr'>corpore</span> <span class='ocrx_word' id='word_1_659' title='bbox 1229 4464 1258 4508; x_wconf 94' lang='lat' dir='ltr'>et</span> <span class='ocrx_word' id='word_1_660' title='bbox 1266 4451 1388 4522; x_wconf 85' lang='lat' dir='ltr'>divitiis,</span> <span class='ocrx_word' id='word_1_661' title='bbox 1400 4472 1490 4527; x_wconf 90' lang='lat' dir='ltr'>quum</span> <span class='ocrx_word' id='word_1_662' title='bbox 1505 4453 1622 4522; x_wconf 85' lang='lat' dir='ltr'>adsunt,</span> <span class='ocrx_word' id='word_1_663' title='bbox 1641 4465 1716 4511; x_wconf 84' lang='lat' dir='ltr'>recte</span> <span class='ocrx_word' id='word_1_664' title='bbox 1728 4455 1798 4510; x_wconf 83' lang='lat' dir='ltr'>etad</span> <span class='ocrx_word' id='word_1_665' title='bbox 1809 4456 1849 4506; x_wconf 59' lang='lat' dir='ltr'>vir·</span> 
     </span>
    </p>
   </div>
   <div class='ocr_carea' id='block_1_4' title="bbox 167 4533 1849 4619">
    <p class='ocr_par' dir='ltr' id='par_1_4' title="bbox 167 4533 1849 4619">
     <span class='ocr_line' id='line_1_47' title="bbox 167 4533 1849 4619; baseline -0.004 -21"><span class='ocrx_word' id='word_1_666' title='bbox 167 4570 174 4585; x_wconf 93' lang='lat'><strong>·</strong></span> <span class='ocrx_word' id='word_1_667' title='bbox 271 4542 390 4598; x_wconf 89' lang='lat' dir='ltr'>mortale</span> <span class='ocrx_word' id='word_1_668' title='bbox 404 4550 445 4597; x_wconf 90' lang='lat' dir='ltr'>est</span> <span class='ocrx_word' id='word_1_669' title='bbox 467 4541 597 4596; x_wconf 85' lang='lat' dir='ltr'>moritur.</span> <span class='ocrx_word' id='word_1_670' title='bbox 617 4541 729 4614; x_wconf 85' lang='lat' dir='ltr'>Quippe</span> <span class='ocrx_word' id='word_1_671' title='bbox 750 4542 881 4596; x_wconf 91' lang='lat' dir='ltr'>omnibus</span> <span class='ocrx_word' id='word_1_672' title='bbox 900 4542 975 4598; x_wconf 89' lang='lat' dir='ltr'>fatali</span> <span class='ocrx_word' id='word_1_673' title='bbox 988 4545 1051 4619; x_wconf 83' lang='lat' dir='ltr'>lege</span> <span class='ocrx_word' id='word_1_674' title='bbox 1096 4542 1161 4594; x_wconf 88' lang='lat' dir='ltr'>tutis</span> <span class='ocrx_word' id='word_1_675' title='bbox 1174 4541 1359 4596; x_wconf 87' lang='lat' dir='ltr'>ministerium</span> <span class='ocrx_word' id='word_1_676' title='bbox 1371 4551 1494 4610; x_wconf 87' lang='lat' dir='ltr'>utamur,</span> <span class='ocrx_word' id='word_1_677' title='bbox 1507 4559 1595 4613; x_wconf 92' lang='lat' dir='ltr'>quum</span> <span class='ocrx_word' id='word_1_678' title='bbox 1611 4552 1705 4596; x_wconf 88' lang='lat' dir='ltr'>autern</span> <span class='ocrx_word' id='word_1_679' title='bbox 1718 4533 1849 4602; x_wconf 70' lang='lat' dir='ltr'>deminuti</span> 
     </span>
    </p>
   </div>
   <div class='ocr_carea' id='block_1_5' title="bbox 272 4603 1849 4701">
    <p class='ocr_par' dir='ltr' id='par_1_5' title="bbox 272 4603 1849 4701">
     <span class='ocr_line' id='line_1_48' title="bbox 272 4603 1849 4701; baseline -0.004 -15"><span class='ocrx_word' id='word_1_680' title='bbox 272 4629 452 4686; x_wconf 90' lang='lat' dir='ltr'>moriendum</span> <span class='ocrx_word' id='word_1_681' title='bbox 461 4627 713 4701; x_wconf 82' lang='lat' dir='ltr'>essecognovit,et</span> <span class='ocrx_word' id='word_1_682' title='bbox 723 4627 868 4700; x_wconf 90' lang='lat' dir='ltr'>quoddam</span> <span class='ocrx_word' id='word_1_683' title='bbox 877 4629 1050 4685; x_wconf 88' lang='lat' dir='ltr'>caducorum</span> <span class='ocrx_word' id='word_1_684' title='bbox 1095 4638 1126 4682; x_wconf 91' lang='lat' dir='ltr'>ut</span> <span class='ocrx_word' id='word_1_685' title='bbox 1142 4629 1352 4682; x_wconf 90' lang='lat' dir='ltr'>meminerimus</span> <span class='ocrx_word' id='word_1_686' title='bbox 1364 4627 1435 4700; x_wconf 90' lang='lat' dir='ltr'>quid</span> <span class='ocrx_word' id='word_1_687' title='bbox 1448 4627 1564 4698; x_wconf 88' lang='lat' dir='ltr'>deceat,</span> <span class='ocrx_word' id='word_1_688' title='bbox 1580 4638 1609 4683; x_wconf 89' lang='lat' dir='ltr'>et</span> <span class='ocrx_word' id='word_1_689' title='bbox 1626 4627 1663 4683; x_wconf 89' lang='lat' dir='ltr'>ad</span> <span class='ocrx_word' id='word_1_690' title='bbox 1678 4630 1745 4684; x_wconf 85' lang='lat' dir='ltr'>alias</span> <span class='ocrx_word' id='word_1_691' title='bbox 1755 4603 1849 4682; x_wconf 68' lang='lat' dir='ltr'>viruul</span> 
     </span>
    </p>
   </div>
   <div class='ocr_carea' id='block_1_6' title="bbox 163 4711 1848 4792">
    <p class='ocr_par' dir='ltr' id='par_1_6' title="bbox 163 4711 1848 4792">
     <span class='ocr_line' id='line_1_49' title="bbox 163 4711 1848 4792; baseline -0.005 -20"><span class='ocrx_word' id='word_1_692' title='bbox 163 4763 166 4772; x_wconf 95' lang='lat'>.</span> <span class='ocrx_word' id='word_1_693' title='bbox 272 4736 426 4792; x_wconf 88' lang='lat' dir='ltr'>corporum</span> <span class='ocrx_word' id='word_1_694' title='bbox 451 4724 612 4770; x_wconf 89' lang='lat' dir='ltr'>nostrorum</span> <span class='ocrx_word' id='word_1_695' title='bbox 638 4715 829 4787; x_wconf 89' lang='lat' dir='ltr'>permansioni</span> <span class='ocrx_word' id='word_1_696' title='bbox 851 4726 970 4788; x_wconf 82' lang='lat' dir='ltr'>tempus</span> <span class='ocrx_word' id='word_1_697' title='bbox 993 4734 1050 4772; x_wconf 87' lang='lat' dir='ltr'>esse</span> <span class='ocrx_word' id='word_1_698' title='bbox 1095 4713 1278 4769; x_wconf 89' lang='lat' dir='ltr'>indolentiam</span> <span class='ocrx_word' id='word_1_699' title='bbox 1300 4713 1517 4772; x_wconf 85' lang='lat' dir='ltr'>lucrifaciamus.</span> <span class='ocrx_word' id='word_1_700' title='bbox 1542 4713 1585 4771; x_wconf 90' lang='lat' dir='ltr'>lta</span> <span class='ocrx_word' id='word_1_701' title='bbox 1602 4715 1721 4770; x_wconf 86' lang='lat' dir='ltr'>enimet</span> <span class='ocrx_word' id='word_1_702' title='bbox 1736 4711 1848 4788; x_wconf 64' lang='lat' dir='ltr'>pictasi</span> 
     </span>
    </p>
   </div>
   <div class='ocr_carea' id='block_1_7' title="bbox 272 4765 1848 5228">
    <p class='ocr_par' dir='ltr' id='par_1_7' title="bbox 272 4765 1848 5228">
     <span class='ocr_line' id='line_1_50' title="bbox 272 4765 1848 4950; baseline -0.004 -88"><span class='ocrx_word' id='word_1_703' title='bbox 272 4806 435 4872; x_wconf 78' lang='lat' dir='ltr'>definitum,</span> <span class='ocrx_word' id='word_1_704' title='bbox 455 4821 513 4875; x_wconf 93' lang='lat' dir='ltr'>quo</span> <span class='ocrx_word' id='word_1_705' title='bbox 534 4804 675 4871; x_wconf 83' lang='lat' dir='ltr'>instante,</span> <span class='ocrx_word' id='word_1_706' title='bbox 692 4821 745 4856; x_wconf 89' lang='lat' dir='ltr'>nos</span> <span class='ocrx_word' id='word_1_707' title='bbox 759 4821 816 4857; x_wconf 92' lang='lat' dir='ltr'>non</span> <span class='ocrx_word' id='word_1_708' title='bbox 831 4804 928 4874; x_wconf 85' lang='lat' dir='ltr'>irasci,</span> <span class='ocrx_word' id='word_1_709' title='bbox 943 4803 991 4858; x_wconf 90' lang='lat' dir='ltr'>sed</span> <span class='ocrx_word' id='word_1_710' title='bbox 1006 4807 1049 4874; x_wconf 88' lang='lat' dir='ltr'>ei,</span> <span class='ocrx_word' id='word_1_711' title='bbox 1096 4801 1164 4856; x_wconf 90' lang='lat' dir='ltr'>deos</span> <span class='ocrx_word' id='word_1_712' title='bbox 1177 4812 1206 4856; x_wconf 90' lang='lat' dir='ltr'>et</span> <span class='ocrx_word' id='word_1_713' title='bbox 1214 4801 1326 4873; x_wconf 83' lang='lat' dir='ltr'>justitiae</span> <span class='ocrx_word' id='word_1_714' title='bbox 1336 4800 1439 4875; x_wconf 83' lang='lat' dir='ltr'>regulae</span> <span class='ocrx_word' id='word_1_715' title='bbox 1450 4801 1706 4873; x_wconf 82' lang='lat' dir='ltr'>conservabuntur,</span> <span class='ocrx_word' id='word_1_716' title='bbox 1718 4803 1740 4856; x_wconf 89' lang='lat' dir='ltr'>si</span> <span class='ocrx_word' id='word_1_717' title='bbox 1754 4802 1780 4856; x_wconf 90' lang='lat' dir='ltr'>id</span> <span class='ocrx_word' id='word_1_718' title='bbox 1789 4765 1848 4950; x_wconf 36' lang='lat' dir='ltr'>quiq</span> 
     </span>
     <span class='ocr_line' id='line_1_51' title="bbox 272 4885 1846 4963; baseline -0.005 -15"><span class='ocrx_word' id='word_1_719' title='bbox 272 4906 303 4948; x_wconf 90' lang='lat' dir='ltr'>ut</span> <span class='ocrx_word' id='word_1_720' title='bbox 312 4893 413 4948; x_wconf 83' lang='lat' dir='ltr'>divinae</span> <span class='ocrx_word' id='word_1_721' title='bbox 429 4890 500 4962; x_wconf 79' lang='lat' dir='ltr'>legi,</span> <span class='ocrx_word' id='word_1_722' title='bbox 515 4885 644 4944; x_wconf 89' lang='lat' dir='ltr'>lubentes</span> <span class='ocrx_word' id='word_1_723' title='bbox 659 4889 777 4962; x_wconf 87' lang='lat' dir='ltr'>obsequi</span> <span class='ocrx_word' id='word_1_724' title='bbox 792 4899 913 4962; x_wconf 90' lang='lat' dir='ltr'>oportet.</span> <span class='ocrx_word' id='word_1_725' title='bbox 929 4889 961 4946; x_wconf 87' lang='lat' dir='ltr'>ld</span> <span class='ocrx_word' id='word_1_726' title='bbox 976 4893 1051 4946; x_wconf 90' lang='lat' dir='ltr'>enirn</span> <span class='ocrx_word' id='word_1_727' title='bbox 1095 4889 1204 4944; x_wconf 89' lang='lat' dir='ltr'>ratione</span> <span class='ocrx_word' id='word_1_728' title='bbox 1222 4887 1370 4963; x_wconf 83' lang='lat' dir='ltr'>praeditum</span> <span class='ocrx_word' id='word_1_729' title='bbox 1386 4898 1428 4944; x_wconf 88' lang='lat' dir='ltr'>est</span> <span class='ocrx_word' id='word_1_730' title='bbox 1448 4907 1543 4944; x_wconf 88' lang='lat' dir='ltr'>rerum</span> <span class='ocrx_word' id='word_1_731' title='bbox 1558 4889 1667 4944; x_wconf 86' lang='lat' dir='ltr'>casibus</span> <span class='ocrx_word' id='word_1_732' title='bbox 1689 4901 1764 4943; x_wconf 85' lang='lat' dir='ltr'>recte</span> <span class='ocrx_word' id='word_1_733' title='bbox 1784 4898 1846 4956; x_wconf 70' lang='lat' dir='ltr'>atq!</span> 
     </span>
     <span class='ocr_line' id='line_1_52' title="bbox 272 4971 1845 5052; baseline -0.008 -18"><span class='ocrx_word' id='word_1_734' title='bbox 272 4981 358 5036; x_wconf 87' lang='lat' dir='ltr'>fatum</span> <span class='ocrx_word' id='word_1_735' title='bbox 374 4979 421 5032; x_wconf 88' lang='lat' dir='ltr'>hic</span> <span class='ocrx_word' id='word_1_736' title='bbox 435 4974 589 5052; x_wconf 82' lang='lat' dir='ltr'>significat,</span> <span class='ocrx_word' id='word_1_737' title='bbox 602 4977 726 5030; x_wconf 90' lang='lat' dir='ltr'>terminis</span> <span class='ocrx_word' id='word_1_738' title='bbox 740 4975 908 5048; x_wconf 89' lang='lat' dir='ltr'>quibusdam</span> <span class='ocrx_word' id='word_1_739' title='bbox 926 4995 1050 5032; x_wconf 90' lang='lat' dir='ltr'>necessa·</span> <span class='ocrx_word' id='word_1_740' title='bbox 1095 4976 1211 5030; x_wconf 86' lang='lat' dir='ltr'>honeste</span> <span class='ocrx_word' id='word_1_741' title='bbox 1228 4977 1270 5030; x_wconf 90' lang='lat' dir='ltr'>uti</span> <span class='ocrx_word' id='word_1_742' title='bbox 1294 4973 1427 5030; x_wconf 89' lang='lat' dir='ltr'>didicerit</span> <span class='ocrx_word' id='word_1_743' title='bbox 1453 4986 1482 5031; x_wconf 91' lang='lat' dir='ltr'>et</span> <span class='ocrx_word' id='word_1_744' title='bbox 1507 4974 1666 5050; x_wconf 79' lang='lat' dir='ltr'>prudentiae</span> <span class='ocrx_word' id='word_1_745' title='bbox 1691 4975 1794 5031; x_wconf 84' lang='lat' dir='ltr'>decreta</span> <span class='ocrx_word' id='word_1_746' title='bbox 1810 4971 1845 5024; x_wconf 85' lang='lat' dir='ltr'>ill&#39;s</span> 
     </span>
     <span class='ocr_line' id='line_1_53' title="bbox 272 5061 1844 5136; baseline -0.004 -16"><span class='ocrx_word' id='word_1_747' title='bbox 272 5067 321 5120; x_wconf 85' lang='lat' dir='ltr'>riis</span> <span class='ocrx_word' id='word_1_748' title='bbox 333 5068 420 5120; x_wconf 79' lang='lat' dir='ltr'>vitain</span> <span class='ocrx_word' id='word_1_749' title='bbox 436 5075 559 5119; x_wconf 87' lang='lat' dir='ltr'>nostram</span> <span class='ocrx_word' id='word_1_750' title='bbox 574 5065 722 5118; x_wconf 86' lang='lat' dir='ltr'>mortalem</span> <span class='ocrx_word' id='word_1_751' title='bbox 741 5061 865 5132; x_wconf 87' lang='lat' dir='ltr'>definiri,</span> <span class='ocrx_word' id='word_1_752' title='bbox 885 5081 943 5118; x_wconf 90' lang='lat' dir='ltr'>esse</span> <span class='ocrx_word' id='word_1_753' title='bbox 958 5075 1051 5118; x_wconf 88' lang='lat' dir='ltr'>autern</span> <span class='ocrx_word' id='word_1_754' title='bbox 1097 5080 1260 5136; x_wconf 87' lang='lat' dir='ltr'>opponere,</span> <span class='ocrx_word' id='word_1_755' title='bbox 1277 5080 1338 5134; x_wconf 87' lang='lat' dir='ltr'>quae</span> <span class='ocrx_word' id='word_1_756' title='bbox 1353 5061 1471 5118; x_wconf 89' lang='lat' dir='ltr'>fortuito</span> <span class='ocrx_word' id='word_1_757' title='bbox 1484 5063 1620 5134; x_wconf 89' lang='lat' dir='ltr'>nulloque</span> <span class='ocrx_word' id='word_1_758' title='bbox 1633 5061 1844 5118; x_wconf 81' lang='lat' dir='ltr'>ordineridcntar</span> 
     </span>
     <span class='ocr_line' id='line_1_54' title="bbox 273 5149 1847 5228; baseline -0.007 -19"><span class='ocrx_word' id='word_1_759' title='bbox 273 5152 431 5226; x_wconf 83' lang='lat' dir='ltr'>prudentiae</span> <span class='ocrx_word' id='word_1_760' title='bbox 444 5153 611 5226; x_wconf 88' lang='lat' dir='ltr'>proprium,</span> <span class='ocrx_word' id='word_1_761' title='bbox 634 5149 752 5206; x_wconf 88' lang='lat' dir='ltr'>deorum</span> <span class='ocrx_word' id='word_1_762' title='bbox 775 5149 894 5206; x_wconf 86' lang='lat' dir='ltr'>decretis</span> <span class='ocrx_word' id='word_1_763' title='bbox 917 5149 1051 5224; x_wconf 86' lang='lat' dir='ltr'>obsequi,</span> <span class='ocrx_word' id='word_1_764' title='bbox 1096 5151 1270 5225; x_wconf 84' lang='lat' dir='ltr'>contingere.</span> <span class='ocrx_word' id='word_1_765' title='bbox 1295 5149 1385 5206; x_wconf 80' lang='lat' dir='ltr'>Aliter</span> <span class='ocrx_word' id='word_1_766' title='bbox 1412 5150 1487 5205; x_wconf 87' lang='lat' dir='ltr'>enim</span> <span class='ocrx_word' id='word_1_767' title='bbox 1513 5150 1603 5204; x_wconf 73' lang='lat' dir='ltr'>virtus</span> <span class='ocrx_word' id='word_1_768' title='bbox 1628 5149 1786 5205; x_wconf 80' lang='lat' dir='ltr'>consecrari</span> <span class='ocrx_word' id='word_1_769' title='bbox 1804 5155 1847 5228; x_wconf 67' lang='lat' dir='ltr'>uoq</span> 
     </span>
    </p>
   </div>
   <div class='ocr_carea' id='block_1_8' title="bbox 0 0 1858 5916">
    <p class='ocr_par' dir='ltr' id='par_1_8' title="bbox 0 0 1858 5916">
     <span class='ocr_line' id='line_1_55' title="bbox 0 0 1858 5916; baseline 0 2"><span class='ocrx_word' id='word_1_770' title='bbox 0 0 1858 5916; x_wconf 95' lang='lat' dir='ltr'> </span> 
     </span>
    </p>
   </div>
  </div>
 </body>
</html>
