3840 5924
385 813 406 890 q
816 775 820 785 ’
932 813 1148 874 euaristo.

384 942 551 1039 polienda
567 943 721 1039 reliquit.
745 946 866 1014 Postea
887 968 995 1032 vero,
1013 959 1133 1014 nostra
1159 947 1383 1042 potissimum
1404 951 1576 1019 memoria
1603 949 1699 1020 baud

383 1064 488 1158 pauci
511 1064 608 1160 iique
629 1063 826 1134 doctissimi
854 1065 918 1134 viri
947 1064 991 1134 ad
1019 1065 1093 1138 haec
1115 1065 1230 1137 studia
1261 1068 1519 1158 incubuerunt,
1552 1071 1696 1143 Brandi·

384 1187 475 1275 siuS,
495 1187 694 1274 Boeclthius,
710 1186 1067 1281 Schleiermacherus,
1088 1187 1265 1284 Bergkius,
1280 1189 1468 1278 Prellerus,
1480 1194 1698 1276 Karstenius‚

384 1311 557 1400 Sturzius,
579 1309 868 1398 Schaubacbius,
890 1311 1210 1407 wyttenbachius,
1233 1313 1292 1383 alii
1308 1313 1370 1407 qui
1389 1314 1612 1408 singulorum
1630 1316 1682 1386 ira

383 1433 561 1526 gminibus
580 1433 792 1528 castigandis
811 1433 1100 1531 explicandisque
1124 1434 1169 1506 de
1185 1436 1331 1531 antiqua
1356 1435 1585 1532 philosophia
1611 1436 1702 1508 bene

383 1570 602 1626 meruerunt.
620 1559 785 1640 Quorum
795 1556 948 1650 vestigiis
963 1556 1139 1650 ingressus
1149 1557 1224 1653 ipse
1239 1555 1437 1642 ano018l23
1452 1557 1646 1628 Democriti
1660 1557 1702 1627 li-

383 1676 533 1748 brorum
549 1677 714 1773 reliquias
732 1679 832 1748 emisi
856 1701 897 1748 ac
917 1675 1006 1762 1845
1022 1679 1216 1750 Aristotelis
1234 1678 1279 1749 de
1305 1679 1464 1768 Meliss0,
1481 1677 1704 1775 Xenophane

291 1787 293 1792 ¹
383 1813 418 1868 et
432 1800 563 1893 Gorgia
585 1799 845 1898 disputationes
860 1823 943 1871 cum
959 1800 1196 1874 Eleaticorum
1209 1801 1512 1898 philosophorum
1529 1800 1701 1895 fragmen·

383 1923 426 1992 tis
440 1939 475 1992 et
489 1921 602 2004 Oeetli
618 1925 771 2011 Lucani,
788 1924 851 2018 qui
865 1923 990 2010 fertur,
1010 1923 1055 1994 de
1074 1925 1228 1996 universi
1247 1939 1374 1995 natura
1393 1924 1517 1996 libello
1537 1926 1701 1996 recensui

384 2060 492 2139 atque
509 2046 760 2143 interpretatus
775 2071 868 2116 sum.
889 2045 988 2118 Adde
1013 2046 1113 2141 quod
1129 2048 1349 2132 Quaestiones
1365 2047 1621 2142 Empedocleas
1640 2053 1700 2118 Be·

386 2168 491 2238 rolini
512 2169 616 2240 annis
644 2166 734 2238 1850
759 2183 794 2240 et
822 2167 912 2240 1853
937 2168 1072 2264 publici
1095 2169 1186 2263 juris
1214 2168 1291 2238 seci.
1316 2167 1526 2265 Eodemque
1545 2184 1703 2265 tempore

385 2291 556 2364 Hieroclis
582 2279 619 2364 in
644 2317 793 2367 aureum
811 2292 1117 2387 Pythagoreorum
1135 2314 1279 2363 carmen
1295 2294 1591 2364 commentarium
1607 2317 1704 2363 reco-

384 2415 490 2507 gnovi
509 2429 617 2509 atque
637 2414 824 2486 illustravi.
841 2415 910 2486 Sed
928 2439 1035 2486 nemo
1050 2416 1216 2486 inventus
1236 2429 1290 2484 est
1314 2416 1376 2509 qui
1396 2417 1518 2486 omnia
1545 2415 1705 2512 philoso-

269 2611 273 2618 .
385 2537 542 2632 phorum
565 2537 662 2607 dicta
681 2552 717 2607 et
737 2537 932 2631 fragmenta
951 2561 1016 2633 per
1038 2537 1156 2610 varios
1177 2539 1367 2633 scriptores
1389 2561 1509 2633 sparsa
1535 2563 1647 2608 unum
1670 2539 1705 2608 in

385 2684 518 2756 corpus
533 2657 717 2752 redegerit.
738 2664 826 2730 Nam
841 2660 904 2754 qui
923 2660 1037 2754 majus
1057 2659 1145 2754 quid
1164 2658 1378 2728 moliebatur
1399 2665 1454 2730 lo.
1474 2663 1579 2730 Conr.
1603 2659 1705 2730 Orel·
1795 2723 1799 2730 ,
1906 2681 1907 2694 ’

385 2782 455 2852 lius
468 2782 520 2876 (2)
535 2782 685 2854 moralia
699 2797 736 2852 et
752 2780 897 2878 politica
915 2796 1075 2853 veterum
1093 2786 1299 2854 Graecorum
1318 2795 1395 2852 tum
1414 2782 1706 2853 commentariola
1792 2876 1796 2884 Ι

387 2921 464 2976 tum
477 2902 782 3001 'apophthegmata
792 2929 829 2974 se
843 2903 1110 2997 divulgaturum
1120 2902 1300 2999 pollicitus
1316 2903 1499 3000 promissis
1512 2927 1586 2972 non
1596 2904 1705 2991 stetit,

386 3026 447 3098 sed
460 3027 565 3121 jactis
580 3025 821 3097 fundamentis
833 3028 933 3123 operi
951 3026 1122 3097 inchoato
1143 3025 1319 3118 fastigium
1335 3049 1407 3096 non
1425 3026 1609 3121 imposuit.
1629 3030 1707 3095 Huc

387 3149 523 3220 accedit
540 3148 641 3244 quod
659 3148 774 3220 aliena
797 3172 877 3243 quae
890 3148 991 3218 nullo
1009 3172 1094 3218 cum
1116 3147 1291 3218 lectorum
1307 3145 1447 3219 damno.
1463 3149 1577 3219 omitti
1603 3161 1704 3244 pote·

363 3325 366 3332 .
386 3285 467 3342 rant
485 3268 679 3340 moralibus
697 3269 879 3365 opusculis
893 3270 1054 3340 inseruit.

435 3398 557 3480 Quum
581 3393 687 3488 igitur
708 3392 913 3464 Ambrosius
941 3393 1118 3461 Firminus
1146 3391 1272 3480 Didot,
1305 3391 1520 3463 clarissimus
1539 3391 1705 3484 antiqua·

387 3541 467 3586 rum
506 3515 703 3587 litterarum
741 3515 1049 3608 ingenuarumque
1090 3514 1222 3584 artium
1259 3513 1376 3585 fautor
1414 3530 1449 3583 et
1481 3513 1641 3600 antistes,
1673 3514 1709 3581 in

391 3637 646 3708 Bibliothecam
677 3641 835 3708 Graecam
877 3661 897 3705 a
928 3659 965 3706 se
999 3634 1130 3706 editam
1159 3635 1470 3732 philosophorum
1505 3639 1711 3705 Graecorum

391 3761 584 3852 lragmenta
600 3762 758 3856 recipere
776 3758 901 3846 vellet,
929 3783 995 3852 ego
1021 3757 1102 3850 boc,
1119 3758 1243 3831 labore
1260 3759 1335 3854 jam
1358 3757 1512 3828 maxima
1531 3780 1573 3826 er
1605 3769 1707 3852 parte

392 3882 600 3978 perfunctus
627 3882 786 3976 primum
808 3882 929 3952 statim
958 3881 1126 3952 volumen
1152 3881 1253 3977 prelo
1279 3880 1427 3974 subjeci.
1458 3885 1497 3949 ln
1522 3902 1596 3973 quo
1622 3878 1710 3972 quid

390 4004 639 4100 praestiterim,
671 4017 711 4072 ut
740 4003 911 4073 aestimare
945 4005 1073 4076 veteris
1105 4005 1286 4101 sapientiae
1319 4001 1468 4072 studiosi
1497 4000 1598 4070 facile
1630 4024 1712 4096 pos-

392 4127 484 4213 sint,
504 4124 626 4219 paucis
648 4122 737 4193 mihi
753 4122 799 4194 de
813 4123 964 4194 instituti
990 4125 1060 4193 mei
1075 4127 1213 4194 ratione
1237 4123 1440 4218 edendique
1463 4123 1544 4216 libri
1564 4120 1714 4192 consilio

392 4231 641 4322 disserendum
662 4259 724 4316 est.
740 4246 900 4315 Primum
914 4244 951 4314 id
973 4247 1150 4342 spectavi,
1169 4259 1209 4314 ut
1224 4271 1265 4315 ex
1282 4246 1451 4316 omnihus
1465 4245 1528 4340 qui
1546 4245 1582 4313 in
1599 4242 1714 4312 lucem

394 4371 521 4467 prolati
536 4384 621 4438 sunt
637 4368 871 4465 scriptoribus
886 4368 1006 4462 graecis
1016 4366 1067 4461 (3)
1080 4367 1384 4464 pbilosophorum
1395 4367 1569 4462 reliquias
1585 4387 1716 4458 conge·

395 4517 522 4566 rerem.
540 4497 618 4579 Qua
637 4493 673 4561 in
693 4516 731 4562 re
746 4516 819 4561 non
841 4490 951 4561 modo
967 4491 1120 4585 optimas
1134 4490 1309 4560 editiones
1324 4491 1480 4586 inspexi,
1502 4487 1565 4558 sed
1588 4484 1717 4556 sedulo

428 4777 452 4836 2)
465 4773 518 4823 vid.
534 4775 601 4837 praet.
616 4774 645 4822 ad
656 4777 748 4836 Opust..
767 4779 825 4823 rott.
840 4777 919 4822 Gracc.
933 4769 1077 4820 sententiosa
1085 4771 1110 4819 et
1118 4769 1218 4818 moralia
1228 4770 1287 4818 tom.
1304 4771 1313 4818 l
1327 4781 1350 4829 p.
1365 4768 1419 4816 xx.
1440 4766 1610 4832 laniatura.

428 4865 452 4922 3)
469 4865 530 4911 Nam
542 4862 635 4912 abditos
648 4863 726 4912 tontes
736 4864 759 4912 et
774 4862 878 4911 mentitos
890 4859 964 4909 libros
976 4859 1042 4908 arlire
1058 4857 1118 4907 mihi
1132 4869 1181 4908 oon
1195 4855 1274 4908 licuit.
