3838 5926
491 557 580 752 nn
624 640 889 754 nnuma
932 636 1274 757 rutnstu.

664 940 1023 976 ,’-·-θῦῢ·--

116 1136 239 1212 Τίμωνος
254 1130 479 1211 ememtes]
494 1131 601 1191 Timon
614 1132 761 1194 Phliasius
772 1154 862 1211 quum
909 1133 1010 1212 βιδλία,
1025 1135 1061 1201 είς
1072 1135 1142 1192 ledis
1156 1131 1272 1192 τείνοντα
1287 1133 1415 1213 μυριάδας
1424 1132 1480 1206 δύο,
1491 1125 1527 1194 ὧν
1541 1135 1587 1194 καί
1601 1133 1688 1194 Ἀντί-

25 1219 29 1230 ’
81 1225 243 1285 adolescens
264 1223 298 1282 in
318 1222 438 1280 theatris
469 1221 614 1292 saltasset,
641 1235 742 1297 postea
764 1243 860 1282 rerum
907 1221 1006 1295 γυνοςδ
1021 1216 1165 1297 Καρύστιος
1180 1219 1326 1296 μέμνηται,
1342 1219 1529 1300 ἀναγεγραφὼς
1549 1224 1628 1280 αὐτοῦ
1643 1220 1688 1279 καί

81 1312 242 1370 divinarum
255 1309 508 1385 humanarumque
526 1308 763 1386 contemplationi
779 1310 863 1368 dedi·
909 1305 984 1371 αιἰιδς
997 1303 1040 1363 τὸν
1053 1305 1119 1384 βίον.
1130 1309 1192 1366 Τῶν
1200 1305 1226 1364 δὲ
1242 1306 1345 1366 Σίλλων
1355 1305 1414 1386 τρία
1426 1307 1506 1380 ἐστίν,
1518 1310 1544 1366 ἓν
1556 1299 1593 1375 οἷς
1605 1310 1641 1374 ὧι
1655 1307 1687 1366 ἂν

82 1412 122 1458 tus
134 1398 265 1477 primum
290 1396 448 1474 Stilponem
466 1396 590 1468 audivit,
607 1396 713 1455 deinde
733 1398 862 1476 Pyrrho·
909 1390 1044 1458 σκεπτικὸς
1055 1390 1091 1450 ὢν
1100 1393 1199 1459 πάντας
1206 1393 1318 1505 λοιδορεῖ
1327 1393 1372 1451 καὶ
1383 1392 1508 1452 σιλλαίνει
1519 1393 1579 1461 τοὺς
1590 1395 1689 1472 δογμα-

84 1507 153 1559 nem,
169 1486 258 1562 cujus
276 1484 410 1559 dogmata
434 1503 487 1561 per
501 1496 588 1541 totam
610 1484 700 1541 vitam
715 1485 864 1561 professus
908 1476 994 1545 τικοδς
1008 1483 1035 1540 ἐν
1046 1479 1181 1560 παρῳδίας
1190 1479 1263 1540 είδει.
1287 1480 1329 1539 lla
1341 1480 1371 1538 ιδ
1384 1480 1431 1557 pls
1444 1482 1548 1558 πρῶτον
1564 1481 1687 1551 αὐτοδιή·

84 1587 132 1633 est.
155 1573 272 1630 floruit
296 1584 390 1630 autem
424 1569 479 1628 sub
507 1571 652 1644 Antigono
675 1569 863 1629 Macedonum
908 1588 987 1644 γητον
1003 1565 1059 1645 ἔχει
1071 1566 1284 1646 τλνάρμηνιίαν,
1297 1566 1326 1625 rb
1339 1566 1367 1624 di
1381 1565 1496 1645 δεύτερον
1509 1567 1554 1626 καὶ
1563 1564 1648 1644 τρίτον
1662 1570 1689 1624 ίν

86 1679 146 1735 rege
160 1672 189 1717 et
197 1660 357 1718 Ptolemaeo
363 1657 565 1736 Philadelpho.
579 1659 632 1715 Hic
644 1657 739 1717 clarus
750 1659 863 1736 sapien·
910 1651 1032 1730 διαλόγου
1047 1653 1173 1728 σχήματι.
1189 1653 1319 1713 Φαίνεται
1332 1659 1394 1730 γοῦν
1408 1652 1554 1731 ἀνακρίνων
1566 1653 1690 1730 Ξενοφά-

86 1747 127 1804 tiae
138 1745 240 1804 studio
248 1745 423 1822 pietatisque
429 1743 694 1822 quaScepticor'um
702 1745 863 1821 principem
909 1761 955 1810 νην
968 1738 1011 1796 ebs
1024 1739 1191 1818 Κολορώνιον
1201 1741 1262 1818 περί
1276 1739 1402 1816 ἑκάστων,
1415 1744 1429 1798 ὁ
1443 1740 1471 1798 δὲ
1485 1739 1688 1818 αὐτοδιηγούμι-

87 1833 194 1891 colebat
208 1833 404 1903 documentis,
427 1832 534 1889 clarior
555 1831 670 1909 poetica
691 1831 823 1888 facultate
838 1843 866 1888 et
910 1824 949 1890 νότ
961 1825 1029 1882 ἔστι·
1040 1825 1085 1883 καὶ
1096 1829 1123 1884 ἐν
1137 1825 1185 1901 μὲν
1199 1828 1237 1905 τῷ
1248 1826 1359 1907 δευτέρῳ
1370 1827 1491 1905 cepistis
1502 1827 1689 1907 ἀρχαιοτέρων,

88 1922 260 1998 scriptorum
285 1918 473 1977 multitudine
488 1919 519 1976 id
542 1918 726 1996 potissimum
747 1918 779 1975 in
793 1937 865 1974 con-
910 1911 937 1967 ίν
952 1909 979 1968 δὲ
996 1912 1034 1989 τῷ
1049 1909 1129 1991 τρίτῳ
1148 1913 1208 1992 περὶ
1225 1914 1278 1970 τῶν
1293 1913 1417 1991 ὑστέρων.
1432 1912 1520 1976 -Tb
1541 1912 1568 1970 δὲ
1587 1917 1690 1991 πρῶτον

86 2007 183 2065 «lendis
206 2004 387 2064 carminibus
404 2005 556 2083 spectavit,
579 2018 611 2064 ut
629 2024 730 2064 omnes
745 2017 865 2082 excepto
910 1994 993 2054 eausa
1013 1997 1131 2077 περιέχει
1151 1998 1315 2076 πράγματα,
1335 1998 1404 2070 πλὴν
1426 1999 1466 2057 ὅτι
1488 1999 1691 2078 μονοπρόσωπός

85 2094 235 2168 Pyrrhone
259 2091 452 2169 philosophos
479 2091 588 2149 rideret
614 2103 643 2149 et
669 2089 864 2148 cavillaretur.
912 2082 1007 2155 ἐστινὴ
1020 2082 1132 2154 ποίησις.
1145 2084 1189 2144 Cs.
1202 2085 1285 2145 Fred.
1298 2086 1382 2144 Pauli
1391 2086 1691 2146 deSlllisGraecorutn

85 2181 146 2250 Quo
159 2181 191 2239 in
205 2195 313 2255 genere
330 2177 530 2237 nobilissimos
545 2188 602 2236 tres
619 2177 759 2235 Sillorum
774 2175 866 2234 libros
911 2171 1082 2250 disputatio,
1097 2173 1229 2231 Berolini
1242 2176 1313 2231 1821
1326 2174 1476 2250 3Welandi
1488 2175 1524 2232 de
1535 2177 1692 2252 praecipuis

86 2268 242 2344 reliquerat
253 2284 358 2340 magna
370 2285 407 2322 en
427 2277 511 2342 parte
524 2263 561 2321 ad
584 2264 744 2322 Homericae
755 2261 866 2328 Νικαίας
911 2257 1101 2318 Parodiarum
1119 2260 1313 2339 scriptoribus
1328 2263 1417 2334 liber3
1433 2262 1551 2321 Woelkii
1563 2263 1599 2321 de
1611 2265 1690 2322 (διω-

88 2353 204 2411 sormam
234 2352 283 2430 (cl.
300 2351 422 2410 Meinelt.
446 2351 569 2409 Exercit.
585 2351 616 2408 in
637 2349 741 2410 Athen.
765 2349 778 2407 l
800 2369 830 2427 p.
848 2351 865 2407 6
912 2366 1013 2405 corum
1025 2347 1106 2406 Sillis
1117 2350 1333 2421 commentatio,
1347 2349 1495 2409 Varsoviae
1512 2353 1597 2408 1820.
1611 2352 1693 2410 Adde

87 2439 153 2518 aeq.)
165 2439 325 2498 institutos.
345 2435 387 2493 Ex
407 2437 446 2496 iis
469 2438 581 2514 primus
596 2435 757 2514 simplicem
772 2455 868 2494 narra·
912 2433 1038 2492 Fabricii
1059 2434 1135 2494 Bibl.
1161 2436 1213 2494 Gr.
1232 2438 1292 2496 vol.
1306 2437 1361 2508 lll,
1382 2457 1449 2515 pag.
1469 2437 1527 2496 623
1543 2457 1625 2516 seqq.
1645 2440 1690 2497 ed.

91 2527 209 2598 tionem,
226 2524 371 2583 secundus
384 2535 413 2582 et
436 2524 538 2582 tertius
553 2543 715 2582 sermonem
730 2542 794 2582 cum
808 2522 866 2581 Xe·
912 2521 993 2580 Harl.
1003 2534 1032 2578 et
1045 2521 1184 2597 Diogenis
1199 2521 1306 2582 Laertii
1325 2525 1507 2602 interpretes.
1525 2525 1694 2600 Fragmenta

87 2613 219 2690 aephane
234 2609 365 2670 habitum
388 2609 564 2668 continebat.
582 2609 735 2668 Diversum
756 2608 793 2666 ab
807 2608 868 2667 illis
911 2609 975 2685 ejus
987 2628 1052 2685 quae
1064 2621 1177 2668 exstant
1185 2629 1277 2688 prope
1288 2612 1387 2669 omnia
1399 2610 1505 2670 eSillis
1516 2614 1605 2690 petita
1613 2625 1691 2684 sunt,

88 2699 162 2757 aliud
189 2699 247 2756 luit
267 2715 371 2775 poema
392 2695 557 2770 lmaginum
569 2692 735 2772 slvdclpdiv]
751 2695 868 2752 nomine
913 2711 1004 2769 pauca
1015 2714 1052 2752 ex
1065 2695 1228 2770 lmaginum
1242 2696 1320 2753 libro
1333 2697 1520 2774 deprompta,
1536 2700 1692 2760 nonnullos

87 2787 270 2864 inscriptum.
290 2783 487 2842 Memorantur
502 2783 589 2841 etiam
611 2781 746 2840 Timonis
761 2801 867 2840 comoe·
912 2800 1030 2858 quoque
1041 2800 1143 2842 versus
1162 2785 1274 2860 antiqui
1291 2803 1328 2842 ex
1349 2786 1415 2844 aliis
1431 2787 1611 2846 carminibus
1624 2807 1692 2845 ser-

88 2873 140 2931 diae
164 2884 195 2930 et
221 2870 371 2945 tragoediae
392 2870 507 2946 aliaque
530 2870 642 2944 ingenii
670 2882 865 2928 monumenta.
911 2881 1025 2927 verunt
1036 2870 1094 2928 llas
1107 2871 1268 2929 carminum
1281 2872 1420 2948 reliquias
1431 2873 1693 2951 primuslaudabili

89 2961 194 3018 Harum
219 2975 320 3016 rerum
348 2968 433 3015 testes
458 2954 545 3014 nobis
570 2968 638 3014 sunt
661 2955 820 3016 Aristocles
840 2971 869 3015 et
913 2959 1011 3016 studio
1025 2959 1142 3034 collegit
1157 2959 1301 3017 ilenricus
1313 2959 1475 3038 Stephanus
1485 2961 1516 3020 in
1527 2961 1613 3022 Poesi
1627 2962 1695 3040 phi-

88 3047 230 3121 Diogenes
243 3043 385 3104 Laertius.
393 3041 524 3112 Quorum
534 3043 618 3120 prior
625 3043 702 3120 apud
712 3042 867 3102 Eusebium
911 3045 1074 3123 losophica,
1088 3059 1189 3123 postea
1198 3046 1290 3105 edidit
1304 3046 1418 3108 lsaacus
1435 3047 1515 3106 fred.
1527 3048 1694 3125 langbain-

89 3133 181 3212 Praep.
193 3132 306 3206 Evang.
319 3129 395 3201 xit,
410 3130 493 3187 18ait
505 3151 512 3186 :
526 3127 648 3207 Ἐγίνετο
660 3129 687 3190 δὲ
699 3126 869 3206 μαδητλςαῦ-
913 3133 976 3190 rich
986 3137 1018 3191 in
1032 3134 1126 3192 tribus
1137 3134 1173 3191 de
1184 3133 1308 3192 Timone
1319 3133 1572 3194 dissertationibus
1580 3136 1694 3212 (Lipsiae

88 3224 129 3278 τοῦ
143 3220 202 3298 [τοῦ
217 3217 370 3298 Πύρρωνα]
387 3215 481 3292 Τίμων
496 3215 645 3286 Φλιάσιος,
659 3215 686 3282 ὃς
699 3215 729 3274 rb
742 3217 789 3292 pia
799 3220 869 3296 πρῶ·
917 3239 990 3291 17ao
1004 3231 1032 3278 et
1048 3218 1134 3299 1721)
1151 3239 1222 3295 quas
1237 3239 1296 3278 non
1318 3221 1463 3292 vidimus;
1482 3222 1643 3281 Brunckius
1662 3226 1696 3280 in

88 3329 127 3364 τιν
140 3307 263 3385 ἐχόρευεν
275 3305 303 3362 lv
316 3311 370 3369 τοῖς
381 3301 505 3380 θεάτροις,
520 3301 612 3361 ἔπειτα
628 3301 652 3360 δ’
667 3302 782 3381 ἐντυχὼν
797 3305 868 3361 αὐτῶ
913 3307 1058 3366 analectis
1074 3319 1203 3368 veterum
1215 3321 1367 3386 poetarum
1383 3321 1411 3366 et
1426 3308 1536 3368 Paulus
1547 3309 1565 3366 l.
1578 3328 1602 3367 c.
1622 3311 1693 3368 Pro·

89 3392 246 3472 συνέγραψεν
255 3391 386 3469 ἀργαλέας
394 3387 529 3469 παρῳδίας
542 3386 587 3446 καλ
600 3389 776 3468 βωμολόχους,
785 3389 812 3448 ἐν
828 3412 844 3446 α
858 3412 869 3455 ς
915 3395 1002 3454 fuisse
1011 3395 1036 3451 Τ
1038 3395 1129 3452 ἰιιιοιιὶ
1147 3395 1286 3472 inprimis
1294 3394 1470 3472 Stephanum
1482 3408 1510 3452 et
1517 3396 1693 3455 Bruucltium

90 3480 296 3559 βιδλασριίμηκτ
318 3476 419 3544 πάντας
437 3474 495 3542 τοὺς
509 3473 617 3534 πώποτε
634 3473 867 3555 φιλοσοφήσαντας·
914 3500 972 3538 non
991 3482 1168 3557 negaverim.
1195 3480 1251 3541 Sed
1273 3480 1371 3540 deerat
1390 3482 1552 3540 accuratior
1571 3481 1694 3544 Phliasii

89 3557 170 3631 Οὗτος
181 3564 233 3644 γάρ
245 3555 277 3636 ἦν
292 3563 375 3628 δασὺς
388 3562 499 3629 Σίλλους
512 3561 626 3639 γράψας.
641 3559 788 3618 Posteri&
799 3577 869 3617 vero
914 3579 1005 3643 poetae
1017 3568 1215 3643 recensioque
1228 3566 1362 3645 plurimae
1375 3568 1494 3626 maculae
1504 3567 1694 3628 librariorum

88 3651 138 3711 lib.
150 3651 203 3724 tx,
212 3671 224 3709 ι
233 3671 314 3709 tort
323 3671 335 3707 1
345 3649 407 3708 baec
417 3649 507 3707 tradit
518 3668 525 3705 ι
537 3646 593 3732 Kal
601 3644 796 3724 γάρπαήμιιτα
808 3666 868 3702 συν-
914 3653 1028 3711 incuria
1049 3653 1093 3712 illi
1116 3672 1239 3730 aspersae
1253 3651 1493 3729 abstergerentur.
1510 3655 1590 3714 lianc
1605 3657 1695 3732 igitur

90 3739 183 3818 ίγρψ
195 3737 242 3798 ml
256 3735 308 3809 ἔιτη
322 3736 367 3795 καί
380 3733 527 3816 τραγῳδίαι
537 3732 583 3792 καί
597 3732 725 3812 σατύρους
745 3732 790 3792 καὶ
804 3731 867 3810 δρά-
912 3738 1070 3799 lectoribus
1081 3739 1184 3799 ollero.
1198 3739 1363 3799 Emendatis
1376 3740 1511 3801 versibus
1525 3761 1631 3800 novam
1645 3745 1695 3804 ad·

92 3849 160 3901 ματα
170 3825 276 3902 eaput
289 3824 446 3906 τριάκοντα,
455 3821 605 3903 τραγικάδδ
618 3819 755 3895 ἑξήκοντα,
766 3819 869 3888 σίλλους
908 3823 996 3900 junxi
1010 3825 1276 3905 interpretationem
1296 3826 1416 3886 latinam
1432 3827 1593 3907 brevesque
1607 3830 1695 3890 adno-

94 3931 120 3970 τε
133 3911 178 3970 καὶ
193 3910 333 3980 κιναίδους.
350 3910 468 3993 Φέρεται
487 3909 515 3970 dl
534 3911 611 3970 αὐτοῦ
625 3907 671 3970 καὶ
686 3907 867 3988 καταλογάδην
912 3910 1045 3972 tationes.
