3776 5926
241 395 300 448 iso
905 385 957 448 nn
977 387 1178 450 cursurus
1214 468 1215 471 Ν

236 521 311 578 enim
347 537 446 576 omnes
478 518 620 581 Cleanthis
655 538 770 578 carmen
800 521 927 578 versibus
959 524 1015 578 ele·
1102 527 1207 580 Verum
1219 540 1303 578 nemo
1320 522 1423 578 exstitit
1437 521 1487 596 qui
1509 519 1604 576 omnin
1622 515 1761 574 Cleanthis
1781 521 1827 577 lra-

236 609 403 682 gantissimis
418 606 538 663 reddere
551 618 704 665 tentarunt.
721 608 820 682 Neque
834 627 902 664 vero
919 621 1016 685 posteo
1063 621 1177 684 gmentn
1187 611 1224 685 nb
1234 613 1320 666 llenr.
1331 607 1476 684 Stephano
1489 608 1557 662 olim
1567 606 1747 682 promulgate
1757 625 1827 681 repe·

236 696 364 750 homines
387 693 491 750 eruditi
514 694 586 750 illud
609 696 783 768 poematium
806 695 851 752 vel
871 696 1017 770 divulgare
1063 708 1136 754 teret
1144 708 1173 754 et
1181 699 1424 770 interpretaretur.
1432 697 1593 769 ltaqueego
1601 693 1826 767 longuintcrvallo

237 782 282 837 vel
290 783 427 838 illustrare
438 780 616 838 destiterunt.
626 783 696 836 Nam
704 781 788 840 Fred.
801 779 879 838 Guil.
893 784 1017 840 Sturuius
1064 784 1237 857 Stephanum
1250 784 1374 840 innitatus
1393 782 1551 839 Cleanthea
1568 781 1713 854 snpientia
1731 799 1827 836 mono-
1869 815 1870 820 κ

237 869 339 942 Lipsiae
358 867 443 938 1785,
456 868 491 926 H.
503 868 620 924 Cludius
633 869 774 944 Gottingae
798 867 1018 944 1786pub1ica·
1064 871 1135 924 riom
1164 870 1314 940 renovavi,
1337 869 1563 944 fragrnmtorum
1593 883 1744 924 numenim
1774 871 1828 924 auxi

237 955 289 1024 vit,
301 956 332 1014 C.
341 957 518 1012 Petersenius
530 955 688 1030 llnmhurgi
701 955 775 1029 1829
788 955 1018 1014 adnotationibus
1064 959 1184 1033 ipsaque
1198 958 1335 1032 fragmina
1350 956 1481 1030 inspeetis
1493 966 1596 1011 nostre
1606 953 1695 1012 seretis
1706 955 1828 1012 doctrine

238 1045 410 1100 instructum
420 1039 520 1101 emisit.
530 1044 613 1099 Adde
625 1043 707 1117 quod
715 1045 839 1100 Thomas
846 1044 1019 1102 Geisfordius
1065 1045 1202 1120 praesidiis
1215 1057 1243 1102 et
1260 1045 1453 1100 instrumentis
1470 1044 1638 1117 recognovi.
1662 1043 1785 1115 Denique
1798 1062 1829 1099 ne

239 1134 268 1186 in
284 1150 358 1188 nova
372 1132 489 1188 Jiimnis
514 1127 621 1187 Stohaei
641 1131 813 1206 Eclogarnm
835 1133 1018 1206 physicarum
1065 1132 1136 1205 quid
1147 1131 1267 1206 deesset,
1283 1130 1363 1205 quod
1374 1130 1411 1186 nd
1425 1129 1509 1202 hujus
1525 1130 1593 1184 hhri
1605 1129 1762 1184 institutum
1777 1147 1829 1202 per·
1860 1195 1862 1200 ,

240 1230 268 1276 et
281 1220 438 1276 ethiearum
456 1218 581 1275 editione
594 1219 697 1275 Oxonii
710 1236 785 1274 anno
800 1219 875 1276 1850
885 1222 1019 1277 adornata
1066 1220 1150 1288 tinet,
1164 1217 1253 1276 Stoici
1272 1217 1434 1292 philosophi
1448 1217 1572 1274 carmina
1587 1226 1616 1270 et
1633 1215 1718 1271 eflnta
1734 1215 1832 1270 inlatis

240 1306 274 1363 de
287 1307 343 1363 hoc
355 1325 471 1382 quoque
483 1307 590 1382 hymno
601 1305 675 1365 bene
689 1309 802 1364 meruit.
1066 1320 1132 1364 narn
1143 1309 1270 1382 linguam
1284 1305 1423 1364 transtuli.
