3690 5924
349 433 352 439 ,
428 363 738 428 uururanouus
760 365 810 426 nu
832 327 1005 440 uhusso,
1027 363 1111 424 arc.
1532 383 1587 433 ιιι

14 509 35 569 it
48 511 158 582 Ergone
171 505 228 560 haec
244 501 360 576 quidem
374 503 449 557 ratio
462 501 502 556 ita
518 511 681 574 comparata
695 511 752 568 est,
774 495 779 582 l
798 510 928 572 quartam
942 498 1012 554 olim
1025 497 1108 554 fuisse
1118 495 1402 572 disputatiunculam,
1417 513 1474 569 qua
1489 497 1581 551 Zeno·

14 609 26 652 t
34 603 143 668 nequeat
156 589 301 647 infirmari.
316 588 567 661 Quemadmodum
581 591 669 663 igitur
683 588 753 643 illud
777 585 779 606 '
799 590 842 644 nis
856 588 990 662 dogmata
1004 595 1196 642 tractarentur
1204 602 1321 658 eamque
1331 585 1405 639 inter
1417 601 1462 638 eas
1475 593 1579 658 partes,

16 687 124 746 alumen,
144 681 166 734 si
186 677 386 734 Aristoteleum
410 676 508 731 haberi
530 677 679 743 convenit,
695 694 752 730 non
777 667 780 713 l
799 674 1086 751 quaenuncsecundo
1101 685 1130 730 et
1142 675 1226 729 terrio
1245 674 1310 728 loco
1326 673 1485 728 constitutae
1504 681 1580 740 sunt,

14 789 65 825 asse
88 767 222 843 preclaris
255 765 395 838 Stagiritae
419 763 553 836 operibus
574 762 756 818 adnumerari
798 765 922 822 mediam
937 765 1058 820 tenuisse
1072 762 1184 832 sedem,
1200 762 1240 816 ita
1253 771 1287 816 ut
1300 760 1323 816 is
1341 761 1390 833 qui
1409 777 1497 833 opera
1511 761 1582 815 Ari-

14 860 66 914 acile
78 855 251 912 concedimus
266 870 273 910 :
291 854 329 908 ita
343 870 432 925 quum
446 850 524 906 baud
542 869 634 924 pauca
648 849 755 907 Aristo·
800 855 917 910 stotelea
927 853 1058 909 adversus
1069 851 1138 906 alios
1147 848 1334 925 philosophos
1345 849 1450 922 scripta
1461 847 1582 905 adhunc

14 947 64 1002 elea
78 944 201 999 dictionis
220 942 338 1015 vestigia
353 941 454 996 relicta
466 938 627 1007 rideamus,
642 957 700 996 nou
715 948 757 992 est
799 943 1001 996 sententiarum
1016 949 1044 995 et
1056 948 1288 1012 argumentorum
1301 937 1473 1008 paucitatem
1494 934 1582 990 rede·

14 1033 64 1108 qaod
77 1030 132 1102 ejus
146 1030 344 1085 auctoritatem
366 1028 575 1100 impugnemus.
596 1025 653 1081 Sed
665 1041 755 1097 quum
803 1029 844 1102 git
861 1029 973 1085 initium
996 1026 1098 1082 fecerit
1112 1043 1128 1080 a
1143 1025 1278 1098 Melisso,
1303 1035 1361 1078 tum
1378 1022 1416 1078 ad
1428 1023 1583 1096 Xenopha-

14 1139 72 1194 rpus,
95 1115 170 1190 quod
190 1117 297 1190 raptim
319 1132 353 1170 ac
376 1114 553 1189 negligenter
568 1115 756 1187 compositum
802 1134 868 1170 nem
883 1115 1035 1182 transierit,
1050 1111 1154 1168 deinde
1166 1113 1309 1167 Zenonem
1324 1112 1463 1185 posuerit,
1476 1124 1582 1186 postre-

14 1225 46 1264 sse
57 1224 132 1261 nemo
144 1223 203 1259 non
217 1203 311 1274 videt,
325 1201 382 1258 tale
399 1202 483 1275 quale
496 1219 572 1255 nunc
584 1202 705 1270 est,rix
719 1200 756 1255 ab
801 1221 880 1257 mum
903 1220 962 1258 esse
986 1198 1123 1275 Gorgiam
1148 1200 1279 1254 voluerit.
1313 1198 1399 1270 Quod
1434 1211 1467 1254 ut
1485 1201 1524 1254 ita
1552 1218 1582 1255 se

14 1295 127 1350 tristotele
147 1291 220 1347 loras
236 1291 300 1347 dari
325 1291 469 1364 potuerit,
491 1288 675 1344 statuendum
693 1299 757 1358 aut,
802 1288 908 1343 habere
928 1285 1057 1356 credam,
1077 1287 1237 1340 certissimis
1260 1282 1391 1340 adducor
1408 1285 1531 1341 indiciis.
1548 1287 1583 1341 ln

14 1380 66 1456 poa
84 1380 244 1434 Karstcnius
264 1378 373 1446 voluit,
389 1395 455 1431 casu
471 1375 597 1449 quodam
611 1393 758 1430 commen·
801 1376 925 1432 secunda
941 1373 1095 1449 quaestione
1119 1371 1130 1450 (
1139 1393 1202 1448 cap.
1227 1375 1262 1450 l)
1279 1394 1342 1450 quac
1361 1385 1402 1431 est
1425 1374 1462 1431 de
1486 1377 1584 1430 Xeno·

14 1470 86 1522 arium
100 1466 197 1522 rudem
213 1477 242 1524 et
256 1465 421 1521 inchoatum
435 1461 474 1539 (bl
492 1463 528 1518 ad
541 1473 671 1536 posteros
692 1481 757 1538 per·
801 1465 896 1538 phane
910 1465 1012 1519 citatur
1025 1463 1117 1537 prima
1128 1462 1213 1518 libelli
1226 1481 1309 1537 pars,
1325 1481 1411 1536 quam
1427 1461 1464 1518 ad
1485 1463 1583 1518 Melis-

14 1557 104 1622 uuisse,
116 1564 178 1623 aut,
190 1553 270 1626 quod
293 1553 363 1606 mihi
377 1552 468 1606 multo
486 1553 575 1625 magis
595 1551 705 1625 placet,
726 1569 759 1607 ea
802 1569 864 1606 sum
875 1561 1003 1625 spectare
1018 1550 1154 1619 diximus,
1168 1549 1212 1606 his
1224 1550 1318 1605 verbis
1332 1568 1339 1605 ι
1357 1550 1380 1606 ll
1384 1551 1464 1625 ρῶτσν
1476 1547 1524 1622 μίν
1539 1537 1584 1607 οὖν

14 1662 52 1716 quc
64 1652 203 1714 supersunt
216 1649 352 1713 excerpta
362 1657 419 1694 esse
433 1657 448 1692 a
459 1639 650 1711 Peripatetico
661 1640 758 1694 nescio
803 1626 1077 1712 inportunitate<
1093 1634 1123 1693 τὸ
1141 1635 1293 1713 γιγνόμενον
1309 1635 1443 1712 γίγνεσθαι
1455 1635 1480 1702 ἐξ
1494 1633 1582 1706 ὄντος,

14 1749 51 1802 po
63 1747 75 1783 e
88 1727 234 1798 majoribus
252 1727 412 1784 Aristotelis
435 1725 571 1799 operibus
591 1743 608 1780 a
630 1726 759 1799 Diogene
802 1721 893 1804 ὥσπερ
904 1727 919 1782 ὁ
929 1724 1070 1789 Μέλισσος.
1085 1727 1119 1780 In
1134 1743 1166 1780 ea
1180 1736 1291 1795 autem,
1306 1743 1368 1798 quae
1382 1744 1458 1779 nrrnc
1473 1735 1515 1780 est
1530 1736 1585 1780 ter·

14 1817 96 1872 Laertio
112 1815 289 1882 memoratis,
312 1831 374 1886 quae
393 1813 441 1867 ille
462 1810 596 1867 adversus
620 1811 760 1886 Pythago·
803 1813 843 1868 tia
864 1815 1064 1869 commentatio
1088 1822 1116 1868 et
1140 1831 1224 1886 quam
1248 1812 1317 1866 olim
1342 1823 1472 1884 quartam
1501 1812 1585 1867 luisse

14 1923 67 1970 uos,
79 1901 208 1958 Eleaticos
232 1903 364 1975 aliosque
379 1900 566 1975 philosophos
587 1900 759 1972 conscripse·
804 1899 943 1972 conjicio,
955 1899 1089 1955 laudatur
1099 1900 1190 1974 prima
1202 1901 1331 1974 opusculi
1345 1918 1412 1973 pars
1423 1900 1459 1955 de
1471 1901 1585 1956 lllelisso

14 2002 50 2048 nt.
62 1987 96 2045 Ex
115 1989 212 2045 eodem
233 1989 316 2044 sonte
333 2005 382 2044 sua
399 1986 515 2042 videtur
531 1987 652 2042 hausisse
670 1987 760 2042 Theo·
805 1999 832 2043 et
856 1989 938 2045 tertia
953 1987 989 2043 de
1010 1987 1125 2045 Zenone
1146 1986 1216 2044 olim
1237 1989 1415 2062 conscripta,
1444 1988 1585 2062 siquidem

14 2077 110 2150 phrastus
120 2087 202 2148 atque
221 2076 251 2128 in
267 2073 414 2149 egregium
428 2073 539 2149 φυσικῆς
548 2069 665 2148 ἱστορίας
679 2073 761 2126 volu·
805 2094 867 2150 cap.
885 2073 901 2130 5
919 2075 1037 2150 legimus
1052 2091 1059 2131 :
1074 2070 1108 2129 τὰ
1121 2071 1169 2146 μὲν
1180 2075 1215 2136 ὡς
1229 2071 1379 2146 Μελισσος,
1394 2071 1427 2130 τὰ
1444 2072 1466 2130 δ’
1484 2075 1518 2140 ὥς
1530 2073 1585 2144 Ζή·

14 2181 58 2216 neu
69 2163 226 2216 transtulisse
240 2179 276 2217 eo
290 2161 424 2229 consilio,
441 2170 474 2214 ut
487 2161 576 2214 multa
591 2159 710 2232 adderet
725 2176 758 2214 ac
804 2184 855 2218 νων
870 2161 997 2238 ἐπιχειρεῖ
1008 2157 1141 2217 δεικνύειν.
1156 2159 1307 2217 Enimvero
1322 2179 1407 2235 quam
1420 2181 1586 2237 perversum

14 2247 38 2304 de
49 2250 147 2323 singulis
165 2248 326 2304 accuratius
339 2248 507 2322 disputaret.
526 2247 549 2304 E
561 2264 666 2320 magno
685 2249 761 2303 enim
805 2250 857 2318 sit,
868 2259 932 2324 post
942 2249 1085 2303 ltlelissum
1094 2258 1218 2302 tractare
1227 2249 1443 2322 Xenophanem,
1456 2251 1502 2304 rix
1514 2269 1586 2325 opus

14 2337 95 2410 ρνσιιῆς
115 2332 226 2412 Ισπσρίας
241 2353 331 2409 opere
356 2334 542 2409 depromsisse
557 2335 701 2410 putandus
720 2344 761 2389 est
806 2349 847 2394 est
870 2337 994 2394 ostendi.
1007 2339 1114 2392 Verum
1131 2337 1179 2392 illa
1192 2339 1360 2410 perversitas
1374 2358 1434 2393 ιιοιι
1446 2340 1476 2394 in
1495 2341 1586 2412 ipsum

14 2423 139 2497 Sinplicius
150 2443 212 2499 quar
226 2443 242 2480 c
257 2423 455 2498 Theophrasto
470 2421 601 2497 prolerre
613 2441 643 2480 sc
660 2421 760 2480 testili·
806 2425 1002 2494 Aristotelem,
1015 2425 1065 2480 sed
1084 2425 1114 2479 in
1132 2427 1270 2498 epitomes
1280 2425 1364 2497 hujus
1378 2438 1523 2482 auctorem
1538 2445 1587 2483 ca·

14 2514 150 2569 ramulam
162 2531 233 2568 vcro
253 2511 443 2567 librariorum
462 2512 572 2567 incuria
593 2511 715 2579 accidit,
731 2521 763 2566 ut
807 2514 918 2570 drusio
936 2515 1031 2568 omnia
1048 2514 1149 2570 videor
1163 2513 1334 2588 expediisse,
1349 2517 1378 2569 in
1393 2515 1497 2588 qulbus
1509 2517 1587 2572 litte·

14 2601 152 2674 siagularum
171 2600 262 2656 libelli
276 2601 404 2675 partium
424 2601 619 2673 inscriptiones
634 2618 762 2654 commu·
807 2601 939 2656 ratissimi
964 2603 1052 2656 aetads
1068 2613 1171 2658 nostrae
1185 2613 1213 2658 et
1227 2604 1441 2678 ingeniosissimi
1461 2605 1589 2660 homines
1605 2651 1606 2656 ,

14 2697 122 2746 urrann.
142 2690 212 2743 Nam
232 2688 255 2742 si
270 2687 444 2759 Lipsiensem
463 2687 593 2742 codicem
607 2688 761 2759 sequimur,
807 2689 962 2759 haeserunt,
975 2691 1025 2763 qui
1037 2689 1073 2746 de
1083 2691 1147 2745 libri
1159 2689 1243 2762 hujus
1253 2692 1392 2765 scriptore
1407 2695 1589 2749 commentati

14 2773 174 2831 inscribendus
187 2783 228 2829 est
241 2773 318 2828 liber
332 2773 368 2828 de
388 2773 518 2843 Zenone,
539 2774 715 2846 Xenophane
735 2784 764 2828 et
807 2786 882 2833 sunt.
904 2778 1004 2849 Neque
1018 2787 1111 2833 tamen
1125 2778 1315 2835 omittendum
1329 2779 1404 2834 duco
1425 2781 1547 2854 primam
1561 2792 1591 2836 et

16 2861 104 2936 Gorgia,
125 2864 145 2918 si
163 2863 309 2936 reliquos,
327 2859 363 2916 de
381 2861 577 2935 Xenophane,
599 2863 713 2916 Zenone
736 2870 765 2914 et
808 2865 921 2919 tertiam
938 2863 1163 2942 dissertationem
1180 2867 1218 2920 ita
1241 2869 1429 2941 compositam
1458 2885 1535 2938 esse,
1557 2878 1590 2922 ut

15 2945 103 3023 Gorgia.
117 2951 152 3004 At
166 2959 325 3021 utrumque
338 2948 452 3002 titulum
463 2965 543 3020 aeque
555 2947 693 3002 salsumet
705 2948 763 3003 ine·
809 2949 920 3006 nullum
941 2952 986 3006 vel
1001 2952 1113 3006 ltlelisso
1125 2953 1170 3006 vel
1186 2952 1297 3027 Gorgiae
1317 2953 1422 3037 dogma
1435 2955 1588 3028 tribuatur,

15 3047 75 3110 ptum
87 3057 141 3095 esse
155 3058 189 3094 ex
208 3040 243 3095 iis
256 3057 321 3111 quae
335 3039 451 3112 singulis
462 3038 658 3094 commentarii
671 3037 764 3111 parti·
812 3037 893 3110 quod
907 3056 966 3092 non
980 3056 1080 3093 eorum
1093 3038 1229 3094 doctrinae
1245 3042 1406 3118 conveniat,
1423 3042 1454 3096 in
1466 3043 1587 3099 secunda

16 3123 53 3180 bus
64 3127 229 3181 continentur
243 3124 361 3180 abunde
379 3124 539 3182 conticitur.
556 3121 668 3199 Quippe
681 3126 764 3199 prio·
810 3136 906 3181 autem
919 3127 1114 3181 commentarii
1128 3137 1210 3200 parte
1224 3129 1429 3185 conscribenda
1443 3140 1589 3186 auctorem

18 3229 60 3265 rem
76 3224 191 3286 partem,
221 3231 287 3286 quae
305 3213 431 3285 primurn
452 3223 481 3267 et
504 3213 659 3267 secundum
681 3223 765 3285 caput
810 3212 954 3268 refutandi
969 3212 1065 3268 studio
1080 3213 1226 3268 incensum
1241 3215 1370 3289 cupidius
1383 3227 1526 3272 versatum
1547 3219 1590 3272 vi-

17 3301 188 3373 conplectitur,
196 3317 293 3373 neque
301 3297 339 3353 ad
348 3299 554 3373 Xenophanem
565 3299 766 3372 relerri,quod
811 3299 888 3369 deri,
912 3318 996 3373 quam
1015 3300 1133 3373 simplex
1155 3300 1210 3356 fert
1232 3304 1305 3356 ratio
1325 3304 1461 3362 veritatis.
1478 3303 1590 3360 Etenim

18 3385 184 3444 lillebomius
195 3387 352 3442 arbitratus
361 3396 437 3455 erat,
452 3405 545 3464 neque
560 3387 595 3442 ad
611 3386 764 3454 Zenonem,
811 3388 937 3461 ltlctaph.
952 3389 977 3456 l,
993 3386 1009 3442 5
1031 3403 1096 3461 pag.
1111 3387 1181 3460 986.
1202 3389 1233 3459 b,
1255 3389 1290 3446 18
1304 3389 1349 3444 ed.
1364 3391 1452 3450 Belk.
1475 3392 1535 3447 haec
1555 3393 1590 3448 lc·

18 3471 685 3547 qua·aliorumfucratopinio,scdad.llelissum
700 3492 765 3547 per·
811 3488 917 3549 guutur
941 3494 948 3529 ι
976 3472 1145 3551 Παρμενίδης
1171 3472 1285 3552 μὲνγὰρ
1304 3473 1371 3532 ἔοικε
1396 3479 1443 3532 τοῦ
1458 3474 1527 3533 κατὰ
1546 3476 1591 3534 τὸν

18 3559 92 3630 tinere,
103 3580 116 3616 e
126 3563 224 3618 llelissi
237 3561 464 3636 fragmentorum
484 3580 549 3616 cum
567 3562 662 3636 primo
675 3563 765 3634 capite
811 3561 888 3638 λόγον
901 3558 955 3626 ἐνὸς
969 3557 1115 3637 ἅπτεσθαι,
1128 3560 1260 3628 Μέλισσος
1270 3559 1298 3619 δὲ
1311 3565 1357 3620 τοῦ
1371 3561 1439 3620 κατὰ
1451 3561 1498 3633 τὴν
1516 3562 1590 3633 ὕλην·

18 3661 126 3703 ισιιιειιειι
138 3650 172 3702 ita
186 3648 323 3722 probarit
332 3647 529 3724 Spaldingius,
548 3659 580 3702 ut
593 3649 663 3702 nihil
677 3645 765 3703 dubi·
814 3647 854 3707 διίι
867 3648 913 3707 καί
930 3650 944 3704 ὁ
959 3647 1006 3723 μὲν
1022 3647 1221 3726 πεπερασμένον
1231 3693 1239 3719 ,
1251 3652 1264 3707 i
1277 3649 1299 3708 δ’
1315 3648 1423 3727 ἄπειρόν
1435 3673 1513 3729 φησιν
1526 3643 1592 3710 εἶναι

18 3734 103 3790 lationis
117 3737 258 3810 reliquerit
277 3733 325 3810 (7).
342 3738 375 3790 ln
390 3736 478 3792 altera
494 3747 576 3811 parte
590 3736 697 3792 nonde
713 3738 766 3792 Ze·
812 3734 885 3794 αὐτό.
913 3735 1063 3816 Ξενορσίνης
1084 3734 1112 3799 δὲ
1137 3739 1238 3815 πρῶτος
1258 3737 1355 3796 τούτοιν
1379 3737 1464 3804 ἑνίσας
1481 3737 1516 3815 (ὁ
1539 3737 1591 3817 γὰρ

19 3836 85 3888 nane,
103 3823 146 3878 sed
168 3824 203 3878 de
229 3823 410 3896 Xenophane
433 3823 495 3896 egl,
516 3841 531 3878 e
555 3823 766 3898 Theoplrrasteo
813 3823 982 3902 Παρμενίδης
995 3823 1087 3882 τούτου
1103 3823 1207 3903 λέγεται
1227 3823 1449 3900 μαθητήςλοίιθὲν
1463 3826 1592 3906 διεσαφή-

21 3908 79 3979 apud
90 3909 257 3986 Simplicium
275 3911 361 3983 loco,
381 3911 432 3985 qui
446 3912 531 3966 tertio
548 3913 634 3984 capiti
648 3927 767 3966 consen-
812 3931 897 3978 νισεν,
909 3909 967 3966 ottt
984 3913 1030 3979 τῆς
1046 3909 1146 3990 plicam<
1156 3909 1255 3969 τούτων
1265 3911 1403 3989 οὐδετέρας
1418 3911 1487 3970 ἔοικε
1499 3917 1592 3989 θιγεῖν,

20 3999 94 4050 laneus
111 4011 164 4068 est,
190 4001 256 4074 cogi
278 4009 414 4073 oportere
428 3996 612 4069 jamdudum
635 4001 769 4056 viderunt
812 3999 870 4055 ἀλλ’
885 3999 922 4064 είς
936 3996 980 4055 τὸν
991 3995 1050 4057 ὅλον
1064 3996 1172 4077 οὐρανὸν
1183 3996 1336 4077 ἅποὸλίψας
1349 3996 1380 4056 τὸ
1394 3997 1421 4056 ἓν
1439 3989 1507 4057 εἶναί
1529 4023 1593 4080 φησι

20 4075 122 4138 homines
134 4085 246 4142 eruditi.
267 4087 310 4140 Dc
327 4082 409 4140 tertia
431 4096 526 4140 autem
547 4096 628 4159 parte
646 4086 666 4140 i.
689 4103 714 4140 e.
732 4085 768 4140 de
812 4085 857 4145 τὸν
869 4084 935 4146 θεόν.
953 4087 1180 4162 Xenophaneum
1196 4087 1275 4162 quod
1287 4089 1333 4143 hic
1346 4088 1481 4163 proditur
1493 4091 1593 4144 decre-

20 4168 96 4234 quinto
108 4183 133 4226 ct
148 4185 223 4228 sexto
235 4174 329 4247 capite
344 4175 422 4229 nulla
435 4191 562 4246 unquam
580 4173 632 4228 suit
646 4184 768 4229 contro·
813 4187 872 4231 tum
884 4194 972 4248 quum
986 4176 1141 4248 simplicius
1157 4187 1239 4249 esset,
1253 4194 1339 4250 quam
1352 4175 1431 4250 quod
1443 4177 1594 4232 commode

20 4256 96 4313 versia.
111 4260 200 4315 lnhac
212 4263 288 4316 enim
306 4261 544 4335 disputationede
559 4263 664 4336 Gorgia
677 4263 765 4336 quaeri
812 4273 907 4337 posset
928 4263 1073 4337 redargui,
1105 4264 1143 4318 ita
1166 4273 1307 4318 mutatum
1334 4274 1375 4320 est
1401 4264 1486 4336 hujus
1507 4265 1593 4319 libelli

21 4349 40 4391 tl
53 4348 264 4404 membranarum
279 4352 433 4405 auctoritas
448 4351 537 4405 vincit
551 4360 579 4405 et
596 4367 691 4404 rerum
707 4361 767 4404 tra·
813 4369 874 4424 cap.
886 4351 939 4419 111,
956 4361 989 4404 ut
1009 4351 1038 4405 in
1052 4349 1112 4421 ejus
1125 4351 1220 4405 locum
1242 4352 1460 4408 substitueretur
1473 4346 1556 4409 ἀίδιον
1571 4349 1594 4407 δ’

21 4424 117 4487 ditamm
138 4437 254 4510 diligens
277 4438 478 4512 pervestigatio
503 4437 596 4493 (locet.
620 4437 676 4492 Sed
690 4437 768 4493 unde
814 4433 877 4492 ὄντα
892 4433 937 4492 καὶ
951 4434 995 4492 ἕνα
1014 4436 1058 4493 καὶ
1081 4437 1243 4514 σφαιροειδῆ,
1260 4434 1314 4494 οὔτ’
1333 4435 1438 4516 ἄπειρον
1459 4427 1594 4496 εἶναισῦτε

21 4511 223 4579 Ζιιιοιιίειιοιιιοιι
235 4535 279 4580 rot
289 4522 437 4580 codicibus
447 4522 558 4580 illatum
569 4525 769 4598 estisuspicor
792 4583 794 4588 ,
814 4523 985 4603 πεπεράνθαι.
1010 4526 1043 4583 ln
1063 4545 1122 4600 quo
1146 4528 1269 4602 primum
1288 4527 1359 4582 illud
1380 4529 1511 4583 mirabile
1533 4539 1593 4600 est,

21 4643 1592 4682 Ἣ

45 4726 71 4788 (t)
80 4731 110 4778 Dc
122 4733 156 4782 his
168 4736 356 4795 commentariis,
366 4739 389 4784 ln
403 4736 491 4798 quibus
503 4737 667 4799 antiquiorum
678 4737 770 4799 opinio·
815 4753 877 4800 ματα
885 4737 916 4786 τὰ
928 4737 1017 4788 τούτων
1031 4737 1302 4794 κατασκευαστικὰ-ὠς
1313 4739 1369 4796 ὕλην
1382 4743 1428 4788 τῶν
1437 4739 1530 4787 οἰκείων
1540 4753 1600 4798 σογ-

24 4803 54 4870 ⁰²?
65 4800 188 4861 musignare
199 4805 321 4864 sotebant,
332 4805 442 4854 notabitis
453 4808 490 4855 est
499 4808 567 4855 taetra
579 4807 698 4856 Ammouii
711 4809 769 4855 ller—
813 4807 964 4871 γραμμάτων.
1268 4859 1269 4862 ,

23 4871 64 4911 crue
78 4869 122 4928 περὶ
137 4871 212 4932 tepus.
226 4873 277 4934 (ed.
290 4874 343 4924 ata.
359 4879 416 4924 150³
429 4875 438 4937 )
453 4875 488 4923 ur.
504 4882 533 4925 λ.
551 4874 616 4925 tohu
630 4888 636 4918 ε
652 4877 770 4938 Ὕπομνη-
846 4880 879 4940 (7)
892 4879 928 4928 ct.
946 4876 1068 4940 Spalding.
1082 4879 1177 4928 Vindio.
1192 4879 1252 4942 plait.
1269 4881 1330 4940 Meg.
1351 4890 1373 4939 p.
1389 4883 1417 4926 56
1436 4889 1504 4938 seqq.
1519 4881 1598 4936 argn-

24 4937 93 4990 torst
105 4939 126 4986 u
137 4941 412 5007 lsrtmtccqquupam)
423 4946 545 5006 καλοῦσιν,
557 4947 668 5010 acsaph:
682 4946 770 4995 οἰκείαν
815 4953 897 4996 manta
919 4948 972 5009 ejus
989 4951 1095 5010 repetere
1115 4947 1313 5010 supersedemus,
1333 4959 1410 5010 quum
1426 4947 1479 5010 ipsa
1505 4948 1596 4997 Melissi

24 4999 178 5067 ἀιῑιῐιινειοίιιτο
190 5014 328 5077 triumuir.
342 5016 461 5065 Εἰώθεσαν
481 5017 506 5065 u
525 5019 547 5065 ot
559 5017 668 5078 παλαιοί,
682 5017 713 5065 τὰ
724 5023 770 5065 τῶν
815 5020 947 5081 fragmenta
963 5032 1008 5068 nos
1029 5020 1053 5069 ia
1066 5019 1112 5068 hoo
1124 5019 1247 5068 volumine
1259 5017 1424 5070 exhibeamus.
1436 5015 1502 5066 rddc
1519 5018 1594 5066 ltran-

25 5069 154 5154 hrenum
166 5082 360 5146 impartiremur
372 5088 553 5151 συγγράμματα,
566 5089 770 5150 ιἰποσημιισῡσθαι
815 5089 861 5138 dis.
872 5091 1091 5141 commentationes
1102 5091 1219 5141 erraticas
1231 5102 1255 5153 tt.
1270 5095 1312 5140 {80
1323 5101 1390 5152 seqq.
1399 5090 1423 5138 el
1433 5089 1525 5138 llistor.
1535 5087 1593 5153 phil.

26 5151 85 5193 Μῶν
95 5149 131 5206 τὰς
142 5155 190 5216 περὶ
202 5155 301 5206 taucica
322 5157 454 5222 πράγματος
468 5161 533 5217 δόξας
549 5161 589 5210 rat
608 5161 637 5210 τὰ
655 5161 770 5224 ἐπιχειρή·
791 5227 792 5232 1
814 5161 835 5222 l,
847 5164 892 5210 398
906 5173 974 5224 seqq.

945 5255 954 5270 ·
1457 5253 1490 5292 λιι.
