<?xml version="1.0" encoding="UTF-8"?>
<!DOCTYPE html PUBLIC "-//W3C//DTD XHTML 1.0 Transitional//EN"
    "http://www.w3.org/TR/xhtml1/DTD/xhtml1-transitional.dtd">
<html xmlns="http://www.w3.org/1999/xhtml" xml:lang="en" lang="en">
 <head>
  <title>
</title>
<meta http-equiv="Content-Type" content="text/html;charset=utf-8" />
  <meta name='ocr-system' content='tesseract 3.04.00' />
  <meta name='ocr-capabilities' content='ocr_page ocr_carea ocr_par ocr_line ocrx_word'/>
</head>
<body>
  <div class='ocr_page' id='page_1' title='image "./fragmentaphilos03mullgoog/fragmentaphilos03mullgoog_0100.png"; bbox 0 0 3838 5926; ppageno 0'>
   <div class='ocr_carea' id='block_1_1' title="bbox 509 461 1691 541">
    <p class='ocr_par' dir='ltr' id='par_1_1' title="bbox 509 461 1691 541">
     <span class='ocr_line' id='line_1_1' title="bbox 509 461 1691 541; baseline 0.003 -15"><span class='ocrx_word' id='word_1_1' title='bbox 509 465 549 526; x_wconf 83' lang='grc' dir='ltr'><strong>ΙΝ</strong></span> <span class='ocrx_word' id='word_1_2' title='bbox 570 461 812 526; x_wconf 76' lang='lat' dir='ltr'><strong>euruuoctts</strong></span> <span class='ocrx_word' id='word_1_3' title='bbox 830 461 1043 526; x_wconf 75' lang='lat' dir='ltr'><strong>chamutum</strong></span> <span class='ocrx_word' id='word_1_4' title='bbox 1063 463 1285 541; x_wconf 72' lang='lat' dir='ltr'><strong>eminutus.</strong></span> <span class='ocrx_word' id='word_1_5' title='bbox 1654 477 1691 529; x_wconf 72' lang='lat' dir='ltr'><strong>ta</strong></span> 
     </span>
    </p>
   </div>
   <div class='ocr_carea' id='block_1_2' title="bbox 72 585 1692 1630">
    <p class='ocr_par' dir='ltr' id='par_1_2' title="bbox 79 585 1692 756">
     <span class='ocr_line' id='line_1_2' title="bbox 81 585 1692 670; baseline 0.001 -22"><span class='ocrx_word' id='word_1_6' title='bbox 81 611 125 648; x_wconf 84' lang='grc' dir='ltr'><strong>κεν</strong></span> <span class='ocrx_word' id='word_1_7' title='bbox 140 589 169 647; x_wconf 76' lang='lat' dir='ltr'><strong>iu</strong></span> <span class='ocrx_word' id='word_1_8' title='bbox 190 595 247 656; x_wconf 85' lang='grc' dir='ltr'>τοῖς</span> <span class='ocrx_word' id='word_1_9' title='bbox 266 589 404 668; x_wconf 80' lang='grc' dir='ltr'>Περσικοῖς</span> <span class='ocrx_word' id='word_1_10' title='bbox 419 589 493 666; x_wconf 66' lang='lat' dir='ltr'><strong>(leg,</strong></span> <span class='ocrx_word' id='word_1_11' title='bbox 517 589 660 655; x_wconf 70' lang='grc' dir='ltr'>Φυσικοῖς)</span> <span class='ocrx_word' id='word_1_12' title='bbox 678 586 774 646; x_wconf 73' lang='lat' dir='ltr'><strong>almis·</strong></span> <span class='ocrx_word' id='word_1_13' title='bbox 795 615 807 639; x_wconf 80' lang='grc' dir='ltr'>ι</span> <span class='ocrx_word' id='word_1_14' title='bbox 820 587 867 646; x_wconf 73' lang='lat' dir='ltr'><strong>di·</strong></span> <span class='ocrx_word' id='word_1_15' title='bbox 914 585 1098 662; x_wconf 69' lang='grc' dir='ltr'>Ἰίμπεδοκλῆς</span> <span class='ocrx_word' id='word_1_16' title='bbox 1110 587 1233 649; x_wconf 85' lang='grc' dir='ltr'>ὑπόνοιαν</span> <span class='ocrx_word' id='word_1_17' title='bbox 1242 591 1459 648; x_wconf 79' lang='lat' dir='ltr'><strong>sitrecorrditum</strong></span> <span class='ocrx_word' id='word_1_18' title='bbox 1468 609 1578 648; x_wconf 83' lang='lat' dir='ltr'><strong>sensum</strong></span> <span class='ocrx_word' id='word_1_19' title='bbox 1593 595 1692 670; x_wconf 80' lang='lat' dir='ltr'><strong>Empo-</strong></span> 
     </span>
     <span class='ocr_line' id='line_1_3' title="bbox 79 675 1548 756; baseline 0.001 -22"><span class='ocrx_word' id='word_1_20' title='bbox 79 699 154 756; x_wconf 84' lang='grc' dir='ltr'>ιριτον</span> <span class='ocrx_word' id='word_1_21' title='bbox 171 677 251 737; x_wconf 88' lang='grc' dir='ltr'>ὑδατι</span> <span class='ocrx_word' id='word_1_22' title='bbox 260 675 409 748; x_wconf 79' lang='grc' dir='ltr'>κολλήοας,</span> <span class='ocrx_word' id='word_1_23' title='bbox 418 703 431 728; x_wconf 76' lang='grc' dir='ltr'><strong>ν</strong></span> <span class='ocrx_word' id='word_1_24' title='bbox 445 675 497 736; x_wconf 88' lang='lat' dir='ltr'><strong>nbi</strong></span> <span class='ocrx_word' id='word_1_25' title='bbox 508 689 655 752; x_wconf 87' lang='lat' dir='ltr'><strong>postrema</strong></span> <span class='ocrx_word' id='word_1_26' title='bbox 667 675 777 733; x_wconf 80' lang='lat' dir='ltr'><strong>&#39;l&#39;heod</strong></span> <span class='ocrx_word' id='word_1_27' title='bbox 789 676 868 734; x_wconf 79' lang='lat' dir='ltr'><strong>Gaea</strong></span> <span class='ocrx_word' id='word_1_28' title='bbox 912 678 1004 733; x_wconf 75' lang='lat' dir='ltr'><strong>docies</strong></span> <span class='ocrx_word' id='word_1_29' title='bbox 1013 675 1153 752; x_wconf 80' lang='lat' dir='ltr'><strong>proehuit,</strong></span> <span class='ocrx_word' id='word_1_30' title='bbox 1169 677 1188 736; x_wconf 92' lang='lat' dir='ltr'><strong>i.</strong></span> <span class='ocrx_word' id='word_1_31' title='bbox 1204 697 1230 736; x_wconf 89' lang='lat' dir='ltr'><strong>e.</strong></span> <span class='ocrx_word' id='word_1_32' title='bbox 1238 675 1369 751; x_wconf 78' lang='lat' dir='ltr'><strong>figurate</strong></span> <span class='ocrx_word' id='word_1_33' title='bbox 1379 679 1483 734; x_wconf 77' lang='grc' dir='ltr'>ίοσαιιιν</span> <span class='ocrx_word' id='word_1_34' title='bbox 1496 691 1548 735; x_wconf 84' lang='lat' dir='ltr'><strong>est.</strong></span> 
     </span>
    </p>

    <p class='ocr_par' dir='ltr' id='par_1_3' title="bbox 75 761 1690 1276">
     <span class='ocr_line' id='line_1_4' title="bbox 79 761 1690 845; baseline 0.004 -23"><span class='ocrx_word' id='word_1_35' title='bbox 79 779 129 823; x_wconf 92' lang='lat' dir='ltr'><strong>aut</strong></span> <span class='ocrx_word' id='word_1_36' title='bbox 143 764 273 824; x_wconf 90' lang='lat' dir='ltr'><strong>liberius</strong></span> <span class='ocrx_word' id='word_1_37' title='bbox 289 765 397 834; x_wconf 86' lang='lat' dir='ltr'><strong>vertit,</strong></span> <span class='ocrx_word' id='word_1_38' title='bbox 414 764 514 822; x_wconf 88' lang='lat' dir='ltr'><strong>dicens</strong></span> <span class='ocrx_word' id='word_1_39' title='bbox 535 784 543 819; x_wconf 81' lang='grc' dir='ltr'>ι</span> <span class='ocrx_word' id='word_1_40' title='bbox 563 787 575 814; x_wconf 88' lang='grc' dir='ltr'>ι</span> <span class='ocrx_word' id='word_1_41' title='bbox 593 781 698 821; x_wconf 81' lang='lat' dir='ltr'><strong>nrunus</strong></span> <span class='ocrx_word' id='word_1_42' title='bbox 718 761 769 820; x_wconf 90' lang='lat' dir='ltr'><strong>ubi</strong></span> <span class='ocrx_word' id='word_1_43' title='bbox 788 763 868 838; x_wconf 83' lang='lat' dir='ltr'><strong>larga</strong></span> <span class='ocrx_word' id='word_1_44' title='bbox 951 762 1000 822; x_wconf 86' lang='lat' dir='ltr'><strong>Vs.</strong></span> <span class='ocrx_word' id='word_1_45' title='bbox 1022 767 1161 838; x_wconf 76' lang='lat'><strong>277·²8⁰·</strong></span> <span class='ocrx_word' id='word_1_46' title='bbox 1177 766 1200 822; x_wconf 85' lang='grc' dir='ltr'><strong>εί</strong></span> <span class='ocrx_word' id='word_1_47' title='bbox 1222 761 1247 822; x_wconf 88' lang='grc' dir='ltr'><strong>δ’</strong></span> <span class='ocrx_word' id='word_1_48' title='bbox 1261 762 1496 843; x_wconf 71' lang='grc' dir='ltr'>ἔτι-Ἀφροδίτῃ]</span> <span class='ocrx_word' id='word_1_49' title='bbox 1521 765 1690 845; x_wconf 69' lang='lat' dir='ltr'><strong>Simplicius</strong></span> 
     </span>
     <span class='ocr_line' id='line_1_5' title="bbox 78 849 1689 930; baseline 0.004 -20"><span class='ocrx_word' id='word_1_50' title='bbox 78 852 200 911; x_wconf 87' lang='lat' dir='ltr'><strong>Cereris</strong></span> <span class='ocrx_word' id='word_1_51' title='bbox 213 851 402 929; x_wconf 78' lang='lat' dir='ltr'><strong>conjunxerit</strong></span> <span class='ocrx_word' id='word_1_52' title='bbox 417 851 514 922; x_wconf 89' lang='lat' dir='ltr'><strong>unda,</strong></span> <span class='ocrx_word' id='word_1_53' title='bbox 531 863 608 909; x_wconf 79' lang='lat' dir='ltr'><strong>»aut</strong></span> <span class='ocrx_word' id='word_1_54' title='bbox 622 869 714 926; x_wconf 76' lang='lat' dir='ltr'><strong>grace</strong></span> <span class='ocrx_word' id='word_1_55' title='bbox 728 850 866 927; x_wconf 86' lang='lat' dir='ltr'><strong>scriptum</strong></span> <span class='ocrx_word' id='word_1_56' title='bbox 912 849 948 908; x_wconf 90' lang='lat' dir='ltr'><strong>de</strong></span> <span class='ocrx_word' id='word_1_57' title='bbox 962 851 1045 910; x_wconf 88' lang='lat' dir='ltr'><strong>Coelo</strong></span> <span class='ocrx_word' id='word_1_58' title='bbox 1066 851 1143 930; x_wconf 87' lang='lat' dir='ltr'><strong>apud</strong></span> <span class='ocrx_word' id='word_1_59' title='bbox 1160 851 1324 927; x_wconf 85' lang='lat' dir='ltr'><strong>Peyrouum</strong></span> <span class='ocrx_word' id='word_1_60' title='bbox 1340 851 1360 909; x_wconf 93' lang='lat' dir='ltr'><strong>l.</strong></span> <span class='ocrx_word' id='word_1_61' title='bbox 1384 851 1402 908; x_wconf 96' lang='lat' dir='ltr'><strong>l.</strong></span> <span class='ocrx_word' id='word_1_62' title='bbox 1424 870 1453 928; x_wconf 88' lang='lat' dir='ltr'><strong>p.</strong></span> <span class='ocrx_word' id='word_1_63' title='bbox 1470 853 1519 909; x_wconf 82' lang='grc' dir='ltr'>αδ.</span> <span class='ocrx_word' id='word_1_64' title='bbox 1542 853 1620 914; x_wconf 92' lang='lat' dir='ltr'><strong>Poet.</strong></span> <span class='ocrx_word' id='word_1_65' title='bbox 1638 856 1689 917; x_wconf 84' lang='lat' dir='ltr'><strong>Gr.</strong></span> 
     </span>
     <span class='ocr_line' id='line_1_6' title="bbox 77 935 1690 1019; baseline 0.004 -24"><span class='ocrx_word' id='word_1_66' title='bbox 77 939 216 1016; x_wconf 90' lang='lat' dir='ltr'><strong>repperit</strong></span> <span class='ocrx_word' id='word_1_67' title='bbox 232 959 239 994; x_wconf 81' lang='lat' dir='ltr'><strong>t</strong></span> <span class='ocrx_word' id='word_1_68' title='bbox 254 939 361 1019; x_wconf 82' lang='grc' dir='ltr'>ιίλριτον</span> <span class='ocrx_word' id='word_1_69' title='bbox 378 937 455 996; x_wconf 85' lang='grc' dir='ltr'>ὑδατι</span> <span class='ocrx_word' id='word_1_70' title='bbox 465 935 596 1007; x_wconf 71' lang='grc' dir='ltr'>κολλὺοας</span> <span class='ocrx_word' id='word_1_71' title='bbox 608 935 761 1015; x_wconf 78' lang='grc' dir='ltr'><strong>Δημήτερος</strong></span> <span class='ocrx_word' id='word_1_72' title='bbox 774 937 867 1010; x_wconf 66' lang='grc' dir='ltr'>λιτήν.</span> <span class='ocrx_word' id='word_1_73' title='bbox 913 937 983 999; x_wconf 91' lang='lat' dir='ltr'><strong>min.</strong></span> <span class='ocrx_word' id='word_1_74' title='bbox 1000 951 1069 996; x_wconf 90' lang='lat' dir='ltr'><strong>tom.</strong></span> <span class='ocrx_word' id='word_1_75' title='bbox 1082 938 1110 997; x_wconf 95' lang='lat' dir='ltr'><strong>ll</strong></span> <span class='ocrx_word' id='word_1_76' title='bbox 1124 959 1154 1017; x_wconf 85' lang='lat' dir='ltr'><strong>p.</strong></span> <span class='ocrx_word' id='word_1_77' title='bbox 1170 937 1264 996; x_wconf 82' lang='lat' dir='ltr'><strong>XLlll</strong></span> <span class='ocrx_word' id='word_1_78' title='bbox 1278 936 1323 996; x_wconf 88' lang='lat' dir='ltr'><strong>ed.</strong></span> <span class='ocrx_word' id='word_1_79' title='bbox 1335 937 1494 1010; x_wconf 83' lang='lat' dir='ltr'><strong>Gaislord.;</strong></span> <span class='ocrx_word' id='word_1_80' title='bbox 1507 937 1604 1000; x_wconf 88' lang='lat' dir='ltr'><strong>Schol.</strong></span> <span class='ocrx_word' id='word_1_81' title='bbox 1620 945 1690 1002; x_wconf 80' lang='lat' dir='ltr'><strong>Ari-</strong></span> 
     </span>
     <span class='ocr_line' id='line_1_7' title="bbox 77 1024 1690 1105; baseline 0.006 -23"><span class='ocrx_word' id='word_1_82' title='bbox 77 1026 164 1083; x_wconf 72' lang='lat' dir='ltr'><strong>Adde</strong></span> <span class='ocrx_word' id='word_1_83' title='bbox 201 1025 367 1084; x_wconf 76' lang='lat' dir='ltr'><strong>Aristotelis</strong></span> <span class='ocrx_word' id='word_1_84' title='bbox 398 1025 571 1104; x_wconf 75' lang='lat' dir='ltr'><strong>interpretes</strong></span> <span class='ocrx_word' id='word_1_85' title='bbox 596 1025 801 1104; x_wconf 85' lang='lat' dir='ltr'><strong>Olympiodor.</strong></span> <span class='ocrx_word' id='word_1_86' title='bbox 836 1027 867 1084; x_wconf 91' lang='lat' dir='ltr'><strong>in</strong></span> <span class='ocrx_word' id='word_1_87' title='bbox 912 1039 979 1088; x_wconf 88' lang='lat' dir='ltr'><strong>stot.</strong></span> <span class='ocrx_word' id='word_1_88' title='bbox 1002 1046 1067 1104; x_wconf 82' lang='lat' dir='ltr'><strong>pag.</strong></span> <span class='ocrx_word' id='word_1_89' title='bbox 1093 1027 1160 1102; x_wconf 82' lang='lat'><strong>507.</strong></span> <span class='ocrx_word' id='word_1_90' title='bbox 1185 1046 1211 1085; x_wconf 86' lang='lat' dir='ltr'><strong>a.</strong></span> <span class='ocrx_word' id='word_1_91' title='bbox 1232 1026 1278 1084; x_wconf 91' lang='lat' dir='ltr'><strong>ed.</strong></span> <span class='ocrx_word' id='word_1_92' title='bbox 1296 1025 1399 1084; x_wconf 78' lang='lat' dir='ltr'><strong>lirand.</strong></span> <span class='ocrx_word' id='word_1_93' title='bbox 1422 1024 1462 1084; x_wconf 87' lang='grc' dir='ltr'><strong>ότι</strong></span> <span class='ocrx_word' id='word_1_94' title='bbox 1476 1025 1503 1084; x_wconf 84' lang='grc' dir='ltr'><strong>δλ</strong></span> <span class='ocrx_word' id='word_1_95' title='bbox 1518 1028 1578 1105; x_wconf 87' lang='grc' dir='ltr'>τιρλ</span> <span class='ocrx_word' id='word_1_96' title='bbox 1593 1031 1690 1090; x_wconf 85' lang='grc' dir='ltr'>τούτων</span> 
     </span>
     <span class='ocr_line' id='line_1_8' title="bbox 77 1109 1690 1194; baseline 0.004 -25"><span class='ocrx_word' id='word_1_97' title='bbox 77 1112 201 1170; x_wconf 82' lang='lat' dir='ltr'><strong>llleteor.</strong></span> <span class='ocrx_word' id='word_1_98' title='bbox 221 1113 240 1170; x_wconf 84' lang='lat' dir='ltr'><strong>l.</strong></span> <span class='ocrx_word' id='word_1_99' title='bbox 255 1111 339 1184; x_wconf 67' lang='grc' dir='ltr'>δόλος</span> <span class='ocrx_word' id='word_1_100' title='bbox 354 1113 492 1172; x_wconf 74' lang='lat' dir='ltr'><strong>Alexand.</strong></span> <span class='ocrx_word' id='word_1_101' title='bbox 507 1114 639 1192; x_wconf 81' lang='lat' dir='ltr'><strong>Aphrod.</strong></span> <span class='ocrx_word' id='word_1_102' title='bbox 655 1116 685 1172; x_wconf 94' lang='lat' dir='ltr'><strong>in</strong></span> <span class='ocrx_word' id='word_1_103' title='bbox 697 1113 785 1171; x_wconf 88' lang='lat' dir='ltr'><strong>eund.</strong></span> <span class='ocrx_word' id='word_1_104' title='bbox 798 1113 865 1174; x_wconf 86' lang='lat' dir='ltr'><strong>libr.</strong></span> <span class='ocrx_word' id='word_1_105' title='bbox 912 1113 981 1189; x_wconf 81' lang='grc' dir='ltr'>λέγει</span> <span class='ocrx_word' id='word_1_106' title='bbox 993 1115 1044 1170; x_wconf 84' lang='grc' dir='ltr'><strong>τῶν</strong></span> <span class='ocrx_word' id='word_1_107' title='bbox 1058 1115 1084 1171; x_wconf 89' lang='grc' dir='ltr'><strong>ίν</strong></span> <span class='ocrx_word' id='word_1_108' title='bbox 1095 1109 1342 1194; x_wconf 77' lang='grc' dir='ltr'>τοὺτῳτῷκόσμιρ,</span> <span class='ocrx_word' id='word_1_109' title='bbox 1357 1111 1435 1170; x_wconf 78' lang='grc' dir='ltr'>ἄκουε</span> <span class='ocrx_word' id='word_1_110' title='bbox 1442 1112 1541 1172; x_wconf 80' lang='grc' dir='ltr'>τούτων</span> <span class='ocrx_word' id='word_1_111' title='bbox 1548 1121 1601 1176; x_wconf 83' lang='grc' dir='ltr'><strong>τῶν</strong></span> <span class='ocrx_word' id='word_1_112' title='bbox 1612 1119 1690 1177; x_wconf 81' lang='grc' dir='ltr'>ίπιῦν·</span> 
     </span>
     <span class='ocr_line' id='line_1_9' title="bbox 75 1197 1133 1276; baseline 0.004 -21"><span class='ocrx_word' id='word_1_113' title='bbox 75 1201 97 1258; x_wconf 83' lang='lat' dir='ltr'><strong>i.</strong></span> <span class='ocrx_word' id='word_1_114' title='bbox 118 1201 173 1256; x_wconf 86' lang='lat'><strong>131</strong></span> <span class='ocrx_word' id='word_1_115' title='bbox 189 1198 231 1271; x_wconf 89' lang='lat' dir='ltr'><strong>b;</strong></span> <span class='ocrx_word' id='word_1_116' title='bbox 247 1211 276 1257; x_wconf 88' lang='lat' dir='ltr'><strong>et</strong></span> <span class='ocrx_word' id='word_1_117' title='bbox 289 1219 355 1276; x_wconf 79' lang='lat' dir='ltr'><strong>quae</strong></span> <span class='ocrx_word' id='word_1_118' title='bbox 364 1200 395 1257; x_wconf 95' lang='lat' dir='ltr'><strong>in</strong></span> <span class='ocrx_word' id='word_1_119' title='bbox 406 1199 507 1261; x_wconf 89' lang='lat' dir='ltr'><strong>Probl.</strong></span> <span class='ocrx_word' id='word_1_120' title='bbox 519 1201 540 1262; x_wconf 89' lang='lat' dir='ltr'><strong>l.</strong></span> <span class='ocrx_word' id='word_1_121' title='bbox 552 1221 577 1260; x_wconf 89' lang='lat' dir='ltr'><strong>c.</strong></span> <span class='ocrx_word' id='word_1_122' title='bbox 595 1213 817 1272; x_wconf 64' lang='lat' dir='ltr'><strong>annotaturum,</strong></span> <span class='ocrx_word' id='word_1_123' title='bbox 830 1221 867 1259; x_wconf 82' lang='lat' dir='ltr'><strong>ex</strong></span> <span class='ocrx_word' id='word_1_124' title='bbox 912 1198 934 1253; x_wconf 82' lang='grc' dir='ltr'>τί</span> <span class='ocrx_word' id='word_1_125' title='bbox 945 1197 973 1254; x_wconf 82' lang='grc' dir='ltr'><strong>δέ</strong></span> <span class='ocrx_word' id='word_1_126' title='bbox 983 1198 1009 1256; x_wconf 94' lang='grc' dir='ltr'>τί</span> <span class='ocrx_word' id='word_1_127' title='bbox 1024 1222 1065 1258; x_wconf 92' lang='grc' dir='ltr'>σοι</span> <span class='ocrx_word' id='word_1_128' title='bbox 1076 1203 1133 1260; x_wconf 92' lang='grc' dir='ltr'>κτλ.</span> 
     </span>
    </p>

    <p class='ocr_par' dir='ltr' id='par_1_4' title="bbox 72 1283 1691 1630">
     <span class='ocr_line' id='line_1_10' title="bbox 74 1283 1691 1369; baseline 0.004 -24"><span class='ocrx_word' id='word_1_129' title='bbox 74 1285 192 1363; x_wconf 76' lang='lat' dir='ltr'><strong>quibus</strong></span> <span class='ocrx_word' id='word_1_130' title='bbox 207 1286 269 1346; x_wconf 78' lang='lat' dir='ltr'><strong>haec</strong></span> <span class='ocrx_word' id='word_1_131' title='bbox 281 1288 367 1347; x_wconf 90' lang='lat' dir='ltr'><strong>nobis</strong></span> <span class='ocrx_word' id='word_1_132' title='bbox 387 1287 559 1366; x_wconf 86' lang='lat' dir='ltr'><strong>depromere</strong></span> <span class='ocrx_word' id='word_1_133' title='bbox 574 1289 668 1346; x_wconf 87' lang='lat' dir='ltr'><strong>visum</strong></span> <span class='ocrx_word' id='word_1_134' title='bbox 678 1301 739 1346; x_wconf 88' lang='lat' dir='ltr'><strong>est:</strong></span> <span class='ocrx_word' id='word_1_135' title='bbox 756 1287 799 1345; x_wconf 85' lang='grc' dir='ltr'><strong>καί</strong></span> <span class='ocrx_word' id='word_1_136' title='bbox 815 1287 865 1369; x_wconf 67' lang='grc' dir='ltr'><strong>γὰρ</strong></span> <span class='ocrx_word' id='word_1_137' title='bbox 951 1283 999 1345; x_wconf 86' lang='lat' dir='ltr'><strong>Vs.</strong></span> <span class='ocrx_word' id='word_1_138' title='bbox 1016 1305 1083 1360; x_wconf 72' lang='grc' dir='ltr'>τηρ.</span> <span class='ocrx_word' id='word_1_139' title='bbox 1099 1290 1121 1346; x_wconf 86' lang='grc' dir='ltr'>τί</span> <span class='ocrx_word' id='word_1_140' title='bbox 1140 1287 1163 1344; x_wconf 83' lang='grc' dir='ltr'><strong>δ’</strong></span> <span class='ocrx_word' id='word_1_141' title='bbox 1178 1285 1215 1344; x_wconf 82' lang='lat' dir='ltr'><strong>ln</strong></span> <span class='ocrx_word' id='word_1_142' title='bbox 1233 1309 1275 1346; x_wconf 91' lang='grc' dir='ltr'>σοι</span> <span class='ocrx_word' id='word_1_143' title='bbox 1294 1288 1373 1346; x_wconf 90' lang='lat' dir='ltr'><strong>edidi</strong></span> <span class='ocrx_word' id='word_1_144' title='bbox 1392 1307 1456 1346; x_wconf 90' lang='lat' dir='ltr'><strong>cum</strong></span> <span class='ocrx_word' id='word_1_145' title='bbox 1476 1289 1644 1350; x_wconf 78' lang='lat' dir='ltr'><strong>Gaislortlio</strong></span> <span class='ocrx_word' id='word_1_146' title='bbox 1662 1308 1691 1352; x_wconf 88' lang='lat' dir='ltr'><strong>et</strong></span> 
     </span>
     <span class='ocr_line' id='line_1_11' title="bbox 73 1367 1690 1456; baseline 0.006 -28"><span class='ocrx_word' id='word_1_147' title='bbox 73 1373 176 1438; x_wconf 73' lang='grc' dir='ltr'>ἐκεῖνος</span> <span class='ocrx_word' id='word_1_148' title='bbox 188 1373 315 1445; x_wconf 80' lang='grc' dir='ltr'>αολλιξσιι</span> <span class='ocrx_word' id='word_1_149' title='bbox 326 1371 415 1432; x_wconf 83' lang='grc' dir='ltr'>ιίααοι</span> <span class='ocrx_word' id='word_1_150' title='bbox 428 1372 476 1445; x_wconf 73' lang='lat' dir='ltr'><strong>riv</strong></span> <span class='ocrx_word' id='word_1_151' title='bbox 498 1379 543 1433; x_wconf 87' lang='grc' dir='ltr'>τοῦ</span> <span class='ocrx_word' id='word_1_152' title='bbox 556 1378 635 1454; x_wconf 90' lang='grc' dir='ltr'>ὑγροῦ</span> <span class='ocrx_word' id='word_1_153' title='bbox 648 1378 686 1455; x_wconf 83' lang='grc' dir='ltr'>τῷ</span> <span class='ocrx_word' id='word_1_154' title='bbox 698 1373 768 1455; x_wconf 85' lang='grc' dir='ltr'>ξηρῷ</span> <span class='ocrx_word' id='word_1_155' title='bbox 782 1373 865 1450; x_wconf 85' lang='grc' dir='ltr'>μῖξιν,</span> <span class='ocrx_word' id='word_1_156' title='bbox 910 1367 1066 1433; x_wconf 80' lang='lat' dir='ltr'><strong>Karstenio</strong></span> <span class='ocrx_word' id='word_1_157' title='bbox 1079 1375 1178 1433; x_wconf 81' lang='lat' dir='ltr'><strong>cCod.</strong></span> <span class='ocrx_word' id='word_1_158' title='bbox 1200 1375 1256 1434; x_wconf 85' lang='lat' dir='ltr'><strong>Ox.</strong></span> <span class='ocrx_word' id='word_1_159' title='bbox 1272 1375 1311 1447; x_wconf 79' lang='lat' dir='ltr'><strong>A;</strong></span> <span class='ocrx_word' id='word_1_160' title='bbox 1326 1375 1422 1435; x_wconf 75' lang='lat' dir='ltr'><strong>(lton.</strong></span> <span class='ocrx_word' id='word_1_161' title='bbox 1435 1376 1466 1437; x_wconf 85' lang='lat' dir='ltr'><strong>li.</strong></span> <span class='ocrx_word' id='word_1_162' title='bbox 1482 1378 1600 1438; x_wconf 81' lang='lat' dir='ltr'><strong>exhibet</strong></span> <span class='ocrx_word' id='word_1_163' title='bbox 1612 1380 1690 1456; x_wconf 87' lang='lat' dir='ltr'><strong>quod</strong></span> 
     </span>
     <span class='ocr_line' id='line_1_12' title="bbox 73 1458 1691 1541; baseline 0.005 -25"><span class='ocrx_word' id='word_1_164' title='bbox 73 1458 180 1518; x_wconf 81' lang='grc' dir='ltr'>ααὶδιίι</span> <span class='ocrx_word' id='word_1_165' title='bbox 196 1465 275 1520; x_wconf 86' lang='grc' dir='ltr'>τοῦτο</span> <span class='ocrx_word' id='word_1_166' title='bbox 288 1463 410 1530; x_wconf 85' lang='grc' dir='ltr'>συνεστός</span> <span class='ocrx_word' id='word_1_167' title='bbox 422 1485 451 1520; x_wconf 89' lang='grc' dir='ltr'>τε</span> <span class='ocrx_word' id='word_1_168' title='bbox 465 1461 511 1522; x_wconf 90' lang='grc' dir='ltr'><strong>καί</strong></span> <span class='ocrx_word' id='word_1_169' title='bbox 521 1463 667 1540; x_wconf 71' lang='grc' dir='ltr'>ὡρισμένον</span> <span class='ocrx_word' id='word_1_170' title='bbox 681 1465 760 1538; x_wconf 81' lang='grc' dir='ltr'>σῶμα</span> <span class='ocrx_word' id='word_1_171' title='bbox 773 1469 825 1519; x_wconf 76' lang='grc' dir='ltr'><strong>πᾶν</strong></span> <span class='ocrx_word' id='word_1_172' title='bbox 840 1462 866 1532; x_wconf 76' lang='grc' dir='ltr'><strong>ἐξ</strong></span> <span class='ocrx_word' id='word_1_173' title='bbox 911 1459 1038 1520; x_wconf 82' lang='lat' dir='ltr'><strong>Sicinius</strong></span> <span class='ocrx_word' id='word_1_174' title='bbox 1063 1463 1194 1541; x_wconf 86' lang='lat' dir='ltr'><strong>recepit,</strong></span> <span class='ocrx_word' id='word_1_175' title='bbox 1211 1465 1234 1521; x_wconf 84' lang='grc' dir='ltr'><strong>εἰ</strong></span> <span class='ocrx_word' id='word_1_176' title='bbox 1249 1461 1276 1520; x_wconf 80' lang='grc' dir='ltr'><strong>δέ</strong></span> <span class='ocrx_word' id='word_1_177' title='bbox 1292 1462 1318 1520; x_wconf 91' lang='grc' dir='ltr'>τί</span> <span class='ocrx_word' id='word_1_178' title='bbox 1335 1483 1392 1536; x_wconf 72' lang='grc' dir='ltr'>σοις</span> <span class='ocrx_word' id='word_1_179' title='bbox 1411 1463 1601 1524; x_wconf 79' lang='lat' dir='ltr'><strong>&#39;laurinensis</strong></span> <span class='ocrx_word' id='word_1_180' title='bbox 1617 1468 1691 1526; x_wconf 80' lang='lat' dir='ltr'><strong>ritule</strong></span> 
     </span>
     <span class='ocr_line' id='line_1_13' title="bbox 72 1539 1686 1630; baseline 0.005 -25"><span class='ocrx_word' id='word_1_181' title='bbox 72 1550 179 1627; x_wconf 72' lang='grc' dir='ltr'>ἀμφοῖν</span> <span class='ocrx_word' id='word_1_182' title='bbox 195 1573 277 1628; x_wconf 77' lang='grc' dir='ltr'>φησιν</span> <span class='ocrx_word' id='word_1_183' title='bbox 287 1539 368 1622; x_wconf 81' lang='grc' dir='ltr'>τίνοι,</span> <span class='ocrx_word' id='word_1_184' title='bbox 378 1553 458 1629; x_wconf 87' lang='grc' dir='ltr'>ὑγροῦ</span> <span class='ocrx_word' id='word_1_185' title='bbox 470 1550 553 1610; x_wconf 83' lang='grc' dir='ltr'>τεκαὶ</span> <span class='ocrx_word' id='word_1_186' title='bbox 565 1549 658 1630; x_wconf 81' lang='grc' dir='ltr'>ξηροῦ,</span> <span class='ocrx_word' id='word_1_187' title='bbox 669 1553 705 1617; x_wconf 85' lang='grc' dir='ltr'><strong>ὼς</strong></span> <span class='ocrx_word' id='word_1_188' title='bbox 714 1549 830 1621; x_wconf 76' lang='grc' dir='ltr'>ἐκείνοιν,</span> <span class='ocrx_word' id='word_1_189' title='bbox 842 1553 865 1609; x_wconf 81' lang='grc' dir='ltr'><strong>εἰ</strong></span> <span class='ocrx_word' id='word_1_190' title='bbox 910 1551 933 1606; x_wconf 86' lang='lat' dir='ltr'><strong>al</strong></span> <span class='ocrx_word' id='word_1_191' title='bbox 948 1549 976 1606; x_wconf 81' lang='grc' dir='ltr'><strong>δι’</strong></span> <span class='ocrx_word' id='word_1_192' title='bbox 985 1573 1067 1630; x_wconf 70' lang='grc' dir='ltr'>τισιν.</span> <span class='ocrx_word' id='word_1_193' title='bbox 1076 1549 1220 1618; x_wconf 86' lang='grc' dir='ltr'>Λιπόξυλος</span> <span class='ocrx_word' id='word_1_194' title='bbox 1232 1551 1280 1609; x_wconf 89' lang='lat' dir='ltr'><strong>hic</strong></span> <span class='ocrx_word' id='word_1_195' title='bbox 1291 1570 1409 1629; x_wconf 89' lang='lat' dir='ltr'><strong>quoque</strong></span> <span class='ocrx_word' id='word_1_196' title='bbox 1417 1552 1524 1628; x_wconf 76' lang='lat' dir='ltr'><strong>iegitur</strong></span> <span class='ocrx_word' id='word_1_197' title='bbox 1536 1566 1568 1611; x_wconf 94' lang='lat' dir='ltr'><strong>ut</strong></span> <span class='ocrx_word' id='word_1_198' title='bbox 1576 1575 1621 1614; x_wconf 85' lang='lat' dir='ltr'><strong>vs.</strong></span> <span class='ocrx_word' id='word_1_199' title='bbox 1635 1557 1686 1614; x_wconf 83' lang='lat' dir='ltr'><strong>rai</strong></span> 
     </span>
    </p>
   </div>
   <div class='ocr_carea' id='block_1_3' title="bbox 72 1635 1782 1718">
    <p class='ocr_par' dir='ltr' id='par_1_5' title="bbox 72 1635 1782 1718">
     <span class='ocr_line' id='line_1_14' title="bbox 72 1635 1782 1718; baseline 0.003 -22"><span class='ocrx_word' id='word_1_200' title='bbox 72 1635 186 1716; x_wconf 71' lang='grc' dir='ltr'>ἄκρατα</span> <span class='ocrx_word' id='word_1_201' title='bbox 209 1637 393 1716; x_wconf 79' lang='grc' dir='ltr'>λαμίοίνοιτο,</span> <span class='ocrx_word' id='word_1_202' title='bbox 414 1635 542 1718; x_wconf 76' lang='grc' dir='ltr'>ἀορίστων</span> <span class='ocrx_word' id='word_1_203' title='bbox 554 1637 647 1698; x_wconf 86' lang='grc' dir='ltr'>όντων.</span> <span class='ocrx_word' id='word_1_204' title='bbox 660 1638 787 1717; x_wconf 79' lang='lat' dir='ltr'><strong>Apparet</strong></span> <span class='ocrx_word' id='word_1_205' title='bbox 799 1639 865 1697; x_wconf 80' lang='lat' dir='ltr'><strong>Em·</strong></span> <span class='ocrx_word' id='word_1_206' title='bbox 911 1637 962 1696; x_wconf 92' lang='lat' dir='ltr'><strong>ubi</strong></span> <span class='ocrx_word' id='word_1_207' title='bbox 985 1641 1112 1718; x_wconf 81' lang='lat' dir='ltr'><strong>ineptam</strong></span> <span class='ocrx_word' id='word_1_208' title='bbox 1134 1638 1256 1697; x_wconf 88' lang='lat' dir='ltr'><strong>Prelleri</strong></span> <span class='ocrx_word' id='word_1_209' title='bbox 1271 1637 1466 1716; x_wconf 88' lang='lat' dir='ltr'><strong>conjecturam</strong></span> <span class='ocrx_word' id='word_1_210' title='bbox 1481 1641 1607 1708; x_wconf 77' lang='grc' dir='ltr'>ὑπόξυλος</span> <span class='ocrx_word' id='word_1_211' title='bbox 1631 1663 1690 1701; x_wconf 90' lang='lat' dir='ltr'><strong>me·</strong></span> <span class='ocrx_word' id='word_1_212' title='bbox 1778 1639 1782 1648; x_wconf 83' lang='grc'>’</span> 
     </span>
    </p>
   </div>
   <div class='ocr_carea' id='block_1_4' title="bbox 40 1725 1690 5140">
    <p class='ocr_par' dir='ltr' id='par_1_6' title="bbox 40 1725 1690 5140">
     <span class='ocr_line' id='line_1_15' title="bbox 71 1725 1690 1810; baseline 0.003 -26"><span class='ocrx_word' id='word_1_213' title='bbox 71 1725 233 1802; x_wconf 78' lang='lat' dir='ltr'><strong>perloclcm</strong></span> <span class='ocrx_word' id='word_1_214' title='bbox 244 1739 357 1785; x_wconf 84' lang='lat' dir='ltr'><strong>naturae</strong></span> <span class='ocrx_word' id='word_1_215' title='bbox 367 1725 526 1784; x_wconf 80' lang='lat' dir='ltr'><strong>sollertiam</strong></span> <span class='ocrx_word' id='word_1_216' title='bbox 538 1746 602 1784; x_wconf 91' lang='lat' dir='ltr'><strong>cum</strong></span> <span class='ocrx_word' id='word_1_217' title='bbox 616 1727 736 1804; x_wconf 88' lang='lat' dir='ltr'><strong>pistoris</strong></span> <span class='ocrx_word' id='word_1_218' title='bbox 746 1728 866 1804; x_wconf 83' lang='lat' dir='ltr'><strong>opificio</strong></span> <span class='ocrx_word' id='word_1_219' title='bbox 911 1729 1034 1786; x_wconf 83' lang='lat' dir='ltr'><strong>moravi.</strong></span> <span class='ocrx_word' id='word_1_220' title='bbox 1050 1726 1163 1804; x_wconf 86' lang='lat' dir='ltr'><strong>lnjuria</strong></span> <span class='ocrx_word' id='word_1_221' title='bbox 1181 1727 1329 1785; x_wconf 86' lang='lat' dir='ltr'><strong>Prellerus</strong></span> <span class='ocrx_word' id='word_1_222' title='bbox 1346 1739 1501 1806; x_wconf 86' lang='lat' dir='ltr'><strong>utrumque</strong></span> <span class='ocrx_word' id='word_1_223' title='bbox 1516 1729 1612 1788; x_wconf 88' lang='lat' dir='ltr'><strong>locum</strong></span> <span class='ocrx_word' id='word_1_224' title='bbox 1633 1752 1690 1810; x_wconf 89' lang='lat' dir='ltr'><strong>pro</strong></span> 
     </span>
     <span class='ocr_line' id='line_1_16' title="bbox 70 1812 1615 1894; baseline 0.001 -23"><span class='ocrx_word' id='word_1_225' title='bbox 70 1832 279 1889; x_wconf 75' lang='lat' dir='ltr'><strong>comparasse.</strong></span> <span class='ocrx_word' id='word_1_226' title='bbox 291 1813 423 1890; x_wconf 77' lang='lat' dir='ltr'><strong>Namque</strong></span> <span class='ocrx_word' id='word_1_227' title='bbox 433 1824 465 1871; x_wconf 92' lang='lat' dir='ltr'><strong>ut</strong></span> <span class='ocrx_word' id='word_1_228' title='bbox 474 1813 569 1891; x_wconf 90' lang='lat' dir='ltr'><strong>pistor</strong></span> <span class='ocrx_word' id='word_1_229' title='bbox 581 1812 702 1872; x_wconf 82' lang='lat' dir='ltr'><strong>farinam</strong></span> <span class='ocrx_word' id='word_1_230' title='bbox 715 1832 790 1892; x_wconf 88' lang='lat' dir='ltr'><strong>aqua</strong></span> <span class='ocrx_word' id='word_1_231' title='bbox 800 1835 867 1873; x_wconf 92' lang='lat' dir='ltr'><strong>con·</strong></span> <span class='ocrx_word' id='word_1_232' title='bbox 913 1835 972 1872; x_wconf 93' lang='lat' dir='ltr'><strong>uno</strong></span> <span class='ocrx_word' id='word_1_233' title='bbox 986 1816 1146 1894; x_wconf 87' lang='lat' dir='ltr'><strong>eodemque</strong></span> <span class='ocrx_word' id='word_1_234' title='bbox 1166 1815 1325 1890; x_wconf 78' lang='lat' dir='ltr'><strong>fragmento</strong></span> <span class='ocrx_word' id='word_1_235' title='bbox 1337 1814 1431 1874; x_wconf 90' lang='lat' dir='ltr'><strong>habet.</strong></span> <span class='ocrx_word' id='word_1_236' title='bbox 1613 1885 1615 1888; x_wconf 23' lang='grc' dir='ltr'>Ι</span> 
     </span>
     <span class='ocr_line' id='line_1_17' title="bbox 40 1899 1690 1982; baseline 0.005 -25"><span class='ocrx_word' id='word_1_237' title='bbox 40 1925 42 1928; x_wconf 59' lang='grc'>’</span> <span class='ocrx_word' id='word_1_238' title='bbox 69 1901 255 1974; x_wconf 75' lang='lat' dir='ltr'><strong>glutinatam</strong></span> <span class='ocrx_word' id='word_1_239' title='bbox 268 1899 419 1976; x_wconf 73' lang='grc' dir='ltr'>(κολλήσαςλ</span> <span class='ocrx_word' id='word_1_240' title='bbox 432 1900 494 1976; x_wconf 76' lang='lat' dir='ltr'><strong>igni</strong></span> <span class='ocrx_word' id='word_1_241' title='bbox 508 1901 609 1977; x_wconf 87' lang='lat' dir='ltr'><strong>coquit</strong></span> <span class='ocrx_word' id='word_1_242' title='bbox 625 1922 632 1957; x_wconf 90' lang='lat'>:</span> <span class='ocrx_word' id='word_1_243' title='bbox 646 1901 689 1959; x_wconf 89' lang='lat' dir='ltr'><strong>sic</strong></span> <span class='ocrx_word' id='word_1_244' title='bbox 701 1920 797 1958; x_wconf 89' lang='lat' dir='ltr'><strong>rerum</strong></span> <span class='ocrx_word' id='word_1_245' title='bbox 813 1921 864 1978; x_wconf 87' lang='lat' dir='ltr'><strong>pa·</strong></span> <span class='ocrx_word' id='word_1_246' title='bbox 949 1903 996 1962; x_wconf 86' lang='lat' dir='ltr'><strong>Vs.</strong></span> <span class='ocrx_word' id='word_1_247' title='bbox 1010 1923 1078 1980; x_wconf 79' lang='lat'><strong>²79·</strong></span> <span class='ocrx_word' id='word_1_248' title='bbox 1094 1902 1272 1980; x_wconf 78' lang='lat' dir='ltr'><strong>Vulgabatur</strong></span> <span class='ocrx_word' id='word_1_249' title='bbox 1285 1902 1448 1981; x_wconf 85' lang='grc' dir='ltr'>κιρναμίνονν</span> <span class='ocrx_word' id='word_1_250' title='bbox 1461 1903 1516 1976; x_wconf 89' lang='grc' dir='ltr'>είδη</span> <span class='ocrx_word' id='word_1_251' title='bbox 1532 1929 1560 1964; x_wconf 86' lang='grc' dir='ltr'>τε</span> <span class='ocrx_word' id='word_1_252' title='bbox 1572 1905 1690 1982; x_wconf 76' lang='grc' dir='ltr'>γενοίατο</span> 
     </span>
     <span class='ocr_line' id='line_1_18' title="bbox 71 1987 1690 2072; baseline 0.006 -30"><span class='ocrx_word' id='word_1_253' title='bbox 71 2005 147 2044; x_wconf 86' lang='lat' dir='ltr'><strong>rens</strong></span> <span class='ocrx_word' id='word_1_254' title='bbox 165 1987 294 2047; x_wconf 87' lang='lat' dir='ltr'><strong>humida</strong></span> <span class='ocrx_word' id='word_1_255' title='bbox 311 2000 341 2046; x_wconf 89' lang='lat' dir='ltr'><strong>et</strong></span> <span class='ocrx_word' id='word_1_256' title='bbox 354 1987 436 2046; x_wconf 84' lang='lat' dir='ltr'><strong>arida</strong></span> <span class='ocrx_word' id='word_1_257' title='bbox 447 1988 624 2047; x_wconf 86' lang='lat' dir='ltr'><strong>commiscet.</strong></span> <span class='ocrx_word' id='word_1_258' title='bbox 644 1987 724 2046; x_wconf 88' lang='lat' dir='ltr'><strong>ldem</strong></span> <span class='ocrx_word' id='word_1_259' title='bbox 743 1989 820 2048; x_wconf 89' lang='lat' dir='ltr'><strong>cadit</strong></span> <span class='ocrx_word' id='word_1_260' title='bbox 833 1989 864 2048; x_wconf 92' lang='lat' dir='ltr'><strong>in</strong></span> <span class='ocrx_word' id='word_1_261' title='bbox 909 1992 987 2072; x_wconf 74' lang='grc' dir='ltr'>χροιά</span> <span class='ocrx_word' id='word_1_262' title='bbox 1001 2013 1030 2050; x_wconf 88' lang='grc' dir='ltr'><strong>τι</strong></span> <span class='ocrx_word' id='word_1_263' title='bbox 1044 1994 1160 2064; x_wconf 83' lang='grc' dir='ltr'>δνητιῦν,</span> <span class='ocrx_word' id='word_1_264' title='bbox 1172 1991 1251 2069; x_wconf 90' lang='lat' dir='ltr'><strong>quod</strong></span> <span class='ocrx_word' id='word_1_265' title='bbox 1266 1991 1435 2050; x_wconf 80' lang='lat' dir='ltr'><strong>Karstcnius</strong></span> <span class='ocrx_word' id='word_1_266' title='bbox 1448 1994 1572 2052; x_wconf 81' lang='lat' dir='ltr'><strong>mutauit</strong></span> <span class='ocrx_word' id='word_1_267' title='bbox 1588 1994 1618 2052; x_wconf 94' lang='lat' dir='ltr'><strong>in</strong></span> <span class='ocrx_word' id='word_1_268' title='bbox 1629 2017 1690 2072; x_wconf 88' lang='grc' dir='ltr'>κιρ-</span> 
     </span>
     <span class='ocr_line' id='line_1_19' title="bbox 69 2071 1688 2158; baseline 0.007 -30"><span class='ocrx_word' id='word_1_269' title='bbox 69 2071 234 2134; x_wconf 77' lang='lat' dir='ltr'><strong>Venerem.</strong></span> <span class='ocrx_word' id='word_1_270' title='bbox 248 2074 313 2133; x_wconf 81' lang='lat' dir='ltr'><strong>Vid.</strong></span> <span class='ocrx_word' id='word_1_271' title='bbox 324 2094 369 2135; x_wconf 83' lang='lat' dir='ltr'><strong>vs.</strong></span> <span class='ocrx_word' id='word_1_272' title='bbox 385 2075 441 2132; x_wconf 76' lang='lat'><strong>282</strong></span> <span class='ocrx_word' id='word_1_273' title='bbox 457 2093 539 2151; x_wconf 80' lang='lat' dir='ltr'><strong>seqq.</strong></span> <span class='ocrx_word' id='word_1_274' title='bbox 909 2080 1027 2154; x_wconf 75' lang='grc' dir='ltr'>νομένων</span> <span class='ocrx_word' id='word_1_275' title='bbox 1046 2079 1102 2149; x_wconf 74' lang='grc' dir='ltr'>σίδη</span> <span class='ocrx_word' id='word_1_276' title='bbox 1117 2101 1145 2138; x_wconf 83' lang='grc' dir='ltr'>τι</span> <span class='ocrx_word' id='word_1_277' title='bbox 1158 2078 1237 2158; x_wconf 78' lang='grc' dir='ltr'>χρόαι</span> <span class='ocrx_word' id='word_1_278' title='bbox 1250 2100 1278 2137; x_wconf 84' lang='grc' dir='ltr'><strong>τι</strong></span> <span class='ocrx_word' id='word_1_279' title='bbox 1294 2079 1412 2154; x_wconf 86' lang='grc' dir='ltr'>γενοίατο</span> <span class='ocrx_word' id='word_1_280' title='bbox 1428 2083 1545 2152; x_wconf 79' lang='grc' dir='ltr'>θνητῶν,</span> <span class='ocrx_word' id='word_1_281' title='bbox 1556 2081 1688 2141; x_wconf 80' lang='lat' dir='ltr'><strong>Panaet-</strong></span> 
     </span>
     <span class='ocr_line' id='line_1_20' title="bbox 115 2161 1688 2248; baseline 0.007 -31"><span class='ocrx_word' id='word_1_282' title='bbox 115 2161 166 2222; x_wconf 70' lang='grc' dir='ltr'><strong>λίς.</strong></span> <span class='ocrx_word' id='word_1_283' title='bbox 185 2165 245 2236; x_wconf 77' lang='lat'><strong>276</strong></span> <span class='ocrx_word' id='word_1_284' title='bbox 266 2164 330 2220; x_wconf 87' lang='lat' dir='ltr'><strong>erui</strong></span> <span class='ocrx_word' id='word_1_285' title='bbox 343 2181 361 2220; x_wconf 89' lang='lat' dir='ltr'><strong>e</strong></span> <span class='ocrx_word' id='word_1_286' title='bbox 373 2161 520 2222; x_wconf 83' lang='lat' dir='ltr'><strong>Plutarch.</strong></span> <span class='ocrx_word' id='word_1_287' title='bbox 539 2161 575 2220; x_wconf 89' lang='lat' dir='ltr'><strong>de</strong></span> <span class='ocrx_word' id='word_1_288' title='bbox 593 2182 639 2241; x_wconf 89' lang='lat' dir='ltr'><strong>pr.</strong></span> <span class='ocrx_word' id='word_1_289' title='bbox 654 2162 719 2239; x_wconf 84' lang='lat' dir='ltr'><strong>lrig.</strong></span> <span class='ocrx_word' id='word_1_290' title='bbox 736 2183 764 2242; x_wconf 91' lang='lat' dir='ltr'><strong>p.</strong></span> <span class='ocrx_word' id='word_1_291' title='bbox 782 2165 840 2242; x_wconf 78' lang='lat'><strong>95²</strong></span> <span class='ocrx_word' id='word_1_292' title='bbox 855 2186 862 2220; x_wconf 74' lang='grc' dir='ltr'>τ</span> <span class='ocrx_word' id='word_1_293' title='bbox 909 2165 1037 2226; x_wconf 72' lang='grc' dir='ltr'>λιλαίεται</span> <span class='ocrx_word' id='word_1_294' title='bbox 1049 2168 1080 2225; x_wconf 90' lang='lat' dir='ltr'><strong>in</strong></span> <span class='ocrx_word' id='word_1_295' title='bbox 1091 2165 1253 2245; x_wconf 78' lang='grc' dir='ltr'>κιρναμένων</span> <span class='ocrx_word' id='word_1_296' title='bbox 1266 2164 1321 2236; x_wconf 84' lang='grc' dir='ltr'>εἴδη</span> <span class='ocrx_word' id='word_1_297' title='bbox 1334 2188 1363 2223; x_wconf 90' lang='grc' dir='ltr'>τε</span> <span class='ocrx_word' id='word_1_298' title='bbox 1374 2167 1492 2243; x_wconf 83' lang='grc' dir='ltr'>γινοίατο</span> <span class='ocrx_word' id='word_1_299' title='bbox 1501 2169 1577 2248; x_wconf 80' lang='grc' dir='ltr'>χρείιί</span> <span class='ocrx_word' id='word_1_300' title='bbox 1586 2192 1615 2227; x_wconf 87' lang='grc' dir='ltr'><strong>τι</strong></span> <span class='ocrx_word' id='word_1_301' title='bbox 1627 2175 1688 2241; x_wconf 85' lang='grc' dir='ltr'>ὑνη·</span> 
     </span>
     <span class='ocr_line' id='line_1_21' title="bbox 71 2248 1689 2332; baseline 0.005 -24"><span class='ocrx_word' id='word_1_302' title='bbox 71 2248 204 2319; x_wconf 73' lang='grc' dir='ltr'>καὶὸλως</span> <span class='ocrx_word' id='word_1_303' title='bbox 213 2249 245 2309; x_wconf 85' lang='grc' dir='ltr'>τδ</span> <span class='ocrx_word' id='word_1_304' title='bbox 260 2249 307 2328; x_wconf 73' lang='grc' dir='ltr'><strong>μὲν</strong></span> <span class='ocrx_word' id='word_1_305' title='bbox 317 2254 372 2329; x_wconf 82' lang='grc' dir='ltr'><strong>πῦρ</strong></span> <span class='ocrx_word' id='word_1_306' title='bbox 388 2249 554 2308; x_wconf 75' lang='grc' dir='ltr'>διαστατικόν</span> <span class='ocrx_word' id='word_1_307' title='bbox 566 2252 622 2309; x_wconf 84' lang='grc' dir='ltr'>ίστι</span> <span class='ocrx_word' id='word_1_308' title='bbox 635 2250 681 2310; x_wconf 86' lang='grc' dir='ltr'><strong>καί</strong></span> <span class='ocrx_word' id='word_1_309' title='bbox 692 2252 863 2332; x_wconf 87' lang='grc' dir='ltr'>διαιριτικόν,</span> <span class='ocrx_word' id='word_1_310' title='bbox 909 2261 972 2332; x_wconf 81' lang='grc' dir='ltr'>τῶν,</span> <span class='ocrx_word' id='word_1_311' title='bbox 985 2255 1157 2315; x_wconf 86' lang='lat' dir='ltr'><strong>liitschelius</strong></span> <span class='ocrx_word' id='word_1_312' title='bbox 1164 2254 1240 2332; x_wconf 89' lang='lat' dir='ltr'><strong>apud</strong></span> <span class='ocrx_word' id='word_1_313' title='bbox 1246 2253 1388 2313; x_wconf 87' lang='lat' dir='ltr'><strong>Steinium</strong></span> <span class='ocrx_word' id='word_1_314' title='bbox 1399 2256 1525 2313; x_wconf 88' lang='lat' dir='ltr'><strong>restituit</strong></span> <span class='ocrx_word' id='word_1_315' title='bbox 1534 2255 1689 2316; x_wconf 90' lang='lat' dir='ltr'><strong>scribendo</strong></span> 
     </span>
     <span class='ocr_line' id='line_1_22' title="bbox 71 2334 1687 2424; baseline 0.007 -31"><span class='ocrx_word' id='word_1_316' title='bbox 71 2335 104 2394; x_wconf 81' lang='grc' dir='ltr'>τὺ</span> <span class='ocrx_word' id='word_1_317' title='bbox 117 2337 147 2396; x_wconf 73' lang='lat' dir='ltr'><strong>il</strong></span> <span class='ocrx_word' id='word_1_318' title='bbox 160 2335 235 2416; x_wconf 83' lang='grc' dir='ltr'>ὑδονρ</span> <span class='ocrx_word' id='word_1_319' title='bbox 249 2335 403 2408; x_wconf 79' lang='grc' dir='ltr'>κολλητικὸν</span> <span class='ocrx_word' id='word_1_320' title='bbox 414 2334 606 2414; x_wconf 81' lang='grc' dir='ltr'>καλαχττικόν,</span> <span class='ocrx_word' id='word_1_321' title='bbox 621 2343 655 2418; x_wconf 87' lang='grc' dir='ltr'>τῇ</span> <span class='ocrx_word' id='word_1_322' title='bbox 670 2341 792 2416; x_wconf 78' lang='grc' dir='ltr'>ὑγρότητι</span> <span class='ocrx_word' id='word_1_323' title='bbox 803 2361 863 2398; x_wconf 77' lang='grc' dir='ltr'>ουν·</span> <span class='ocrx_word' id='word_1_324' title='bbox 909 2341 1074 2422; x_wconf 86' lang='grc' dir='ltr'>κιρναμίνιον</span> <span class='ocrx_word' id='word_1_325' title='bbox 1097 2342 1188 2424; x_wconf 81' lang='grc' dir='ltr'>χροιαί</span> <span class='ocrx_word' id='word_1_326' title='bbox 1205 2341 1229 2400; x_wconf 90' lang='grc' dir='ltr'>τ’</span> <span class='ocrx_word' id='word_1_327' title='bbox 1252 2339 1307 2411; x_wconf 84' lang='grc' dir='ltr'>σίδη</span> <span class='ocrx_word' id='word_1_328' title='bbox 1328 2363 1357 2398; x_wconf 81' lang='grc' dir='ltr'>τε</span> <span class='ocrx_word' id='word_1_329' title='bbox 1379 2340 1498 2417; x_wconf 83' lang='grc' dir='ltr'>γινοίατο</span> <span class='ocrx_word' id='word_1_330' title='bbox 1516 2345 1624 2416; x_wconf 79' lang='grc' dir='ltr'>θνητῶν.</span> <span class='ocrx_word' id='word_1_331' title='bbox 1642 2347 1687 2405; x_wconf 87' lang='lat' dir='ltr'><strong>Cl.</strong></span> 
     </span>
     <span class='ocr_line' id='line_1_23' title="bbox 72 2413 1689 2508; baseline 0.001 -19"><span class='ocrx_word' id='word_1_332' title='bbox 72 2421 138 2501; x_wconf 69' lang='grc' dir='ltr'>ἕχον</span> <span class='ocrx_word' id='word_1_333' title='bbox 153 2423 203 2482; x_wconf 73' lang='grc' dir='ltr'><strong>καὶ</strong></span> <span class='ocrx_word' id='word_1_334' title='bbox 217 2413 363 2503; x_wconf 57' lang='grc' dir='ltr'>’ὄντωνῇ</span> <span class='ocrx_word' id='word_1_335' title='bbox 380 2422 427 2482; x_wconf 69' lang='grc' dir='ltr'>καὶ</span> <span class='ocrx_word' id='word_1_336' title='bbox 443 2420 577 2504; x_wconf 54' lang='lat' dir='ltr'><strong>sapitis*</strong></span> <span class='ocrx_word' id='word_1_337' title='bbox 599 2423 783 2501; x_wconf 71' lang='grc' dir='ltr'><strong>Ἐμπεδοκλῆς</strong></span> <span class='ocrx_word' id='word_1_338' title='bbox 799 2425 863 2484; x_wconf 79' lang='grc' dir='ltr'>ὑπό-</span> <span class='ocrx_word' id='word_1_339' title='bbox 908 2437 1088 2508; x_wconf 77' lang='lat' dir='ltr'><strong>hnaxagorae</strong></span> <span class='ocrx_word' id='word_1_340' title='bbox 1111 2430 1229 2489; x_wconf 77' lang='lat' dir='ltr'><strong>silatum</strong></span> <span class='ocrx_word' id='word_1_341' title='bbox 1251 2428 1329 2507; x_wconf 89' lang='lat' dir='ltr'><strong>apud</strong></span> <span class='ocrx_word' id='word_1_342' title='bbox 1350 2427 1452 2507; x_wconf 90' lang='lat' dir='ltr'><strong>Simpl.</strong></span> <span class='ocrx_word' id='word_1_343' title='bbox 1476 2429 1564 2508; x_wconf 84' lang='lat' dir='ltr'><strong>Phys.</strong></span> <span class='ocrx_word' id='word_1_344' title='bbox 1592 2432 1610 2488; x_wconf 89' lang='lat' dir='ltr'><strong>l.</strong></span> <span class='ocrx_word' id='word_1_345' title='bbox 1631 2431 1649 2488; x_wconf 82' lang='grc'><strong>8</strong></span> <span class='ocrx_word' id='word_1_346' title='bbox 1671 2451 1689 2490; x_wconf 86' lang='lat' dir='ltr'><strong>a</strong></span> 
     </span>
     <span class='ocr_line' id='line_1_24' title="bbox 72 2509 1689 2597; baseline 0.006 -29"><span class='ocrx_word' id='word_1_347' title='bbox 72 2532 169 2583; x_wconf 90' lang='grc' dir='ltr'>νοιαν,</span> <span class='ocrx_word' id='word_1_348' title='bbox 183 2514 220 2578; x_wconf 76' lang='grc' dir='ltr'><strong>ὥς</strong></span> <span class='ocrx_word' id='word_1_349' title='bbox 234 2509 265 2568; x_wconf 89' lang='grc' dir='ltr'>τδ</span> <span class='ocrx_word' id='word_1_350' title='bbox 280 2509 328 2586; x_wconf 81' lang='grc' dir='ltr'><strong>μίν</strong></span> <span class='ocrx_word' id='word_1_351' title='bbox 344 2516 397 2590; x_wconf 85' lang='grc' dir='ltr'><strong>πῦρ</strong></span> <span class='ocrx_word' id='word_1_352' title='bbox 417 2519 500 2577; x_wconf 83' lang='grc' dir='ltr'>νεῖκος</span> <span class='ocrx_word' id='word_1_353' title='bbox 515 2510 671 2590; x_wconf 75' lang='grc' dir='ltr'>οὐλόμενον,</span> <span class='ocrx_word' id='word_1_354' title='bbox 690 2512 818 2594; x_wconf 60' lang='lat' dir='ltr'><strong>optimi</strong></span> <span class='ocrx_word' id='word_1_355' title='bbox 836 2514 864 2576; x_wconf 83' lang='grc' dir='ltr'><strong>δί</strong></span> <span class='ocrx_word' id='word_1_356' title='bbox 911 2519 1033 2597; x_wconf 78' lang='lat' dir='ltr'><strong>(fragm.</strong></span> <span class='ocrx_word' id='word_1_357' title='bbox 1050 2519 1086 2597; x_wconf 81' lang='grc' dir='ltr'><strong>δ)</strong></span> <span class='ocrx_word' id='word_1_358' title='bbox 1103 2517 1266 2596; x_wconf 76' lang='grc' dir='ltr'>ασπίρματα</span> <span class='ocrx_word' id='word_1_359' title='bbox 1282 2516 1388 2574; x_wconf 75' lang='grc' dir='ltr'>πάντων</span> <span class='ocrx_word' id='word_1_360' title='bbox 1404 2513 1550 2594; x_wconf 77' lang='grc' dir='ltr'>χρημάτων</span> <span class='ocrx_word' id='word_1_361' title='bbox 1560 2515 1606 2575; x_wconf 83' lang='grc' dir='ltr'><strong>καὶ</strong></span> <span class='ocrx_word' id='word_1_362' title='bbox 1619 2517 1689 2586; x_wconf 84' lang='grc' dir='ltr'>ἰδίας</span> 
     </span>
     <span class='ocr_line' id='line_1_25' title="bbox 73 2597 1481 2685; baseline 0.005 -29"><span class='ocrx_word' id='word_1_363' title='bbox 73 2597 212 2678; x_wconf 66' lang='grc' dir='ltr'>φιλότητα</span> <span class='ocrx_word' id='word_1_364' title='bbox 227 2597 258 2657; x_wconf 80' lang='grc' dir='ltr'><strong>αδ</strong></span> <span class='ocrx_word' id='word_1_365' title='bbox 269 2599 345 2682; x_wconf 82' lang='grc' dir='ltr'>ὑγρδν</span> <span class='ocrx_word' id='word_1_366' title='bbox 361 2597 484 2660; x_wconf 82' lang='grc' dir='ltr'>ίιιόοτοτε</span> <span class='ocrx_word' id='word_1_367' title='bbox 498 2601 712 2682; x_wconf 82' lang='grc' dir='ltr'>προσαγοριὺων.</span> <span class='ocrx_word' id='word_1_368' title='bbox 735 2603 863 2662; x_wconf 83' lang='lat' dir='ltr'><strong>Nimium</strong></span> <span class='ocrx_word' id='word_1_369' title='bbox 908 2605 1032 2672; x_wconf 79' lang='grc' dir='ltr'>παντοίας</span> <span class='ocrx_word' id='word_1_370' title='bbox 1044 2603 1138 2685; x_wconf 80' lang='grc' dir='ltr'>ίγοντα</span> <span class='ocrx_word' id='word_1_371' title='bbox 1149 2604 1196 2662; x_wconf 84' lang='grc' dir='ltr'><strong>καί</strong></span> <span class='ocrx_word' id='word_1_372' title='bbox 1206 2601 1299 2683; x_wconf 72' lang='grc' dir='ltr'>χροιὰς</span> <span class='ocrx_word' id='word_1_373' title='bbox 1312 2601 1359 2660; x_wconf 79' lang='grc' dir='ltr'><strong>καί</strong></span> <span class='ocrx_word' id='word_1_374' title='bbox 1377 2601 1481 2672; x_wconf 76' lang='grc' dir='ltr'>ἡδονάς.</span> 
     </span>
     <span class='ocr_line' id='line_1_26' title="bbox 74 2689 1687 2776; baseline 0.006 -25"><span class='ocrx_word' id='word_1_375' title='bbox 74 2694 188 2752; x_wconf 88' lang='lat' dir='ltr'><strong>tribuit</strong></span> <span class='ocrx_word' id='word_1_376' title='bbox 208 2693 279 2754; x_wconf 88' lang='lat' dir='ltr'><strong>huic</strong></span> <span class='ocrx_word' id='word_1_377' title='bbox 297 2697 463 2755; x_wconf 87' lang='lat' dir='ltr'><strong>testimonio</strong></span> <span class='ocrx_word' id='word_1_378' title='bbox 477 2696 647 2770; x_wconf 81' lang='lat' dir='ltr'><strong>Brandisius</strong></span> <span class='ocrx_word' id='word_1_379' title='bbox 660 2697 736 2758; x_wconf 88' lang='lat' dir='ltr'><strong>llist.</strong></span> <span class='ocrx_word' id='word_1_380' title='bbox 754 2698 826 2776; x_wconf 87' lang='lat' dir='ltr'><strong>phil.</strong></span> <span class='ocrx_word' id='word_1_381' title='bbox 849 2699 863 2758; x_wconf 97' lang='lat' dir='ltr'><strong>l</strong></span> <span class='ocrx_word' id='word_1_382' title='bbox 947 2692 996 2752; x_wconf 73' lang='lat' dir='ltr'><strong>Vs·</strong></span> <span class='ocrx_word' id='word_1_383' title='bbox 1013 2695 1081 2754; x_wconf 77' lang='lat'><strong>28⁰·</strong></span> <span class='ocrx_word' id='word_1_384' title='bbox 1097 2691 1170 2752; x_wconf 65' lang='lat' dir='ltr'><strong>&#39;tlte&#39;</strong></span> <span class='ocrx_word' id='word_1_385' title='bbox 1188 2690 1239 2750; x_wconf 64' lang='grc' dir='ltr'><strong>ὅσα</strong></span> <span class='ocrx_word' id='word_1_386' title='bbox 1252 2703 1400 2768; x_wconf 64' lang='lat' dir='ltr'><strong>Pl&#39;aeelfflle</strong></span> <span class='ocrx_word' id='word_1_387' title='bbox 1411 2689 1566 2752; x_wconf 68' lang='lat' dir='ltr'><strong>KmlesslO</strong></span> <span class='ocrx_word' id='word_1_388' title='bbox 1581 2695 1687 2773; x_wconf 58' lang='lat' dir='ltr'><strong>scripsi</strong></span> 
     </span>
     <span class='ocr_line' id='line_1_27' title="bbox 75 2776 1326 2866; baseline 0 -28"><span class='ocrx_word' id='word_1_389' title='bbox 75 2799 107 2857; x_wconf 88' lang='lat' dir='ltr'><strong>p.</strong></span> <span class='ocrx_word' id='word_1_390' title='bbox 122 2791 184 2850; x_wconf 72' lang='lat' dir='ltr'><strong>aot.</strong></span> <span class='ocrx_word' id='word_1_391' title='bbox 195 2827 205 2858; x_wconf 87' lang='lat'>,</span> <span class='ocrx_word' id='word_1_392' title='bbox 217 2783 411 2861; x_wconf 86' lang='lat' dir='ltr'><strong>reprehensus</strong></span> <span class='ocrx_word' id='word_1_393' title='bbox 424 2784 537 2843; x_wconf 89' lang='lat' dir='ltr'><strong>idcirco</strong></span> <span class='ocrx_word' id='word_1_394' title='bbox 554 2805 571 2844; x_wconf 86' lang='lat' dir='ltr'><strong>a</strong></span> <span class='ocrx_word' id='word_1_395' title='bbox 585 2785 739 2843; x_wconf 86' lang='lat' dir='ltr'><strong>Karstenio</strong></span> <span class='ocrx_word' id='word_1_396' title='bbox 751 2805 781 2864; x_wconf 92' lang='lat' dir='ltr'><strong>p.</strong></span> <span class='ocrx_word' id='word_1_397' title='bbox 797 2789 863 2866; x_wconf 64' lang='lat'><strong>349.</strong></span> <span class='ocrx_word' id='word_1_398' title='bbox 908 2802 963 2860; x_wconf 88' lang='lat' dir='ltr'><strong>pro</strong></span> <span class='ocrx_word' id='word_1_399' title='bbox 977 2781 1060 2840; x_wconf 87' lang='lat' dir='ltr'><strong>codd.</strong></span> <span class='ocrx_word' id='word_1_400' title='bbox 1075 2780 1199 2838; x_wconf 85' lang='lat' dir='ltr'><strong>lectione</strong></span> <span class='ocrx_word' id='word_1_401' title='bbox 1208 2776 1257 2838; x_wconf 80' lang='grc' dir='ltr'>τοῖ’</span> <span class='ocrx_word' id='word_1_402' title='bbox 1266 2777 1326 2839; x_wconf 69' lang='lat' dir='ltr'><strong>tra.</strong></span> 
     </span>
     <span class='ocr_line' id='line_1_28' title="bbox 74 2864 1685 2950; baseline 0.007 -25"><span class='ocrx_word' id='word_1_403' title='bbox 74 2868 164 2936; x_wconf 84' lang='lat' dir='ltr'><strong>Quod</strong></span> <span class='ocrx_word' id='word_1_404' title='bbox 179 2869 212 2927; x_wconf 92' lang='lat' dir='ltr'><strong>in</strong></span> <span class='ocrx_word' id='word_1_405' title='bbox 227 2871 312 2930; x_wconf 88' lang='lat' dir='ltr'><strong>codd.</strong></span> <span class='ocrx_word' id='word_1_406' title='bbox 327 2884 371 2930; x_wconf 88' lang='lat' dir='ltr'><strong>est</strong></span> <span class='ocrx_word' id='word_1_407' title='bbox 383 2869 510 2950; x_wconf 66' lang='grc' dir='ltr'>σριδόνην</span> <span class='ocrx_word' id='word_1_408' title='bbox 526 2885 680 2932; x_wconf 85' lang='lat' dir='ltr'><strong>servarunt</strong></span> <span class='ocrx_word' id='word_1_409' title='bbox 696 2871 863 2935; x_wconf 83' lang='lat' dir='ltr'><strong>Karstenius</strong></span> <span class='ocrx_word' id='word_1_410' title='bbox 946 2869 996 2928; x_wconf 83' lang='lat' dir='ltr'><strong>Vs.</strong></span> <span class='ocrx_word' id='word_1_411' title='bbox 1015 2869 1081 2926; x_wconf 76' lang='lat'><strong>281·</strong></span> <span class='ocrx_word' id='word_1_412' title='bbox 1094 2869 1151 2934; x_wconf 75' lang='grc' dir='ltr'><strong>πῶς</strong></span> <span class='ocrx_word' id='word_1_413' title='bbox 1164 2867 1210 2924; x_wconf 71' lang='grc' dir='ltr'><strong>καὶ</strong></span> <span class='ocrx_word' id='word_1_414' title='bbox 1220 2864 1327 2944; x_wconf 65' lang='grc' dir='ltr'>ὅίνδρῑα</span> <span class='ocrx_word' id='word_1_415' title='bbox 1337 2865 1395 2926; x_wconf 65' lang='grc' dir='ltr'>κτλ·</span> <span class='ocrx_word' id='word_1_416' title='bbox 1406 2865 1417 2944; x_wconf 92' lang='grc'><strong>]</strong></span> <span class='ocrx_word' id='word_1_417' title='bbox 1428 2865 1583 2926; x_wconf 66' lang='lat' dir='ltr'><strong>dihenaeus</strong></span> <span class='ocrx_word' id='word_1_418' title='bbox 1597 2869 1685 2947; x_wconf 77' lang='lat' dir='ltr'><strong>Dlpn·</strong></span> 
     </span>
     <span class='ocr_line' id='line_1_29' title="bbox 77 2953 1684 3039; baseline 0.007 -25"><span class='ocrx_word' id='word_1_419' title='bbox 77 2957 97 3016; x_wconf 92' lang='lat' dir='ltr'><strong>l.</strong></span> <span class='ocrx_word' id='word_1_420' title='bbox 113 2979 140 3017; x_wconf 92' lang='lat' dir='ltr'><strong>c.</strong></span> <span class='ocrx_word' id='word_1_421' title='bbox 162 2970 194 3016; x_wconf 88' lang='lat' dir='ltr'><strong>et</strong></span> <span class='ocrx_word' id='word_1_422' title='bbox 207 2958 351 3028; x_wconf 74' lang='lat' dir='ltr'><strong>Stamina,</strong></span> <span class='ocrx_word' id='word_1_423' title='bbox 377 2961 432 3019; x_wconf 91' lang='lat' dir='ltr'><strong>etsi</strong></span> <span class='ocrx_word' id='word_1_424' title='bbox 453 2961 520 3019; x_wconf 87' lang='lat' dir='ltr'><strong>lerri</strong></span> <span class='ocrx_word' id='word_1_425' title='bbox 539 2962 657 3039; x_wconf 86' lang='lat' dir='ltr'><strong>nequit;</strong></span> <span class='ocrx_word' id='word_1_426' title='bbox 672 2962 862 3024; x_wconf 79' lang='lat' dir='ltr'><strong>liuttmannus</strong></span> <span class='ocrx_word' id='word_1_427' title='bbox 907 2956 960 3016; x_wconf 74' lang='lat' dir='ltr'><strong>lili-</strong></span> <span class='ocrx_word' id='word_1_428' title='bbox 970 2956 1039 3017; x_wconf 81' lang='lat' dir='ltr'><strong>Vlll</strong></span> <span class='ocrx_word' id='word_1_429' title='bbox 1049 2977 1079 3036; x_wconf 86' lang='lat' dir='ltr'><strong>p·</strong></span> <span class='ocrx_word' id='word_1_430' title='bbox 1095 2956 1151 3023; x_wconf 68' lang='lat'><strong>334</strong></span> <span class='ocrx_word' id='word_1_431' title='bbox 1168 2954 1210 3012; x_wconf 82' lang='lat' dir='ltr'><strong>B:</strong></span> <span class='ocrx_word' id='word_1_432' title='bbox 1224 2953 1380 3013; x_wconf 63' lang='grc' dir='ltr'>Οὖλανθὺνεῑ</span> <span class='ocrx_word' id='word_1_433' title='bbox 1395 2953 1423 3012; x_wconf 67' lang='grc' dir='ltr'><strong>δέ</strong></span> <span class='ocrx_word' id='word_1_434' title='bbox 1435 2977 1468 3030; x_wconf 72' lang='lat' dir='ltr'><strong>tu</strong></span> <span class='ocrx_word' id='word_1_435' title='bbox 1478 2954 1523 3013; x_wconf 63' lang='grc' dir='ltr'><strong>καὶ</strong></span> <span class='ocrx_word' id='word_1_436' title='bbox 1539 2954 1578 3014; x_wconf 69' lang='lat'><strong>⁸²²</strong></span> <span class='ocrx_word' id='word_1_437' title='bbox 1592 2959 1684 3024; x_wconf 66' lang='grc' dir='ltr'>κοινῶς</span> 
     </span>
     <span class='ocr_line' id='line_1_30' title="bbox 77 3040 1689 3126; baseline 0.001 -24"><span class='ocrx_word' id='word_1_438' title='bbox 77 3043 225 3120; x_wconf 64' lang='grc' dir='ltr'>σγασὺνην,</span> <span class='ocrx_word' id='word_1_439' title='bbox 241 3045 404 3106; x_wconf 73' lang='lat' dir='ltr'><strong>lobeeltius</strong></span> <span class='ocrx_word' id='word_1_440' title='bbox 415 3047 526 3105; x_wconf 86' lang='lat' dir='ltr'><strong>Pathol.</strong></span> <span class='ocrx_word' id='word_1_441' title='bbox 539 3068 567 3126; x_wconf 91' lang='lat' dir='ltr'><strong>p.</strong></span> <span class='ocrx_word' id='word_1_442' title='bbox 581 3049 636 3106; x_wconf 80' lang='lat'><strong>128</strong></span> <span class='ocrx_word' id='word_1_443' title='bbox 651 3047 759 3126; x_wconf 67' lang='grc' dir='ltr'>σχεδίην</span> <span class='ocrx_word' id='word_1_444' title='bbox 771 3049 861 3109; x_wconf 90' lang='lat' dir='ltr'><strong>scribi</strong></span> <span class='ocrx_word' id='word_1_445' title='bbox 907 3045 1003 3111; x_wconf 71' lang='grc' dir='ltr'>πάντες</span> <span class='ocrx_word' id='word_1_446' title='bbox 1012 3047 1036 3105; x_wconf 83' lang='lat' dir='ltr'><strong>ol</strong></span> <span class='ocrx_word' id='word_1_447' title='bbox 1047 3040 1132 3124; x_wconf 76' lang='grc' dir='ltr'>ίχθὺετ</span> <span class='ocrx_word' id='word_1_448' title='bbox 1139 3043 1291 3118; x_wconf 67' lang='grc' dir='ltr'>καμασῆνες</span> <span class='ocrx_word' id='word_1_449' title='bbox 1302 3041 1353 3100; x_wconf 75' lang='grc' dir='ltr'><strong>ὑπὸ</strong></span> <span class='ocrx_word' id='word_1_450' title='bbox 1361 3040 1570 3118; x_wconf 77' lang='grc' dir='ltr'>Ἐμπεδοκλέους</span> <span class='ocrx_word' id='word_1_451' title='bbox 1581 3043 1689 3126; x_wconf 81' lang='grc' dir='ltr'>ἔλίχὺη·</span> 
     </span>
     <span class='ocr_line' id='line_1_31' title="bbox 76 3127 1687 3212; baseline 0.001 -26"><span class='ocrx_word' id='word_1_452' title='bbox 76 3132 186 3192; x_wconf 73' lang='lat' dir='ltr'><strong>noluit.</strong></span> <span class='ocrx_word' id='word_1_453' title='bbox 200 3132 339 3191; x_wconf 84' lang='lat' dir='ltr'><strong>Omnium</strong></span> <span class='ocrx_word' id='word_1_454' title='bbox 354 3135 465 3212; x_wconf 91' lang='lat' dir='ltr'><strong>optime</strong></span> <span class='ocrx_word' id='word_1_455' title='bbox 478 3133 628 3211; x_wconf 83' lang='lat' dir='ltr'><strong>Xylander</strong></span> <span class='ocrx_word' id='word_1_456' title='bbox 645 3135 793 3193; x_wconf 88' lang='lat' dir='ltr'><strong>llomerici</strong></span> <span class='ocrx_word' id='word_1_457' title='bbox 808 3157 862 3194; x_wconf 82' lang='lat' dir='ltr'><strong>vo-</strong></span> <span class='ocrx_word' id='word_1_458' title='bbox 908 3154 957 3190; x_wconf 92' lang='grc' dir='ltr'><strong>σαν</strong></span> <span class='ocrx_word' id='word_1_459' title='bbox 971 3135 1016 3190; x_wconf 91' lang='grc' dir='ltr'>τοῦ</span> <span class='ocrx_word' id='word_1_460' title='bbox 1031 3133 1140 3210; x_wconf 78' lang='grc' dir='ltr'>φυσικοῦ</span> <span class='ocrx_word' id='word_1_461' title='bbox 1159 3128 1257 3195; x_wconf 83' lang='grc' dir='ltr'>οὑτως·</span> <span class='ocrx_word' id='word_1_462' title='bbox 1277 3131 1333 3205; x_wconf 70' lang='grc' dir='ltr'><strong>πῶς</strong></span> <span class='ocrx_word' id='word_1_463' title='bbox 1348 3127 1394 3186; x_wconf 87' lang='grc' dir='ltr'><strong>καί</strong></span> <span class='ocrx_word' id='word_1_464' title='bbox 1411 3130 1518 3210; x_wconf 87' lang='grc' dir='ltr'>δίνδρια</span> <span class='ocrx_word' id='word_1_465' title='bbox 1532 3133 1622 3211; x_wconf 76' lang='grc' dir='ltr'>μακρὰ</span> <span class='ocrx_word' id='word_1_466' title='bbox 1640 3134 1687 3191; x_wconf 79' lang='grc' dir='ltr'>καὶ</span> 
     </span>
     <span class='ocr_line' id='line_1_32' title="bbox 77 3215 1686 3300; baseline 0.003 -26"><span class='ocrx_word' id='word_1_467' title='bbox 77 3216 178 3275; x_wconf 85' lang='lat' dir='ltr'><strong>cabuli</strong></span> <span class='ocrx_word' id='word_1_468' title='bbox 194 3219 324 3296; x_wconf 80' lang='grc' dir='ltr'>σφεδανός</span> <span class='ocrx_word' id='word_1_469' title='bbox 341 3239 452 3279; x_wconf 88' lang='lat' dir='ltr'><strong>memor</strong></span> <span class='ocrx_word' id='word_1_470' title='bbox 466 3220 596 3300; x_wconf 76' lang='grc' dir='ltr'>σριδοινήν</span> <span class='ocrx_word' id='word_1_471' title='bbox 613 3221 766 3298; x_wconf 77' lang='lat' dir='ltr'><strong>legendum</strong></span> <span class='ocrx_word' id='word_1_472' title='bbox 782 3222 862 3282; x_wconf 89' lang='lat' dir='ltr'><strong>arbi·</strong></span> <span class='ocrx_word' id='word_1_473' title='bbox 909 3217 1017 3276; x_wconf 86' lang='grc' dir='ltr'>ιίνοίλιοι</span> <span class='ocrx_word' id='word_1_474' title='bbox 1030 3221 1191 3293; x_wconf 79' lang='grc' dir='ltr'>καμασῆνες.</span> <span class='ocrx_word' id='word_1_475' title='bbox 1204 3215 1335 3274; x_wconf 82' lang='lat' dir='ltr'><strong>Fortasse</strong></span> <span class='ocrx_word' id='word_1_476' title='bbox 1344 3215 1393 3274; x_wconf 89' lang='lat' dir='ltr'><strong>hic</strong></span> <span class='ocrx_word' id='word_1_477' title='bbox 1406 3234 1509 3276; x_wconf 88' lang='lat' dir='ltr'><strong>versus</strong></span> <span class='ocrx_word' id='word_1_478' title='bbox 1523 3219 1686 3296; x_wconf 73' lang='lat' dir='ltr'><strong>praeceden-</strong></span> 
     </span>
     <span class='ocr_line' id='line_1_33' title="bbox 79 3302 1683 3382; baseline 0.006 -24"><span class='ocrx_word' id='word_1_479' title='bbox 79 3314 172 3363; x_wconf 71' lang='lat' dir='ltr'><strong>it&#39;atus</strong></span> <span class='ocrx_word' id='word_1_480' title='bbox 186 3319 241 3365; x_wconf 71' lang='lat' dir='ltr'><strong>est.</strong></span> <span class='ocrx_word' id='word_1_481' title='bbox 258 3305 326 3364; x_wconf 77' lang='lat' dir='ltr'><strong>llaec</strong></span> <span class='ocrx_word' id='word_1_482' title='bbox 337 3320 431 3366; x_wconf 73' lang='lat' dir='ltr'><strong>autem</strong></span> <span class='ocrx_word' id='word_1_483' title='bbox 441 3307 861 3368; x_wconf 70' lang='lat' dir='ltr'><strong>voxamembranarumscri.</strong></span> <span class='ocrx_word' id='word_1_484' title='bbox 907 3303 986 3362; x_wconf 86' lang='lat' dir='ltr'><strong>tibus</strong></span> <span class='ocrx_word' id='word_1_485' title='bbox 1009 3316 1145 3381; x_wconf 68' lang='lat' dir='ltr'><strong>quattuor</strong></span> <span class='ocrx_word' id='word_1_486' title='bbox 1171 3303 1208 3360; x_wconf 69' lang='lat' dir='ltr'><strong>ab</strong></span> <span class='ocrx_word' id='word_1_487' title='bbox 1235 3302 1410 3380; x_wconf 76' lang='lat' dir='ltr'><strong>Empedocle</strong></span> <span class='ocrx_word' id='word_1_488' title='bbox 1442 3303 1683 3382; x_wconf 71' lang='lat' dir='ltr'><strong>subjungebatur.</strong></span> 
     </span>
     <span class='ocr_line' id='line_1_34' title="bbox 79 3389 1684 3473; baseline 0.002 -25"><span class='ocrx_word' id='word_1_489' title='bbox 79 3405 166 3468; x_wconf 86' lang='lat' dir='ltr'><strong>ptura</strong></span> <span class='ocrx_word' id='word_1_490' title='bbox 191 3412 253 3452; x_wconf 86' lang='lat' dir='ltr'><strong>non</strong></span> <span class='ocrx_word' id='word_1_491' title='bbox 283 3395 406 3452; x_wconf 86' lang='lat' dir='ltr'><strong>muitum</strong></span> <span class='ocrx_word' id='word_1_492' title='bbox 430 3395 625 3473; x_wconf 66' lang='lat' dir='ltr'><strong>discrepata</strong></span> <span class='ocrx_word' id='word_1_493' title='bbox 651 3415 768 3455; x_wconf 70' lang='lat' dir='ltr'><strong>sensum</strong></span> <span class='ocrx_word' id='word_1_494' title='bbox 792 3399 862 3458; x_wconf 66' lang='lat' dir='ltr'><strong>sati,</strong></span> <span class='ocrx_word' id='word_1_495' title='bbox 907 3389 1014 3449; x_wconf 88' lang='lat' dir='ltr'><strong>Statuit</strong></span> <span class='ocrx_word' id='word_1_496' title='bbox 1034 3403 1128 3450; x_wconf 88' lang='lat' dir='ltr'><strong>autem</strong></span> <span class='ocrx_word' id='word_1_497' title='bbox 1150 3390 1344 3470; x_wconf 89' lang='lat' dir='ltr'><strong>philosophus</strong></span> <span class='ocrx_word' id='word_1_498' title='bbox 1363 3403 1429 3449; x_wconf 87' lang='lat' dir='ltr'><strong>ante</strong></span> <span class='ocrx_word' id='word_1_499' title='bbox 1451 3390 1584 3450; x_wconf 90' lang='lat' dir='ltr'><strong>homines</strong></span> <span class='ocrx_word' id='word_1_500' title='bbox 1601 3407 1684 3453; x_wconf 88' lang='lat' dir='ltr'><strong>natos</strong></span> 
     </span>
     <span class='ocr_line' id='line_1_35' title="bbox 78 3477 1682 3564; baseline 0.006 -33"><span class='ocrx_word' id='word_1_501' title='bbox 78 3483 265 3542; x_wconf 71' lang='lat' dir='ltr'><strong>commodum</strong></span> <span class='ocrx_word' id='word_1_502' title='bbox 280 3481 383 3558; x_wconf 67' lang='lat' dir='ltr'><strong>habet,</strong></span> <span class='ocrx_word' id='word_1_503' title='bbox 395 3503 484 3562; x_wconf 74' lang='lat' dir='ltr'><strong>quum</strong></span> <span class='ocrx_word' id='word_1_504' title='bbox 501 3484 646 3543; x_wconf 67' lang='lat' dir='ltr'><strong>Eustathio</strong></span> <span class='ocrx_word' id='word_1_505' title='bbox 657 3497 727 3544; x_wconf 71' lang='lat' dir='ltr'><strong>teste</strong></span> <span class='ocrx_word' id='word_1_506' title='bbox 741 3486 861 3564; x_wconf 58' lang='lat' dir='ltr'><strong>simp&amp;</strong></span> <span class='ocrx_word' id='word_1_507' title='bbox 907 3477 1025 3538; x_wconf 90' lang='lat' dir='ltr'><strong>arbores</strong></span> <span class='ocrx_word' id='word_1_508' title='bbox 1040 3492 1068 3536; x_wconf 87' lang='lat' dir='ltr'><strong>et</strong></span> <span class='ocrx_word' id='word_1_509' title='bbox 1083 3479 1197 3557; x_wconf 92' lang='lat' dir='ltr'><strong>plantas</strong></span> <span class='ocrx_word' id='word_1_510' title='bbox 1211 3497 1273 3536; x_wconf 88' lang='lat' dir='ltr'><strong>esse</strong></span> <span class='ocrx_word' id='word_1_511' title='bbox 1285 3491 1459 3556; x_wconf 84' lang='lat' dir='ltr'><strong>procreatas.</strong></span> <span class='ocrx_word' id='word_1_512' title='bbox 1475 3477 1517 3536; x_wconf 88' lang='lat' dir='ltr'><strong>Cl.</strong></span> <span class='ocrx_word' id='word_1_513' title='bbox 1534 3477 1682 3542; x_wconf 88' lang='lat' dir='ltr'><strong>Plutarch.</strong></span> 
     </span>
     <span class='ocr_line' id='line_1_36' title="bbox 77 3563 1682 3650; baseline -0.001 -24"><span class='ocrx_word' id='word_1_514' title='bbox 77 3568 223 3630; x_wconf 80' lang='grc' dir='ltr'>τδσαεὺδω</span> <span class='ocrx_word' id='word_1_515' title='bbox 234 3583 264 3629; x_wconf 90' lang='lat' dir='ltr'><strong>et</strong></span> <span class='ocrx_word' id='word_1_516' title='bbox 272 3569 303 3629; x_wconf 88' lang='grc' dir='ltr'>τδ</span> <span class='ocrx_word' id='word_1_517' title='bbox 311 3571 420 3650; x_wconf 83' lang='grc' dir='ltr'>σροδρδν</span> <span class='ocrx_word' id='word_1_518' title='bbox 430 3571 583 3648; x_wconf 82' lang='lat' dir='ltr'><strong>significet.</strong></span> <span class='ocrx_word' id='word_1_519' title='bbox 590 3571 688 3649; x_wconf 84' lang='lat' dir='ltr'><strong>Neque</strong></span> <span class='ocrx_word' id='word_1_520' title='bbox 698 3573 862 3650; x_wconf 88' lang='lat' dir='ltr'><strong>spernenda</strong></span> <span class='ocrx_word' id='word_1_521' title='bbox 906 3563 985 3624; x_wconf 81' lang='lat' dir='ltr'><strong>Plac.</strong></span> <span class='ocrx_word' id='word_1_522' title='bbox 1001 3565 1074 3644; x_wconf 90' lang='lat' dir='ltr'><strong>phil.</strong></span> <span class='ocrx_word' id='word_1_523' title='bbox 1096 3564 1131 3640; x_wconf 79' lang='lat' dir='ltr'><strong>V,</strong></span> <span class='ocrx_word' id='word_1_524' title='bbox 1148 3568 1198 3637; x_wconf 77' lang='lat'><strong>263</strong></span> <span class='ocrx_word' id='word_1_525' title='bbox 1212 3565 1314 3623; x_wconf 86' lang='lat' dir='ltr'><strong>Galen.</strong></span> <span class='ocrx_word' id='word_1_526' title='bbox 1340 3565 1412 3624; x_wconf 90' lang='lat' dir='ltr'><strong>llist.</strong></span> <span class='ocrx_word' id='word_1_527' title='bbox 1430 3563 1503 3642; x_wconf 88' lang='lat' dir='ltr'><strong>phil.</strong></span> <span class='ocrx_word' id='word_1_528' title='bbox 1517 3563 1682 3640; x_wconf 82' lang='lat' dir='ltr'><strong>xxttVttt;</strong></span> 
     </span>
     <span class='ocr_line' id='line_1_37' title="bbox 77 3649 1682 3746; baseline 0.002 -32"><span class='ocrx_word' id='word_1_529' title='bbox 77 3655 220 3717; x_wconf 83' lang='lat' dir='ltr'><strong>Nicandri</strong></span> <span class='ocrx_word' id='word_1_530' title='bbox 249 3658 458 3717; x_wconf 87' lang='lat' dir='ltr'><strong>Theriacorum</strong></span> <span class='ocrx_word' id='word_1_531' title='bbox 487 3661 663 3746; x_wconf 70' lang='lat' dir='ltr'><strong>enprratoris</strong></span> <span class='ocrx_word' id='word_1_532' title='bbox 703 3661 860 3738; x_wconf 84' lang='lat' dir='ltr'><strong>explicatio</strong></span> <span class='ocrx_word' id='word_1_533' title='bbox 906 3651 1229 3731; x_wconf 64' lang='grc' dir='ltr'>Ρῡΐρὺγῐιὺθόὺῦῑίῐῐ·</span> <span class='ocrx_word' id='word_1_534' title='bbox 1244 3651 1284 3721; x_wconf 74' lang='lat' dir='ltr'><strong>ll·</strong></span> <span class='ocrx_word' id='word_1_535' title='bbox 1302 3652 1338 3724; x_wconf 80' lang='lat'><strong>53</strong></span> <span class='ocrx_word' id='word_1_536' title='bbox 1360 3649 1474 3709; x_wconf 57' lang='lat' dir='ltr'><strong>lassffll·</strong></span> <span class='ocrx_word' id='word_1_537' title='bbox 1490 3650 1525 3723; x_wconf 68' lang='lat' dir='ltr'><strong>Vr</strong></span> <span class='ocrx_word' id='word_1_538' title='bbox 1541 3655 1682 3731; x_wconf 74' lang='lat'><strong>78¹·739.</strong></span> 
     </span>
     <span class='ocr_line' id='line_1_38' title="bbox 79 3739 1677 3824; baseline -0.001 -23"><span class='ocrx_word' id='word_1_539' title='bbox 79 3743 129 3818; x_wconf 88' lang='lat' dir='ltr'><strong>qui</strong></span> <span class='ocrx_word' id='word_1_540' title='bbox 144 3743 184 3802; x_wconf 87' lang='lat' dir='ltr'><strong>ad</strong></span> <span class='ocrx_word' id='word_1_541' title='bbox 209 3762 253 3804; x_wconf 82' lang='lat' dir='ltr'><strong>vs.</strong></span> <span class='ocrx_word' id='word_1_542' title='bbox 267 3746 326 3811; x_wconf 71' lang='lat' dir='ltr'><strong>ota</strong></span> <span class='ocrx_word' id='word_1_543' title='bbox 348 3744 475 3822; x_wconf 79' lang='grc' dir='ltr'>σφεδανὸν</span> <span class='ocrx_word' id='word_1_544' title='bbox 497 3765 560 3804; x_wconf 86' lang='lat' dir='ltr'><strong>esse</strong></span> <span class='ocrx_word' id='word_1_545' title='bbox 579 3745 644 3804; x_wconf 82' lang='lat' dir='ltr'><strong>vult</strong></span> <span class='ocrx_word' id='word_1_546' title='bbox 663 3746 693 3804; x_wconf 89' lang='grc' dir='ltr'>τδ</span> <span class='ocrx_word' id='word_1_547' title='bbox 706 3747 790 3824; x_wconf 84' lang='grc' dir='ltr'>τραχὺ</span> <span class='ocrx_word' id='word_1_548' title='bbox 813 3747 859 3807; x_wconf 82' lang='grc' dir='ltr'>καί</span> <span class='ocrx_word' id='word_1_549' title='bbox 906 3743 1046 3801; x_wconf 83' lang='lat' dir='ltr'><strong>Caeterum</strong></span> <span class='ocrx_word' id='word_1_550' title='bbox 1065 3740 1183 3800; x_wconf 88' lang='lat' dir='ltr'><strong>arbores</strong></span> <span class='ocrx_word' id='word_1_551' title='bbox 1201 3753 1230 3798; x_wconf 90' lang='lat' dir='ltr'><strong>et</strong></span> <span class='ocrx_word' id='word_1_552' title='bbox 1247 3741 1342 3817; x_wconf 82' lang='lat' dir='ltr'><strong>pisces</strong></span> <span class='ocrx_word' id='word_1_553' title='bbox 1356 3739 1386 3799; x_wconf 93' lang='lat' dir='ltr'><strong>h.</strong></span> <span class='ocrx_word' id='word_1_554' title='bbox 1411 3739 1433 3799; x_wconf 94' lang='lat' dir='ltr'><strong>l.</strong></span> <span class='ocrx_word' id='word_1_555' title='bbox 1456 3754 1677 3816; x_wconf 89' lang='lat' dir='ltr'><strong>componuntnr,</strong></span> 
     </span>
     <span class='ocr_line' id='line_1_39' title="bbox 78 3826 1685 3912; baseline 0.001 -26"><span class='ocrx_word' id='word_1_556' title='bbox 78 3829 193 3908; x_wconf 83' lang='grc' dir='ltr'>σαληρδν</span> <span class='ocrx_word' id='word_1_557' title='bbox 202 3829 250 3890; x_wconf 86' lang='grc' dir='ltr'><strong>καί</strong></span> <span class='ocrx_word' id='word_1_558' title='bbox 261 3830 399 3912; x_wconf 83' lang='grc' dir='ltr'>σριγκτόν.</span> <span class='ocrx_word' id='word_1_559' title='bbox 410 3831 466 3890; x_wconf 90' lang='lat' dir='ltr'><strong>Sed</strong></span> <span class='ocrx_word' id='word_1_560' title='bbox 479 3833 514 3890; x_wconf 86' lang='lat' dir='ltr'><strong>ad</strong></span> <span class='ocrx_word' id='word_1_561' title='bbox 529 3833 708 3891; x_wconf 86' lang='lat' dir='ltr'><strong>Eustathium</strong></span> <span class='ocrx_word' id='word_1_562' title='bbox 724 3846 859 3910; x_wconf 87' lang='lat' dir='ltr'><strong>tanquam</strong></span> <span class='ocrx_word' id='word_1_563' title='bbox 906 3831 983 3888; x_wconf 92' lang='lat' dir='ltr'><strong>inter</strong></span> <span class='ocrx_word' id='word_1_564' title='bbox 1003 3848 1069 3906; x_wconf 84' lang='lat' dir='ltr'><strong>quae</strong></span> <span class='ocrx_word' id='word_1_565' title='bbox 1088 3847 1123 3886; x_wconf 88' lang='lat' dir='ltr'><strong>ea</strong></span> <span class='ocrx_word' id='word_1_566' title='bbox 1136 3827 1289 3885; x_wconf 87' lang='lat' dir='ltr'><strong>intercedit</strong></span> <span class='ocrx_word' id='word_1_567' title='bbox 1310 3826 1491 3896; x_wconf 82' lang='lat' dir='ltr'><strong>similitudo,</strong></span> <span class='ocrx_word' id='word_1_568' title='bbox 1504 3829 1581 3904; x_wconf 89' lang='lat' dir='ltr'><strong>quod</strong></span> <span class='ocrx_word' id='word_1_569' title='bbox 1597 3829 1685 3887; x_wconf 82' lang='lat' dir='ltr'><strong>arnbo</strong></span> 
     </span>
     <span class='ocr_line' id='line_1_40' title="bbox 81 3911 1685 3997; baseline 0 -23"><span class='ocrx_word' id='word_1_570' title='bbox 81 3917 235 3975; x_wconf 89' lang='lat' dir='ltr'><strong>meliorem</strong></span> <span class='ocrx_word' id='word_1_571' title='bbox 247 3919 419 3993; x_wconf 80' lang='lat' dir='ltr'><strong>magistrum</strong></span> <span class='ocrx_word' id='word_1_572' title='bbox 431 3937 462 3978; x_wconf 88' lang='lat' dir='ltr'><strong>sc</strong></span> <span class='ocrx_word' id='word_1_573' title='bbox 471 3921 613 3997; x_wconf 85' lang='lat' dir='ltr'><strong>applicuit</strong></span> <span class='ocrx_word' id='word_1_574' title='bbox 621 3918 776 3996; x_wconf 78' lang='lat' dir='ltr'><strong>Xylandcr,</strong></span> <span class='ocrx_word' id='word_1_575' title='bbox 794 3920 861 3980; x_wconf 93' lang='lat' dir='ltr'><strong>Plu·</strong></span> <span class='ocrx_word' id='word_1_576' title='bbox 907 3937 965 3976; x_wconf 93' lang='lat' dir='ltr'><strong>non</strong></span> <span class='ocrx_word' id='word_1_577' title='bbox 980 3917 1066 3974; x_wconf 84' lang='lat' dir='ltr'><strong>vivos</strong></span> <span class='ocrx_word' id='word_1_578' title='bbox 1079 3915 1197 3993; x_wconf 85' lang='lat' dir='ltr'><strong>pariunt</strong></span> <span class='ocrx_word' id='word_1_579' title='bbox 1210 3915 1298 3985; x_wconf 86' lang='lat' dir='ltr'><strong>letus,</strong></span> <span class='ocrx_word' id='word_1_580' title='bbox 1313 3913 1365 3972; x_wconf 88' lang='lat' dir='ltr'><strong>sed</strong></span> <span class='ocrx_word' id='word_1_581' title='bbox 1379 3934 1435 3972; x_wconf 89' lang='lat' dir='ltr'><strong>ova</strong></span> <span class='ocrx_word' id='word_1_582' title='bbox 1450 3911 1496 3972; x_wconf 88' lang='lat' dir='ltr'><strong>vel</strong></span> <span class='ocrx_word' id='word_1_583' title='bbox 1510 3935 1607 3973; x_wconf 87' lang='lat' dir='ltr'><strong>semen</strong></span> <span class='ocrx_word' id='word_1_584' title='bbox 1623 3918 1685 3974; x_wconf 82' lang='lat' dir='ltr'><strong>ltin·</strong></span> 
     </span>
     <span class='ocr_line' id='line_1_41' title="bbox 79 4003 1683 4085; baseline 0.004 -23"><span class='ocrx_word' id='word_1_585' title='bbox 79 4003 276 4063; x_wconf 78' lang='lat' dir='ltr'><strong>tarchiverba</strong></span> <span class='ocrx_word' id='word_1_586' title='bbox 289 4005 332 4064; x_wconf 89' lang='lat' dir='ltr'><strong>sic</strong></span> <span class='ocrx_word' id='word_1_587' title='bbox 349 4005 575 4084; x_wconf 86' lang='lat' dir='ltr'><strong>interpretatus:</strong></span> <span class='ocrx_word' id='word_1_588' title='bbox 592 4034 604 4058; x_wconf 78' lang='grc' dir='ltr'>ι</span> <span class='ocrx_word' id='word_1_589' title='bbox 622 4005 700 4084; x_wconf 91' lang='lat' dir='ltr'><strong>quod</strong></span> <span class='ocrx_word' id='word_1_590' title='bbox 714 4007 799 4064; x_wconf 87' lang='lat' dir='ltr'><strong>etiam</strong></span> <span class='ocrx_word' id='word_1_591' title='bbox 811 4008 860 4065; x_wconf 88' lang='lat' dir='ltr'><strong>in·</strong></span> <span class='ocrx_word' id='word_1_592' title='bbox 905 4010 990 4068; x_wconf 90' lang='lat' dir='ltr'><strong>dunt.</strong></span> <span class='ocrx_word' id='word_1_593' title='bbox 1008 4009 1053 4068; x_wconf 89' lang='lat' dir='ltr'><strong>Cs.</strong></span> <span class='ocrx_word' id='word_1_594' title='bbox 1070 4025 1147 4066; x_wconf 83' lang='lat' dir='ltr'><strong>vers.</strong></span> <span class='ocrx_word' id='word_1_595' title='bbox 1173 4007 1242 4068; x_wconf 77' lang='lat'><strong>286.</strong></span> <span class='ocrx_word' id='word_1_596' title='bbox 1257 4007 1316 4065; x_wconf 90' lang='lat' dir='ltr'><strong>Pro</strong></span> <span class='ocrx_word' id='word_1_597' title='bbox 1334 4005 1423 4085; x_wconf 80' lang='grc' dir='ltr'>μακρδι</span> <span class='ocrx_word' id='word_1_598' title='bbox 1436 4005 1567 4083; x_wconf 78' lang='lat' dir='ltr'><strong>Scaliger</strong></span> <span class='ocrx_word' id='word_1_599' title='bbox 1587 4008 1683 4084; x_wconf 81' lang='lat' dir='ltr'><strong>legen·</strong></span> 
     </span>
     <span class='ocr_line' id='line_1_42' title="bbox 79 4090 1684 4175; baseline 0.003 -27"><span class='ocrx_word' id='word_1_600' title='bbox 79 4109 173 4150; x_wconf 87' lang='lat' dir='ltr'><strong>nuens</strong></span> <span class='ocrx_word' id='word_1_601' title='bbox 182 4090 310 4150; x_wconf 84' lang='lat' dir='ltr'><strong>subinde</strong></span> <span class='ocrx_word' id='word_1_602' title='bbox 320 4094 417 4168; x_wconf 78' lang='lat' dir='ltr'><strong>ignem</strong></span> <span class='ocrx_word' id='word_1_603' title='bbox 430 4091 522 4151; x_wconf 85' lang='lat' dir='ltr'><strong>Litem</strong></span> <span class='ocrx_word' id='word_1_604' title='bbox 536 4093 742 4171; x_wconf 77' lang='lat' dir='ltr'><strong>perniciosam,</strong></span> <span class='ocrx_word' id='word_1_605' title='bbox 755 4113 858 4171; x_wconf 85' lang='lat' dir='ltr'><strong>aquam</strong></span> <span class='ocrx_word' id='word_1_606' title='bbox 905 4098 974 4156; x_wconf 84' lang='lat' dir='ltr'><strong>dunt</strong></span> <span class='ocrx_word' id='word_1_607' title='bbox 985 4097 1146 4175; x_wconf 87' lang='lat' dir='ltr'><strong>suspicatus</strong></span> <span class='ocrx_word' id='word_1_608' title='bbox 1156 4108 1200 4154; x_wconf 86' lang='lat' dir='ltr'><strong>est</strong></span> <span class='ocrx_word' id='word_1_609' title='bbox 1212 4093 1281 4152; x_wconf 79' lang='grc' dir='ltr'>καλὰ</span> <span class='ocrx_word' id='word_1_610' title='bbox 1292 4115 1348 4172; x_wconf 85' lang='lat' dir='ltr'><strong>qna</strong></span> <span class='ocrx_word' id='word_1_611' title='bbox 1363 4096 1521 4154; x_wconf 85' lang='lat' dir='ltr'><strong>mutatione</strong></span> <span class='ocrx_word' id='word_1_612' title='bbox 1532 4097 1614 4154; x_wconf 91' lang='lat' dir='ltr'><strong>locus</strong></span> <span class='ocrx_word' id='word_1_613' title='bbox 1624 4116 1684 4154; x_wconf 92' lang='lat' dir='ltr'><strong>non</strong></span> 
     </span>
     <span class='ocr_line' id='line_1_43' title="bbox 77 4177 1682 4262; baseline 0.003 -27"><span class='ocrx_word' id='word_1_614' title='bbox 77 4177 246 4236; x_wconf 71' lang='lat' dir='ltr'><strong>Amicitiam</strong></span> <span class='ocrx_word' id='word_1_615' title='bbox 259 4178 458 4237; x_wconf 78' lang='lat' dir='ltr'><strong>vehementem</strong></span> <span class='ocrx_word' id='word_1_616' title='bbox 473 4177 639 4258; x_wconf 81' lang='lat' dir='ltr'><strong>appellavit.</strong></span> <span class='ocrx_word' id='word_1_617' title='bbox 660 4205 673 4232; x_wconf 77' lang='grc' dir='ltr'><strong>ν</strong></span> <span class='ocrx_word' id='word_1_618' title='bbox 694 4181 746 4240; x_wconf 91' lang='lat' dir='ltr'><strong>llic</strong></span> <span class='ocrx_word' id='word_1_619' title='bbox 764 4181 859 4242; x_wconf 89' lang='lat' dir='ltr'><strong>obiter</strong></span> <span class='ocrx_word' id='word_1_620' title='bbox 904 4198 977 4262; x_wconf 82' lang='lat' dir='ltr'><strong>eget.</strong></span> <span class='ocrx_word' id='word_1_621' title='bbox 996 4183 1040 4242; x_wconf 90' lang='lat' dir='ltr'><strong>lta</strong></span> <span class='ocrx_word' id='word_1_622' title='bbox 1062 4195 1091 4242; x_wconf 88' lang='lat' dir='ltr'><strong>et</strong></span> <span class='ocrx_word' id='word_1_623' title='bbox 1111 4183 1199 4260; x_wconf 88' lang='lat' dir='ltr'><strong>paulo</strong></span> <span class='ocrx_word' id='word_1_624' title='bbox 1219 4183 1341 4241; x_wconf 83' lang='lat' dir='ltr'><strong>inferius</strong></span> <span class='ocrx_word' id='word_1_625' title='bbox 1358 4181 1546 4260; x_wconf 83' lang='lat' dir='ltr'><strong>Empedocles</strong></span> <span class='ocrx_word' id='word_1_626' title='bbox 1566 4201 1609 4244; x_wconf 84' lang='lat' dir='ltr'><strong>vs.</strong></span> <span class='ocrx_word' id='word_1_627' title='bbox 1625 4185 1682 4240; x_wconf 76' lang='grc' dir='ltr'>αδδ</span> 
     </span>
     <span class='ocr_line' id='line_1_44' title="bbox 78 4266 1682 4351; baseline 0.002 -27"><span class='ocrx_word' id='word_1_628' title='bbox 78 4278 194 4342; x_wconf 69' lang='lat' dir='ltr'><strong>tangam</strong></span> <span class='ocrx_word' id='word_1_629' title='bbox 207 4266 355 4326; x_wconf 81' lang='lat' dir='ltr'><strong>Karstenii</strong></span> <span class='ocrx_word' id='word_1_630' title='bbox 365 4286 495 4327; x_wconf 88' lang='lat' dir='ltr'><strong>errorem</strong></span> <span class='ocrx_word' id='word_1_631' title='bbox 506 4286 523 4327; x_wconf 91' lang='lat' dir='ltr'><strong>e</strong></span> <span class='ocrx_word' id='word_1_632' title='bbox 534 4268 860 4330; x_wconf 86' lang='lat' dir='ltr'><strong>Plutarchealocutions</strong></span> <span class='ocrx_word' id='word_1_633' title='bbox 905 4274 1047 4350; x_wconf 87' lang='lat' dir='ltr'><strong>multique</strong></span> <span class='ocrx_word' id='word_1_634' title='bbox 1060 4272 1111 4330; x_wconf 88' lang='lat' dir='ltr'><strong>alii</strong></span> <span class='ocrx_word' id='word_1_635' title='bbox 1123 4285 1233 4351; x_wconf 84' lang='lat' dir='ltr'><strong>poetae,</strong></span> <span class='ocrx_word' id='word_1_636' title='bbox 1248 4272 1328 4329; x_wconf 80' lang='lat' dir='ltr'><strong>velut</strong></span> <span class='ocrx_word' id='word_1_637' title='bbox 1338 4270 1452 4330; x_wconf 88' lang='lat' dir='ltr'><strong>llomer.</strong></span> <span class='ocrx_word' id='word_1_638' title='bbox 1464 4270 1549 4331; x_wconf 88' lang='lat' dir='ltr'><strong>Iliad.</strong></span> <span class='ocrx_word' id='word_1_639' title='bbox 1561 4271 1616 4331; x_wconf 90' lang='lat' dir='ltr'><strong>lib.</strong></span> <span class='ocrx_word' id='word_1_640' title='bbox 1629 4271 1682 4342; x_wconf 86' lang='lat' dir='ltr'><strong>lil,</strong></span> 
     </span>
     <span class='ocr_line' id='line_1_45' title="bbox 77 4352 1679 4440; baseline 0.004 -31"><span class='ocrx_word' id='word_1_641' title='bbox 77 4353 212 4432; x_wconf 75' lang='grc' dir='ltr'>παρίαχαν</span> <span class='ocrx_word' id='word_1_642' title='bbox 232 4352 356 4414; x_wconf 76' lang='grc' dir='ltr'>ὑπόνοιαν</span> <span class='ocrx_word' id='word_1_643' title='bbox 371 4373 459 4432; x_wconf 90' lang='lat' dir='ltr'><strong>quam</strong></span> <span class='ocrx_word' id='word_1_644' title='bbox 480 4356 570 4414; x_wconf 81' lang='lat' dir='ltr'><strong>vertit</strong></span> <span class='ocrx_word' id='word_1_645' title='bbox 590 4363 769 4433; x_wconf 82' lang='lat' dir='ltr'><strong>suspicionem</strong></span> <span class='ocrx_word' id='word_1_646' title='bbox 778 4359 860 4430; x_wconf 85' lang='lat' dir='ltr'><strong>facit</strong></span> <span class='ocrx_word' id='word_1_647' title='bbox 905 4362 960 4434; x_wconf 80' lang='lat'><strong>88;</strong></span> <span class='ocrx_word' id='word_1_648' title='bbox 970 4362 1074 4440; x_wconf 84' lang='lat' dir='ltr'><strong>Odyss.</strong></span> <span class='ocrx_word' id='word_1_649' title='bbox 1086 4360 1140 4420; x_wconf 92' lang='lat' dir='ltr'><strong>lib.</strong></span> <span class='ocrx_word' id='word_1_650' title='bbox 1151 4357 1187 4432; x_wconf 88' lang='lat' dir='ltr'><strong>V,</strong></span> <span class='ocrx_word' id='word_1_651' title='bbox 1200 4359 1269 4418; x_wconf 82' lang='grc' dir='ltr'>αδδ.</span> <span class='ocrx_word' id='word_1_652' title='bbox 1279 4357 1329 4417; x_wconf 83' lang='lat' dir='ltr'><strong>Est</strong></span> <span class='ocrx_word' id='word_1_653' title='bbox 1340 4377 1411 4417; x_wconf 85' lang='lat' dir='ltr'><strong>vero</strong></span> <span class='ocrx_word' id='word_1_654' title='bbox 1421 4361 1571 4434; x_wconf 81' lang='grc' dir='ltr'>καμασῆνες</span> <span class='ocrx_word' id='word_1_655' title='bbox 1582 4379 1679 4417; x_wconf 91' lang='lat' dir='ltr'><strong>rarum</strong></span> 
     </span>
     <span class='ocr_line' id='line_1_46' title="bbox 77 4439 1682 4527; baseline 0.004 -30"><span class='ocrx_word' id='word_1_656' title='bbox 77 4440 261 4516; x_wconf 81' lang='lat' dir='ltr'><strong>colligentis,</strong></span> <span class='ocrx_word' id='word_1_657' title='bbox 280 4441 370 4501; x_wconf 82' lang='lat' dir='ltr'><strong>fuisse</strong></span> <span class='ocrx_word' id='word_1_658' title='bbox 391 4439 509 4520; x_wconf 93' lang='lat' dir='ltr'><strong>quidem</strong></span> <span class='ocrx_word' id='word_1_659' title='bbox 530 4444 713 4520; x_wconf 86' lang='lat' dir='ltr'><strong>quorundam</strong></span> <span class='ocrx_word' id='word_1_660' title='bbox 736 4445 858 4522; x_wconf 92' lang='lat' dir='ltr'><strong>opinio·</strong></span> <span class='ocrx_word' id='word_1_661' title='bbox 904 4449 1022 4527; x_wconf 89' lang='lat' dir='ltr'><strong>quidem</strong></span> <span class='ocrx_word' id='word_1_662' title='bbox 1035 4447 1211 4507; x_wconf 76' lang='lat' dir='ltr'><strong>uocabulum</strong></span> <span class='ocrx_word' id='word_1_663' title='bbox 1220 4489 1229 4519; x_wconf 87' lang='lat'><strong>,</strong></span> <span class='ocrx_word' id='word_1_664' title='bbox 1240 4445 1290 4505; x_wconf 87' lang='lat' dir='ltr'><strong>sed</strong></span> <span class='ocrx_word' id='word_1_665' title='bbox 1304 4457 1398 4503; x_wconf 91' lang='lat' dir='ltr'><strong>tamen</strong></span> <span class='ocrx_word' id='word_1_666' title='bbox 1408 4445 1473 4504; x_wconf 91' lang='lat' dir='ltr'><strong>aliis</strong></span> <span class='ocrx_word' id='word_1_667' title='bbox 1485 4465 1602 4523; x_wconf 82' lang='lat' dir='ltr'><strong>quoque</strong></span> <span class='ocrx_word' id='word_1_668' title='bbox 1613 4465 1682 4524; x_wconf 85' lang='lat' dir='ltr'><strong>poc·</strong></span> 
     </span>
     <span class='ocr_line' id='line_1_47' title="bbox 77 4527 1687 4615; baseline 0.002 -29"><span class='ocrx_word' id='word_1_669' title='bbox 77 4547 159 4601; x_wconf 89' lang='lat' dir='ltr'><strong>nem,</strong></span> <span class='ocrx_word' id='word_1_670' title='bbox 176 4527 381 4607; x_wconf 80' lang='lat' dir='ltr'><strong>Empedoclem</strong></span> <span class='ocrx_word' id='word_1_671' title='bbox 399 4531 566 4589; x_wconf 79' lang='lat' dir='ltr'><strong>Amicitiam</strong></span> <span class='ocrx_word' id='word_1_672' title='bbox 583 4532 657 4590; x_wconf 91' lang='lat' dir='ltr'><strong>nihil</strong></span> <span class='ocrx_word' id='word_1_673' title='bbox 673 4532 753 4592; x_wconf 87' lang='lat' dir='ltr'><strong>aliud</strong></span> <span class='ocrx_word' id='word_1_674' title='bbox 768 4535 856 4593; x_wconf 77' lang='lat' dir='ltr'><strong>intel·</strong></span> <span class='ocrx_word' id='word_1_675' title='bbox 904 4537 943 4595; x_wconf 84' lang='lat' dir='ltr'><strong>tis</strong></span> <span class='ocrx_word' id='word_1_676' title='bbox 951 4549 1131 4615; x_wconf 86' lang='lat' dir='ltr'><strong>usurpatum.</strong></span> <span class='ocrx_word' id='word_1_677' title='bbox 1143 4535 1204 4593; x_wconf 90' lang='lat' dir='ltr'><strong>llos</strong></span> <span class='ocrx_word' id='word_1_678' title='bbox 1214 4533 1385 4611; x_wconf 84' lang='lat' dir='ltr'><strong>perstringit</strong></span> <span class='ocrx_word' id='word_1_679' title='bbox 1398 4533 1551 4608; x_wconf 82' lang='lat' dir='ltr'><strong>Antipater</strong></span> <span class='ocrx_word' id='word_1_680' title='bbox 1561 4531 1687 4591; x_wconf 83' lang='lat' dir='ltr'><strong>Thessa·</strong></span> 
     </span>
     <span class='ocr_line' id='line_1_48' title="bbox 77 4617 1620 4700; baseline 0.001 -25"><span class='ocrx_word' id='word_1_681' title='bbox 77 4617 183 4677; x_wconf 75' lang='lat' dir='ltr'><strong>lesisse</strong></span> <span class='ocrx_word' id='word_1_682' title='bbox 196 4637 286 4696; x_wconf 88' lang='lat' dir='ltr'><strong>quam</strong></span> <span class='ocrx_word' id='word_1_683' title='bbox 295 4619 460 4690; x_wconf 90' lang='lat' dir='ltr'><strong>humorem,</strong></span> <span class='ocrx_word' id='word_1_684' title='bbox 475 4617 656 4679; x_wconf 87' lang='lat' dir='ltr'><strong>Discordiam</strong></span> <span class='ocrx_word' id='word_1_685' title='bbox 669 4621 773 4697; x_wconf 76' lang='lat' dir='ltr'><strong>ignem,</strong></span> <span class='ocrx_word' id='word_1_686' title='bbox 788 4623 858 4700; x_wconf 85' lang='lat' dir='ltr'><strong>quia</strong></span> <span class='ocrx_word' id='word_1_687' title='bbox 904 4623 1061 4682; x_wconf 85' lang='lat' dir='ltr'><strong>lunicensis</strong></span> <span class='ocrx_word' id='word_1_688' title='bbox 1075 4623 1106 4680; x_wconf 93' lang='lat' dir='ltr'><strong>in</strong></span> <span class='ocrx_word' id='word_1_689' title='bbox 1121 4620 1259 4679; x_wconf 86' lang='lat' dir='ltr'><strong>Brunchii</strong></span> <span class='ocrx_word' id='word_1_690' title='bbox 1274 4619 1358 4678; x_wconf 77' lang='lat' dir='ltr'><strong>hnal.</strong></span> <span class='ocrx_word' id='word_1_691' title='bbox 1374 4631 1444 4677; x_wconf 86' lang='lat' dir='ltr'><strong>torn.</strong></span> <span class='ocrx_word' id='word_1_692' title='bbox 1456 4617 1484 4676; x_wconf 96' lang='lat' dir='ltr'><strong>ll</strong></span> <span class='ocrx_word' id='word_1_693' title='bbox 1497 4638 1527 4696; x_wconf 92' lang='lat' dir='ltr'><strong>p.</strong></span> <span class='ocrx_word' id='word_1_694' title='bbox 1545 4638 1620 4677; x_wconf 78' lang='lat' dir='ltr'><strong>rao:</strong></span> 
     </span>
     <span class='ocr_line' id='line_1_49' title="bbox 77 4707 857 4789; baseline 0.01 -25"><span class='ocrx_word' id='word_1_695' title='bbox 77 4707 168 4766; x_wconf 86' lang='lat' dir='ltr'><strong>altera</strong></span> <span class='ocrx_word' id='word_1_696' title='bbox 189 4725 292 4768; x_wconf 86' lang='lat' dir='ltr'><strong>carum</strong></span> <span class='ocrx_word' id='word_1_697' title='bbox 315 4707 490 4782; x_wconf 83' lang='lat' dir='ltr'><strong>colligandi,</strong></span> <span class='ocrx_word' id='word_1_698' title='bbox 506 4709 596 4767; x_wconf 90' lang='lat' dir='ltr'><strong>altera</strong></span> <span class='ocrx_word' id='word_1_699' title='bbox 617 4709 779 4789; x_wconf 85' lang='lat' dir='ltr'><strong>dissipandi</strong></span> <span class='ocrx_word' id='word_1_700' title='bbox 797 4713 857 4772; x_wconf 83' lang='lat' dir='ltr'><strong>vim</strong></span> 
     </span>
     <span class='ocr_line' id='line_1_50' title="bbox 77 4791 858 4877; baseline 0.014 -26"><span class='ocrx_word' id='word_1_701' title='bbox 77 4791 197 4866; x_wconf 86' lang='lat' dir='ltr'><strong>babeat,</strong></span> <span class='ocrx_word' id='word_1_702' title='bbox 213 4796 263 4854; x_wconf 86' lang='lat' dir='ltr'><strong>sed</strong></span> <span class='ocrx_word' id='word_1_703' title='bbox 286 4796 384 4873; x_wconf 90' lang='lat' dir='ltr'><strong>ipsum</strong></span> <span class='ocrx_word' id='word_1_704' title='bbox 401 4795 608 4874; x_wconf 89' lang='lat' dir='ltr'><strong>philosophum</strong></span> <span class='ocrx_word' id='word_1_705' title='bbox 630 4817 778 4877; x_wconf 87' lang='lat' dir='ltr'><strong>nunquam</strong></span> <span class='ocrx_word' id='word_1_706' title='bbox 802 4803 858 4862; x_wconf 87' lang='lat' dir='ltr'><strong>tale</strong></span> 
     </span>
     <span class='ocr_line' id='line_1_51' title="bbox 77 4879 1400 4959; baseline 0.012 -23"><span class='ocrx_word' id='word_1_707' title='bbox 77 4879 148 4955; x_wconf 87' lang='lat' dir='ltr'><strong>quid</strong></span> <span class='ocrx_word' id='word_1_708' title='bbox 160 4882 334 4959; x_wconf 71' lang='lat' dir='ltr'><strong>praecepisse</strong></span> <span class='ocrx_word' id='word_1_709' title='bbox 343 4899 438 4958; x_wconf 87' lang='lat' dir='ltr'><strong>neque</strong></span> <span class='ocrx_word' id='word_1_710' title='bbox 449 4881 495 4940; x_wconf 91' lang='lat' dir='ltr'><strong>his</strong></span> <span class='ocrx_word' id='word_1_711' title='bbox 505 4883 676 4944; x_wconf 90' lang='lat' dir='ltr'><strong>nominibus</strong></span> <span class='ocrx_word' id='word_1_712' title='bbox 685 4903 749 4945; x_wconf 84' lang='lat' dir='ltr'><strong>esse</strong></span> <span class='ocrx_word' id='word_1_713' title='bbox 758 4905 854 4948; x_wconf 89' lang='lat' dir='ltr'><strong>usum.</strong></span> <span class='ocrx_word' id='word_1_714' title='bbox 1397 4953 1400 4959; x_wconf 84' lang='grc'>,</span> 
     </span>
     <span class='ocr_line' id='line_1_52' title="bbox 77 4965 1680 5051; baseline 0.001 -29"><span class='ocrx_word' id='word_1_715' title='bbox 77 4965 146 5024; x_wconf 81' lang='lat' dir='ltr'><strong>llam</strong></span> <span class='ocrx_word' id='word_1_716' title='bbox 159 4968 270 5027; x_wconf 78' lang='grc' dir='ltr'>ὑπόνοια</span> <span class='ocrx_word' id='word_1_717' title='bbox 285 4969 341 5026; x_wconf 91' lang='lat' dir='ltr'><strong>hoc</strong></span> <span class='ocrx_word' id='word_1_718' title='bbox 355 4969 420 5027; x_wconf 88' lang='lat' dir='ltr'><strong>loco</strong></span> <span class='ocrx_word' id='word_1_719' title='bbox 431 4981 474 5028; x_wconf 90' lang='lat' dir='ltr'><strong>est</strong></span> <span class='ocrx_word' id='word_1_720' title='bbox 486 4991 582 5028; x_wconf 82' lang='lat' dir='ltr'><strong>sensus</strong></span> <span class='ocrx_word' id='word_1_721' title='bbox 590 4976 747 5030; x_wconf 75' lang='lat' dir='ltr'><strong>reconditio</strong></span> <span class='ocrx_word' id='word_1_722' title='bbox 756 4974 788 5031; x_wconf 92' lang='lat' dir='ltr'><strong>in</strong></span> <span class='ocrx_word' id='word_1_723' title='bbox 798 4994 857 5051; x_wconf 87' lang='lat' dir='ltr'><strong>quo</strong></span> <span class='ocrx_word' id='word_1_724' title='bbox 903 4971 1040 5030; x_wconf 77' lang='lat' dir='ltr'><strong>Athenaeo</strong></span> <span class='ocrx_word' id='word_1_725' title='bbox 1044 4969 1210 5048; x_wconf 82' lang='lat' dir='ltr'><strong>jungendus</strong></span> <span class='ocrx_word' id='word_1_726' title='bbox 1218 4969 1385 5030; x_wconf 85' lang='lat' dir='ltr'><strong>Eustathius</strong></span> <span class='ocrx_word' id='word_1_727' title='bbox 1397 4969 1434 5028; x_wconf 89' lang='lat' dir='ltr'><strong>ad</strong></span> <span class='ocrx_word' id='word_1_728' title='bbox 1441 4969 1547 5045; x_wconf 86' lang='lat' dir='ltr'><strong>Odyss.</strong></span> <span class='ocrx_word' id='word_1_729' title='bbox 1559 4966 1613 5026; x_wconf 91' lang='lat' dir='ltr'><strong>lib.</strong></span> <span class='ocrx_word' id='word_1_730' title='bbox 1625 4965 1680 5024; x_wconf 87' lang='lat' dir='ltr'><strong>Xli</strong></span> 
     </span>
     <span class='ocr_line' id='line_1_53' title="bbox 76 5057 1682 5140; baseline -0.002 -27"><span class='ocrx_word' id='word_1_731' title='bbox 76 5069 119 5114; x_wconf 84' lang='lat' dir='ltr'><strong>cst</strong></span> <span class='ocrx_word' id='word_1_732' title='bbox 131 5057 280 5134; x_wconf 72' lang='lat' dir='ltr'><strong>allegoria.</strong></span> <span class='ocrx_word' id='word_1_733' title='bbox 292 5057 342 5116; x_wconf 89' lang='lat' dir='ltr'><strong>Sic</strong></span> <span class='ocrx_word' id='word_1_734' title='bbox 351 5057 386 5115; x_wconf 84' lang='grc' dir='ltr'>δι’</span> <span class='ocrx_word' id='word_1_735' title='bbox 397 5057 519 5125; x_wconf 86' lang='grc' dir='ltr'>ὑπονοίας</span> <span class='ocrx_word' id='word_1_736' title='bbox 528 5057 650 5138; x_wconf 83' lang='grc' dir='ltr'>λίγεσδαι</span> <span class='ocrx_word' id='word_1_737' title='bbox 660 5059 768 5119; x_wconf 92' lang='lat' dir='ltr'><strong>dicitur</strong></span> <span class='ocrx_word' id='word_1_738' title='bbox 778 5060 857 5137; x_wconf 92' lang='lat' dir='ltr'><strong>quod</strong></span> <span class='ocrx_word' id='word_1_739' title='bbox 904 5082 936 5140; x_wconf 91' lang='lat' dir='ltr'><strong>p.</strong></span> <span class='ocrx_word' id='word_1_740' title='bbox 955 5081 1042 5134; x_wconf 79' lang='lat'><strong>1720,</strong></span> <span class='ocrx_word' id='word_1_741' title='bbox 1057 5070 1106 5130; x_wconf 73' lang='grc'><strong>44.</strong></span> <span class='ocrx_word' id='word_1_742' title='bbox 1123 5061 1208 5140; x_wconf 75' lang='lat' dir='ltr'><strong>Apud</strong></span> <span class='ocrx_word' id='word_1_743' title='bbox 1222 5060 1398 5138; x_wconf 80' lang='lat' dir='ltr'><strong>llesychium</strong></span> <span class='ocrx_word' id='word_1_744' title='bbox 1412 5067 1560 5115; x_wconf 85' lang='lat' dir='ltr'><strong>exaratum</strong></span> <span class='ocrx_word' id='word_1_745' title='bbox 1574 5065 1618 5111; x_wconf 88' lang='lat' dir='ltr'><strong>est</strong></span> <span class='ocrx_word' id='word_1_746' title='bbox 1632 5075 1682 5110; x_wconf 85' lang='grc' dir='ltr'><strong>κα·</strong></span> 
     </span>
    </p>
   </div>
   <div class='ocr_carea' id='block_1_5' title="bbox 943 4744 1593 4921">
    <p class='ocr_par' dir='ltr' id='par_1_7' title="bbox 943 4744 1593 4921">
     <span class='ocr_line' id='line_1_54' title="bbox 943 4744 1593 4830; baseline -0.012 -16"><span class='ocrx_word' id='word_1_747' title='bbox 943 4751 1053 4830; x_wconf 49' lang='lat' dir='ltr'><strong>nutet·</strong></span> <span class='ocrx_word' id='word_1_748' title='bbox 1063 4749 1119 4812; x_wconf 82' lang='grc' dir='ltr'>ὑσοι</span> <span class='ocrx_word' id='word_1_749' title='bbox 1131 4749 1228 4817; x_wconf 85' lang='grc' dir='ltr'>λόιοιας</span> <span class='ocrx_word' id='word_1_750' title='bbox 1239 4747 1257 4822; x_wconf 80' lang='grc' dir='ltr'>ἢ</span> <span class='ocrx_word' id='word_1_751' title='bbox 1270 4747 1391 4830; x_wconf 82' lang='grc' dir='ltr'>λορνίδας</span> <span class='ocrx_word' id='word_1_752' title='bbox 1404 4744 1422 4819; x_wconf 80' lang='grc' dir='ltr'>ἢ</span> <span class='ocrx_word' id='word_1_753' title='bbox 1435 4751 1593 4825; x_wconf 83' lang='grc' dir='ltr'>καμαοῆνας</span> 
     </span>
     <span class='ocr_line' id='line_1_55' title="bbox 983 4835 1501 4921; baseline 0.002 -22"><span class='ocrx_word' id='word_1_754' title='bbox 983 4839 1074 4921; x_wconf 69' lang='grc' dir='ltr'>ᾄδετε,</span> <span class='ocrx_word' id='word_1_755' title='bbox 1083 4840 1198 4910; x_wconf 77' lang='grc' dir='ltr'>ποιητῶν</span> <span class='ocrx_word' id='word_1_756' title='bbox 1212 4840 1292 4918; x_wconf 78' lang='grc' dir='ltr'>φῦλον</span> <span class='ocrx_word' id='word_1_757' title='bbox 1307 4835 1501 4916; x_wconf 82' lang='grc' dir='ltr'>όκανὺολόγιον.</span> 
     </span>
    </p>
   </div>
   <div class='ocr_carea' id='block_1_6' title="bbox 78 5140 1907 5228">
    <p class='ocr_par' dir='ltr' id='par_1_8' title="bbox 78 5140 1907 5228">
     <span class='ocr_line' id='line_1_56' title="bbox 78 5140 1907 5228; baseline 0.003 -27"><span class='ocrx_word' id='word_1_758' title='bbox 78 5145 187 5221; x_wconf 84' lang='lat' dir='ltr'><strong>tropice</strong></span> <span class='ocrx_word' id='word_1_759' title='bbox 208 5157 237 5203; x_wconf 86' lang='lat' dir='ltr'><strong>et</strong></span> <span class='ocrx_word' id='word_1_760' title='bbox 256 5145 380 5221; x_wconf 82' lang='lat' dir='ltr'><strong>figurate</strong></span> <span class='ocrx_word' id='word_1_761' title='bbox 393 5143 504 5205; x_wconf 90' lang='lat' dir='ltr'><strong>dicunt.</strong></span> <span class='ocrx_word' id='word_1_762' title='bbox 527 5146 600 5206; x_wconf 85' lang='lat' dir='ltr'><strong>Vide</strong></span> <span class='ocrx_word' id='word_1_763' title='bbox 614 5147 752 5226; x_wconf 87' lang='lat' dir='ltr'><strong>Stephani</strong></span> <span class='ocrx_word' id='word_1_764' title='bbox 765 5147 853 5206; x_wconf 89' lang='lat' dir='ltr'><strong>Thes.</strong></span> <span class='ocrx_word' id='word_1_765' title='bbox 904 5151 1026 5226; x_wconf 83' lang='grc' dir='ltr'>μαοῑνες,</span> <span class='ocrx_word' id='word_1_766' title='bbox 1053 5146 1148 5228; x_wconf 54' lang='lat' dir='ltr'><strong>spolet.</strong></span> <span class='ocrx_word' id='word_1_767' title='bbox 1174 5147 1229 5206; x_wconf 90' lang='lat' dir='ltr'><strong>Sed</strong></span> <span class='ocrx_word' id='word_1_768' title='bbox 1252 5147 1349 5205; x_wconf 79' lang='lat' dir='ltr'><strong>Suidae</strong></span> <span class='ocrx_word' id='word_1_769' title='bbox 1373 5142 1464 5202; x_wconf 87' lang='lat' dir='ltr'><strong>verba</strong></span> <span class='ocrx_word' id='word_1_770' title='bbox 1490 5140 1681 5217; x_wconf 79' lang='grc' dir='ltr'>Ιίαμασσηνότ,</span> <span class='ocrx_word' id='word_1_771' title='bbox 1804 5206 1807 5212; x_wconf 84' lang='grc'>,</span> <span class='ocrx_word' id='word_1_772' title='bbox 1901 5146 1907 5157; x_wconf 85' lang='grc'><strong><em>’</em></strong></span> 
     </span>
    </p>
   </div>
   <div class='ocr_carea' id='block_1_7' title="bbox 78 5230 1681 5318">
    <p class='ocr_par' dir='ltr' id='par_1_9' title="bbox 78 5230 1681 5318">
     <span class='ocr_line' id='line_1_57' title="bbox 78 5230 1681 5318; baseline -0.005 -24"><span class='ocrx_word' id='word_1_773' title='bbox 78 5230 146 5307; x_wconf 81' lang='lat' dir='ltr'><strong>ling.</strong></span> <span class='ocrx_word' id='word_1_774' title='bbox 160 5251 203 5308; x_wconf 73' lang='lat' dir='ltr'><strong>gr.</strong></span> <span class='ocrx_word' id='word_1_775' title='bbox 223 5235 291 5304; x_wconf 86' lang='lat' dir='ltr'><strong>Quo</strong></span> <span class='ocrx_word' id='word_1_776' title='bbox 306 5233 358 5306; x_wconf 84' lang='lat' dir='ltr'><strong>lit,</strong></span> <span class='ocrx_word' id='word_1_777' title='bbox 375 5244 406 5290; x_wconf 95' lang='lat' dir='ltr'><strong>ut</strong></span> <span class='ocrx_word' id='word_1_778' title='bbox 421 5231 498 5312; x_wconf 85' lang='lat' dir='ltr'><strong>apud</strong></span> <span class='ocrx_word' id='word_1_779' title='bbox 513 5233 698 5296; x_wconf 85' lang='lat' dir='ltr'><strong>Plutarchum</strong></span> <span class='ocrx_word' id='word_1_780' title='bbox 723 5235 855 5318; x_wconf 78' lang='grc' dir='ltr'>παρέσχεν</span> <span class='ocrx_word' id='word_1_781' title='bbox 902 5237 1000 5298; x_wconf 83' lang='grc' dir='ltr'>ίὺνιιιόν</span> <span class='ocrx_word' id='word_1_782' title='bbox 1015 5237 1140 5297; x_wconf 91' lang='lat' dir='ltr'><strong>bucnon</strong></span> <span class='ocrx_word' id='word_1_783' title='bbox 1157 5237 1313 5314; x_wconf 89' lang='lat' dir='ltr'><strong>pertinent.</strong></span> <span class='ocrx_word' id='word_1_784' title='bbox 1328 5231 1523 5306; x_wconf 86' lang='lat' dir='ltr'><strong>Quamobrem</strong></span> <span class='ocrx_word' id='word_1_785' title='bbox 1537 5247 1681 5309; x_wconf 79' lang='lat' dir='ltr'><strong>suprave.</strong></span> 
     </span>
    </p>
   </div>
   <div class='ocr_carea' id='block_1_8' title="bbox 0 0 1924 5926">
    <p class='ocr_par' dir='ltr' id='par_1_10' title="bbox 0 0 1924 5926">
     <span class='ocr_line' id='line_1_58' title="bbox 0 0 1924 5926; baseline 0 0"><span class='ocrx_word' id='word_1_786' title='bbox 0 0 1924 5926; x_wconf 95' lang='lat' dir='ltr'><strong> </strong></span> 
     </span>
    </p>
   </div>
  </div>
 </body>
</html>
