3840 5924
736 837 950 898 suasano.
1501 843 1532 916 ει]

225 974 332 1044 etiam
346 973 443 1059 cari,
460 994 504 1040 ne
528 970 587 1040 illa
610 969 805 1064 fragmenta
827 991 904 1066 quae
923 968 1011 1039 alios
1037 969 1196 1063 fugerant
1213 972 1529 1067 praetermitterem.

226 1091 361 1163 Deinde
381 1093 560 1178 universa,
583 1090 704 1186 quoad
718 1090 795 1186 ejus
810 1090 885 1160 fieri
902 1103 1052 1187 poterat,
1072 1091 1193 1161 lucido
1208 1091 1333 1162 ordine
1350 1091 1529 1191 disposui,

225 1237 300 1310 quo
315 1213 452 1284 facilius
470 1211 606 1306 singola
632 1212 920 1306 intelligerentur.
945 1217 1057 1283 Locos
1079 1227 1267 1309 corruptos
1285 1217 1347 1283 hut
1364 1209 1533 1283 consultis

226 1335 434 1405 melioribus
447 1334 733 1404 membranarum
746 1332 958 1404 lectionibus
967 1333 1088 1404 sanavi
1102 1348 1160 1404 aut
1172 1341 1268 1404 cert'a
1282 1324 1532 1404 emendatione

226 1457 374 1526 restitui.
392 1455 461 1528 Sed
477 1469 516 1525 ut
531 1478 643 1550 prope
655 1457 775 1525 omnia
796 1454 892 1524 solus
906 1478 1045 1548 agerem
1063 1456 1100 1524 in
1115 1454 1333 1549 quibusdam
1348 1453 1531 1550 scriptori·

225 1578 306 1665 hus,
322 1578 548 1673 superiorum
566 1577 770 1647 criticorum
785 1577 921 1646 incuria
946 1576 1077 1646 sactum
1092 1591 1144 1645 est
1159 1578 1222 1671 qui
1236 1599 1325 1674 saepe
1342 1570 1532 1672 aperta'vi‘·

226 1702 274 1771 tia
303 1714 364 1770 aut
389 1701 522 1770 intacta
544 1699 758 1795 reliquerant
781 1714 844 1770 aut
864 1700 1077 1794 conjecturis
1095 1699 1166 1770 suis
1191 1697 1237 1769 ab
1265 1699 1342 1793 ejus
1364 1722 1472 1794 quem
1496 1692 1533 1767 in

224 1821 391 1892 manibus
413 1821 592 1892 habebant
617 1821 824 1918 philosophi
843 1836 960 1891 mente
981 1820 1243 1892 aberraverant.
1268 1823 1388 1916 Neque
1414 1833 1532 1891 tamen

225 1966 385 2038 unquam
404 1943 555 2013 aliorum
573 1945 791 2040 suspiciones
811 1957 847 2012 et
864 1944 1029 2032 inventa,
1049 1943 1076 2013 si
1086 1941 1338 2038 probabilitate
1351 1963 1533 2012 commen·

224 2064 408 2151 darentur,
427 2065 624 2161 repudiavi.
646 2072 769 2160 ltaque
790 2067 986 2159 fragmenta
1003 2079 1038 2136 et
1056 2065 1158 2162 plura
1175 2080 1211 2135 et
1231 2063 1474 2134 emendatiora
1500 2077 1536 2132 et

226 2186 371 2276 melius,
401 2210 510 2281 quam
533 2187 639 2276 olim,
667 2187 800 2282 digesta
821 2186 981 2258 exhibui.
1010 2188 1197 2282 Scripturae
1225 2187 1431 2256 varietatem
1459 2205 1535 2253 non

226 2329 392 2394 omnem,
411 2305 473 2376 sed
485 2310 662 2402 potiorem
675 2308 864 2398 adnotavi,
884 2331 925 2379 ac
941 2307 1045 2377 simul
1059 2327 1152 2377 meas
1166 2305 1433 2376 emendationes
1447 2325 1534 2374 con·

223 2429 451 2522 jecturasque
467 2442 540 2497 tam
553 2428 600 2499 ab
613 2427 765 2498 aliorum
781 2429 934 2498 inventis
948 2449 1055 2522 quam
1074 2451 1094 2498 a
1109 2439 1331 2496 vetustorum
1355 2425 1534 2520 exempla·

225 2548 320 2616 rium
339 2547 550 2628 lectionibus
564 2549 718 2620 distinxi.
737 2554 827 2620 Tum
841 2548 886 2618 ad
912 2571 953 2618 ea
975 2571 1054 2644 quae
1074 2547 1225 2619 obscura
1244 2545 1458 2617 videbantur
1479 2569 1537 2616 ex-

225 2668 402 2762 plananda
415 2673 557 2740 accessi.
573 2674 692 2755 Quum
711 2693 796 2741 vero
808 2669 945 2767 amplos
960 2669 1137 2740 conticere
1152 2668 1427 2739 commentarios
1448 2666 1538 2736 mihi

225 2815 297 2859 non
319 2805 409 2860 esset
431 2793 674 2888 propositum,
708 2815 821 2887 pauca
851 2805 991 2862 tantum
1016 2793 1052 2861 in
1075 2791 1208 2886 quihus
1231 2789 1364 2860 haerere
1382 2790 1539 2884 legentes

224 2926 370 3006 possent
397 2913 559 3008 explicui.
589 2919 698 2984 Porro
724 2913 1023 3009 philosophorum
1047 2914 1203 2984 carmina
1227 2912 1398 3008 locosque
1416 2911 1538 2981 soluta

225 3021 388 3105 oratione
407 3038 557 3131 scriptos
572 3038 671 3106 omni
686 3035 847 3106 adhibita
862 3036 1076 3129 diligentiae
1099 3057 1210 3130 graeco
1224 3054 1387 3106 sermone
1403 3036 1439 3104 in
1456 3035 1537 3104 lati·

228 3181 314 3226 num
331 3159 406 3252 ipse
420 3159 583 3228 transtuli
597 3204 615 3246 ,-
625 3182 669 3228 ne
685 3158 739 3227 vel
755 3159 989 3255 interpretum
1007 3181 1145 3228 errores
1157 3129 1464 3228 commemorandi
1482 3156 1539 3226 vel

226 3293 362 3350 veteres
377 3281 683 3374 interpretationes
699 3295 846 3375 propter
860 3291 1038 3350 mutatum
1054 3292 1191 3349 textum
1205 3278 1382 3349 mutandae
1399 3289 1529 3348 essent.

152 3473 154 3478 ,
227 3402 451 3494 Quapropter
467 3423 550 3469 raro
569 3399 721 3470 aliorum
743 3400 851 3469 verba
868 3399 935 3494 qui
952 3401 988 3468 in
1003 3399 1129 3470 iisdem
1149 3393 1333 3470 sententiis
1352 3397 1536 3468 vertendis

227 3521 354 3588 versati
382 3534 480 3590 erant
502 3522 644 3592 retinui.
679 3522 840 3617 Denique
864 3521 1018 3615 nequid
1046 3520 1328 3607 desideraretur,
1361 3518 1461 3614 quod
1495 3519 1538 3588 ad

228 3639 422 3731 fragmenta
433 3641 639 3711 illustranda
653 3641 798 3729 valeret,
812 3641 1093 3736 uniuscujusque
1108 3640 1315 3737 philosophi
1332 3640 1440 3709 vitam
1460 3637 1540 3709 bre·

229 3763 317 3831 viter
343 3761 554 3858 descriptam
576 3743 840 3858 ejusffeliiluiis
865 3765 1054 3859 praeposui.
1080 3765 1133 3833 De
1157 3753 1295 3859 placilis
1317 3783 1396 3858 quae
1417 3785 1437 3832 e
1457 3761 1540 3858 phi·

229 3881 461 3979 losophorum
482 3884 599 3954 verbis
624 3883 791 3954 discimus
814 3885 959 3955 uberius
987 3884 1169 3981 disputare
1193 3907 1264 3954 non
1291 3885 1444 3956 attinuit.
1469 3887 1540 3954 Vc·

228 4030 307 4074 rum
324 4019 360 4074 et
374 4005 448 4075 hae'c
467 4005 663 4094 interdum,
682 4008 801 4102 prouti
820 4009 871 4077 rei
895 4021 1020 4078 natura
1037 4008 1094 4079 vel
1114 4009 1300 4077 necessitas
1315 4005 1537 4102 postulabat.

227 4127 335 4218 attigi.
366 4131 415 4196 lta
446 4126 589 4198 confido
625 4127 699 4196 sore
726 4142 764 4198 ut
800 4128 988 4224 hocopus
1020 4129 1142 4225 peritis
1171 4143 1206 4199 et
1231 4129 1339 4223 aequis
1361 4125 1542 4220 judicibus

227 4247 410 4342 probetur.

348 4421 437 4482 Scripsi
448 4421 549 4471 Berolim
561 4433 582 4470 a.
594 4423 618 4471 d.
633 4425 666 4472 Vl
678 4421 711 4471 td.
729 4421 811 4472 Sextii.
825 4435 847 4471 a.
862 4426 929 4473 1857.
