3708 5916
546 479 549 484 ’
591 476 629 535 tt
658 472 826 536 Auauutt
850 469 1025 531 (tenuere.
1548 472 1605 524 tet

25 611 142 688 φησι,τῷ
153 609 219 688 ὀρθῷ
232 606 316 688 λόγῳ,
331 607 449 668 τουτέστι
467 609 505 687 τῷ
518 610 616 688 λογικῷ
630 605 699 666 κατίι
711 607 785 686 φύσιν
833 602 868 662 ‘lt
885 601 931 678 μὲν
958 600 1008 679 γδρ
1024 599 1125 666 σύνεσις
1144 601 1190 669 τῆς
1203 595 1305 675 άγνοίας
1324 595 1370 666 τήν
1394 597 1423 653 ἐκ
1441 597 1486 665 τῆς
1500 594 1609 668 οἰήσεως

24 696 163 755 διατιθέντα
204 699 289 756 Τοῦτο
300 697 351 776 γὰρ
362 698 407 756 καί
419 699 505 776 διορῦν
519 694 626 754 δύναται
640 693 786 752 δλεκτία
831 687 996 770 ἐγειρομένην
1007 687 1165 764 προπέτειαν
1180 684 1315 746 ἐκκόπτει·
1330 686 1347 754 ή
1362 683 1389 740 δὲ
1401 685 1447 751 τῆς
1461 682 1608 757 &tardent

23 784 270 862 τεκαὶπρακτέα.
314 786 390 864 Λόγιρ
400 784 427 843 δί
440 787 508 864 ὀρθῷ
520 784 652 842 πείθεσθαι
669 784 713 842 καὶ
726 787 784 862 θεῷ,
824 779 920 844 κτῆσις
945 774 976 832 τό
1000 776 1052 832 τῶν
1077 775 1210 849 ἐνεργειῶν
1236 771 1464 849 ἅπαρεμπόδεστον
1491 769 1606 828 δίδωσιν.

23 873 104 930 ταύτόν
124 875 189 933 ίστι.
230 873 269 932 Τό
289 872 340 952 γάρ
360 873 463 946 λογικόν
478 872 549 947 γένος
569 873 726 949 εθμοιρῆστν
740 876 786 942 τῆς
830 864 975 943 Ἀμρότερα
987 863 1012 920 δί
1028 859 1176 938 καλά,καί
1194 859 1222 918 τό
1233 859 1328 918 εἰδέναι
1342 858 1382 916 ότι
1397 860 1444 917 ούκ
1457 856 1548 932 ἴσμεν,
1563 855 1609 916 καί

23 959 108 1024 οἰκείας
118 958 269 1039 ἐλλάμψεως
282 965 365 1018 ταῦτα
380 959 501 1038 βούλεται
515 958 532 1015 θ
546 963 559 1018 ό
575 963 639 1025 θεῖος
651 957 729 1036 ὁρίζει
742 959 785 1018 νό-
829 951 859 1010 τδ
872 955 967 1030 γνῶναι
979 949 995 1007 δ
1010 953 1057 1008 οὐκ
1068 947 1159 1022 ἴομεν·
1175 937 1211 1014 οἷς
1225 947 1316 1006 ἕπεται
1332 947 1400 1026 βίος
1412 949 1425 1004 ό
1438 945 1540 1024 ἄριστος
1552 942 1608 1019 ἅμα

23 1046 134 1121 μσς-καλ
155 1046 254 1121 γίνεται
275 1047 413 1128 σύμψηφος
427 1045 590 1125 θεῷήκαιδ
611 1046 666 1104 θεὸν
689 1048 786 1105 dieue·
829 1035 1032 1108 καίήδιστοα
1077 1028 1161 1101 Οὗτος
1175 1032 1205 1092 δί
1220 1036 1289 1092 ἐστιν
1303 1039 1317 1093 ό
1332 1034 1441 1104 οἰήσεως
1456 1032 1503 1108 μὲν
1523 1035 1608 1088 καθε-

24 1133 79 1208 μίνη
90 1132 176 1212 ψυχή,
189 1134 234 1192 καί
248 1133 311 1211 πρὸς
322 1134 353 1194 τό
364 1142 430 1213 θεῖον
441 1134 487 1192 καί
499 1134 527 1191 τό
540 1133 661 1212 λαμπρόν
676 1133 786 1192 άποόλί-
831 1123 927 1204 θείνων,
944 1127 1044 1183 ἰπῑστ
1054 1123 1071 1193 ἤ
1081 1146 1143 1200 μη(
1153 1121 1179 1180 δί
1193 1121 1306 1199 πλήρηςὸ
1319 1122 1364 1179 ἐπὶ
1380 1119 1471 1194 ended
1481 1116 1527 1196 vd*
1538 1120 1610 1176 ἕνην·

23 1241 97 1276 πονοι
111 1219 245 1298 πράττειθ
260 1217 292 1278 δν
304 1220 418 1301 πράττῃ.
463 1219 536 1280 Ἡδὲ
552 1221 784 1287 ἰναντίωςδιαιει-
831 1212 936 1292 ρόμενος
954 1202 992 1270 ύιν
1012 1213 1059 1270 οθκ
1075 1201 1142 1282 οἰδε,
1161 1209 1301 1287 μανθάνειν
1319 1207 1345 1268 δὲ
1372 1207 1464 1266 ἐθέλων
1482 1205 1531 1264 ὅσα
1550 1204 1608 1273 άξια

24 1307 79 1380 pte,
97 1306 160 1384 πρὸς
180 1305 210 1364 τό
227 1305 301 1365 ἄθεον
319 1309 365 1366 καί
384 1308 513 1367 σκοτεινόν
527 1310 585 1378 εἰκῆ
600 1307 645 1365 καλ
663 1311 697 1373 ὡς
711 1306 786 1386 leupo
830 1299 977 1377 μαθήσεως.
1017 1295 1091 1365 Ἀξια
1106 1297 1133 1356 δὲ
1147 1299 1233 1356 ἐκεῖνα
1245 1295 1325 1372 μόνα,
1341 1291 1463 1371 όσαπρδς
1476 1292 1523 1361 τήν
1538 1290 1608 1348 θείαν

22 1391 155 1468 φερομένη,
171 1388 218 1450 ότι
234 1396 281 1464 τῆς
305 1392 386 1470 μόνης
405 1398 458 1452 τῶν
481 1397 567 1452 καλῶν
591 1393 726 1470 στάθμης,
742 1399 785 1452 νοῦ
830 1387 952 1463 ὁμοίωσιν
979 1393 1051 1461 ἡμᾶς
1075 1385 1178 1462 διάγει·
1204 1384 1253 1443 ὅσα
1281 1391 1350 1441 ποιεῖ
1373 1382 1539 1460 βουλεύεσθαι
1559 1377 1610 1458 πρδ

22 1477 59 1535 καὶ
75 1484 144 1550 θεοῦ,
156 1479 342 1554 ἀποπεσοῦσα,
355 1483 498 1540 πλανᾶται.
539 1482 564 1540 Τ
566 1484 666 1539 οσαῦτα
680 1479 727 1555 μίν
742 1481 785 1539 καὶ
831 1474 922 1555 ἔργου,
935 1474 1005 1539 ὅπως
1015 1473 1053 1549 μὴ
1063 1476 1138 1551 μῶρα
1149 1472 1272 1542 πέληται·
1283 1471 1332 1529 ὅσα
1344 1471 1390 1529 οὐκ
1403 1471 1433 1548 ἐξ
1446 1467 1610 1546 παράγεσθαι

22 1571 116 1623 τοιαῦτα
127 1570 171 1636 τῆς
185 1565 319 1635 εύόουλίας
331 1567 365 1627 τὰ
379 1567 479 1645 άγαθεί,
493 1568 538 1627 καί
551 1572 597 1638 τῆς
607 1567 723 1634 ἐναντίας
732 1569 786 1626 δια·
831 1567 874 1620 ὑπ’
888 1563 987 1628 οὐδενός
998 1561 1057 1620 οὔτε
1070 1560 1155 1640 λόγῳ,
1168 1559 1227 1618 οὔτε
1240 1558 1324 1639 ἔργῳ·
1338 1557 1387 1616 όσα
1401 1557 1539 1636 διακρίνειν
1551 1558 1610 1612 ἱκα-

23 1650 143 1718 θέσεωςτδι
154 1653 234 1713 κακά.
277 1655 315 1714 Τό
327 1653 354 1713 δί
366 1657 585 1733 βουλεύεσθαι
598 1654 661 1734 πρδ
675 1653 786 1735 ἔργου,
830 1646 888 1717 νοῦς
901 1650 971 1709 ποιεῖ
983 1653 1035 1708 τῶν
1049 1647 1266 1728 προσπιπτόντων
1274 1647 1359 1726 λόγων
1373 1645 1403 1704 τδ
1416 1645 1550 1723 διάφορον·
1561 1643 1609 1700 dcet

23 1739 76 1814 πρὸς
87 1739 135 1802 τοῖς
144 1741 233 1807 ἄλλοις
244 1744 364 1819 ἀγαθοῖς,
379 1744 424 1800 καί
438 1740 602 1813 τῆςοίήσεως
609 1742 730 1802 ἐκκόπτει
740 1742 787 1808 ade
830 1736 877 1801 τός
895 1733 1029 1812 δαιμονίας
1046 1736 1127 1814 τύχας
1141 1733 1230 1812 πράως
1243 1731 1328 1812 φέρειν
1344 1731 1388 1790 καί
1406 1735 1493 1812 ἰᾶσθαι
1509 1730 1608 1802 πείθει,

23 1825 141 1904 α’ρορμάς,
167 1827 213 1885 καί
227 1828 290 1907 πρός
309 1830 457 1906 ἐπιστήμης
472 1833 603 1912 ἀνάληψιν
619 1833 784 1908 παρακαλεῖ,
832 1823 878 1881 καί
899 1821 947 1893 τήν
973 1822 1082 1880 θανάτου
1106 1819 1151 1880 καί
1173 1821 1263 1886 πενίας
1284 1817 1394 1898 &podiae
1415 1817 1547 1888 διδάσκει,
1562 1815 1609 1879 καὶ

23 1913 60 1970 καὶ
75 1915 114 1970 τὀν
131 1915 234 1984 ήδιστον
244 1920 308 1990 ἡμῖν
320 1916 435 1993 προξενεῖ
449 1919 518 1997 βίον,
533 1919 604 1997 εἴπερ
619 1917 664 1976 καί
678 1918 721 1976 τὸν
732 1916 787 2000 dp,-
832 1909 996 1980 δικαιοσύνης
1019 1909 1146 1984 άσκησιν,
1163 1906 1209 1965 καί
1232 1905 1344 1985 γαστρός
1358 1904 1402 1963 καί
1417 1907 1468 1962 τῶν
1483 1901 1543 1982 περὶ
1561 1902 1608 1974 τήν

23 2022 85 2058 των·
102 2001 224 2072 δηλοῦται
238 2003 266 2061 u
280 2009 362 2062 ταῦτα
374 2005 417 2062 διὰ
428 2009 480 2064 τῶν
492 2007 558 2077 ἑξῆς.
832 1997 947 2075 γαστέρα
961 1995 1010 2067 τὴν
1024 1995 1192 2076 epplenus·
1214 1993 1263 2053 ὅσα
1277 1993 1336 2060 τοὺς
1352 1996 1399 2064 τῆς
1414 1991 1498 2072 φιλίαι
1515 1989 1609 2065 νόμους

833 2085 990 2160 εἰσηγεῖται,
1005 2085 1050 2142 καί
1061 2084 1108 2154 τὴν
1121 2082 1216 2160 γονέων
1228 2080 1321 2159 τιμήν·
1332 2081 1443 2139 θεατῶν
1456 2077 1609 2156 κρειττόνων

285 2169 349 2229 XV.
380 2181 508 2232 θθ-θί.
833 2174 914 2247 γενῶν
926 2171 956 2229 τὸ
974 2169 1052 2235 σε’ῦας
1067 2169 1243 2228 ὑποδείκνυσι.
1285 2171 1379 2228 Ταῦτα
1394 2165 1438 2225 καί
1453 2165 1486 2223 τὰ
1502 2166 1610 2224 τοιαῦτά

834 2263 920 2334 ἐστιν,
939 2257 956 2316 ά
970 2257 1193 2316 διδάσκεσθαι
1206 2256 1300 2335 χρῆναί
1314 2277 1391 2334 φησιν
1402 2259 1415 2314 ό
1426 2253 1516 2332 παρὼν
1525 2254 1610 2330 λόγος,

822 2337 872 2412 ὀἷς
885 2343 976 2402 ἕπεται
998 2343 1067 2424 βίος
1091 2343 1358 2421 ότερπνότατος.
1401 2339 1438 2401 ‘0
1457 2339 1508 2420 γδιρ
1531 2341 1610 2419 ἀρετῇ

833 2431 980 2508 διαπρέπων
995 2432 1040 2489 καί
1059 2431 1154 2502 ήδονδις
1165 2429 1380 2506 άμεταμελήτους
1400 2433 1546 2506 καρποῦται
1561 2451 1611 2503 μι-

54 2503 89 2562 Τθ
100 2503 144 2580 pto
159 2504 195 2580 μὴ
214 2508 338 2586 empsit
357 2501 394 2575 νῖς
417 2513 462 2568 οὖν
474 2510 568 2586 ἴσμεν,
588 2515 787 2592 ἀναμαρτήτους
834 2518 964 2592 μουμίνας
978 2517 1007 2575 τό
1021 2521 1066 2588 τῆς
1080 2521 1173 2596 ἀρετῆς
1188 2517 1305 2592 μόνιμον.
1348 2517 1454 2594 Πίρυκε
1466 2514 1517 2592 γδιρ
1535 2525 1610 2574 πᾶσα

22 2592 81 2662 ἡμᾶς
94 2591 262 2671 διαφυλάττει
276 2595 370 2670 μόνον·
395 2597 423 2654 τὸ
438 2597 466 2656 δὲ
490 2598 658 2657 διδάσκεσθαι
671 2601 704 2660 ede
723 2603 787 2681 πρδς
833 2604 912 2676 ἡδονή
933 2603 1061 2682 ἐνεργείας
1073 2610 1222 2677 ἡστινοσοῦν
1237 2593 1302 2661 εἰναι
1315 2596 1553 2682 παρακολούθημα.
1569 2605 1610 2662 Ού

22 2676 60 2744 τί*
73 2676 175 2753 ἆθίνῗθν
189 2679 259 2749 ζωὴν
275 2681 451 2754 νννννίνθνννῑ,
471 2682 534 2763 ngde
548 2687 586 2763 τῷ
601 2689 787 2768 ἀναμαρτήτῳ,
833 2691 885 2770 γίιρ
899 2693 966 2765 αὖε-λ
978 2694 1036 2752 καθ’
1051 2689 1145 2763 ἑαυτήν
1159 2690 1207 2761 τήν
1225 2691 1367 2750 ὑπόστασιν
1381 2689 1455 2770 ἔχει,
1469 2692 1526 2748 ἀλλ’
1539 2692 1611 2748 ἐπα-

22 2765 60 2824 ννί
70 2765 112 2836 νῦν
125 2765 286 2845 endem*
300 2771 326 2826 ἐν
342 2773 398 2838 ταῖς
409 2771 531 2850 πράξεσιν
544 2773 608 2848 ἡμῖν
632 2775 786 2856 παρέχεται.
834 2782 951 2838 κολουθεῑ
964 2778 1027 2838 τάδε
1050 2785 1165 2838 ποιοῦσιν
1187 2782 1250 2855 ἡμῖν
1271 2777 1288 2850 ἢ
1313 2777 1386 2839 τάδε.
1429 2776 1476 2836 Διδ
1489 2785 1545 2846 ταῖς
1563 2778 1610 2856 μὲν

27 2905 1598 2934 --—·----------........-......-.......-.-.—-.....

76 2313 167 2372 Πρῆσσε
178 2313 203 2362 at
213 2314 285 2375 μηδὲν
295 2321 342 2363 τῶν
352 2316 383 2375 μή
394 2317 533 2378 ἐπίστασαι,
545 2319 603 2367 ἀλλὰ
616 2319 726 2368 διδάσκευ

74 2381 130 2428 ὄσσα
141 2383 232 2445 γριών,
246 2386 286 2433 καὶ
300 2387 452 2449 τερπνότατον
465 2389 514 2450 βίον
529 2389 574 2438 ὧδε
591 2391 680 2444 διάξεις.

22 2997 93 3042 recta
118 2990 237 3059 rationi,
262 2990 294 3046 id
319 3003 373 3061 est,
402 2996 497 3050 animo
527 2997 658 3052 rationali
680 3009 787 3055 naturae
832 3013 960 3076 ter-qnam
976 3003 1054 3077 quod
1068 3021 1119 3059 nos
1133 3003 1293 3078 inculpatos
1308 3001 1498 3071 serrat,sacit
1510 3003 1609 3070 etiam,

22 3078 201 3133 convenienter
222 3077 337 3137 allecto.
362 3082 416 3137 Hic
431 3083 507 3138 enim
521 3095 615 3158 potest
630 3097 657 3140 et
679 3091 785 3162 perspi·
832 3100 911 3146 ntea
927 3101 1157 3164 quaerectasunt
1175 3109 1298 3164 agamus.
1326 3090 1514 3163 Intelligeutia
1536 3091 1612 3148 enim

22 3179 75 3215 νῦν
94 3181 152 3235 θυαε
174 3164 298 3220 dicenda
320 3176 348 3220 et
370 3167 496 3224 iacienda
518 3171 583 3228 sint.
605 3173 699 3226 Reetae
719 3191 787 3228 vero
831 3179 960 3251 praecidit
973 3180 1088 3234 inscitiae
1102 3179 1285 3234 temeritatem
1299 3179 1443 3251 arroganti
1459 3178 1501 3232 sui
1515 3178 1613 3234 existi·-

22 3248 110 3302 rationi
124 3262 151 3305 et
164 3253 228 3306 Deo
245 3270 345 3326 parere
363 3255 439 3310 idem
460 3267 510 3316 est.
524 3259 630 3314 Natura
649 3261 725 3313 enim
740 3261 785 3314 in·
832 3268 954 3322 matione
969 3268 1133 3334 excitatam3
1149 3267 1270 3321 scientia
1284 3276 1377 3320 autem
1392 3263 1506 3338 adeptio
1522 3265 1610 3318 actio·

23 3335 147 3408 telligens‚
164 3358 253 3412 quum
267 3343 384 3414 propria
397 3344 461 3398 luce
473 3345 586 3418 fruitur,
597 3347 644 3402 illa
654 3349 714 3402 vult
726 3367 787 3420 quae
831 3371 899 3406 num
927 3354 1085 3408 libertatem
1113 3352 1204 3408 affert.
1230 3353 1390 3423 Utrumque
1414 3368 1481 3406 vero
1502 3349 1610 3404 bortum

23 3421 102 3478 divina
118 3425 159 3480 lex
174 3429 288 3498 statuit,
303 3439 331 3483 et
355 3449 420 3483 cum
440 3433 501 3486 Deo
518 3436 657 3488 consentit
680 3436 788 3490 animus
832 3450 889 3508 est,
903 3459 967 3493 cum
981 3441 1051 3495 scire
1064 3459 1115 3494 uos
1130 3441 1252 3508 nescire,
1266 3449 1325 3492 tum
1340 3455 1373 3494 ea
1389 3456 1450 3509 quae
1472 3437 1611 3492 nescimus

23 3509 73 3562 Deo
85 3516 282 3570 convenienter
295 3517 412 3578 allectus
423 3529 507 3592 atque
525 3521 556 3576 id
568 3522 648 3595 quod
659 3521 787 3578 divinum
832 3526 989 3594 addiscere,
1004 3545 1038 3582 ex
1053 3527 1156 3600 quibus
1176 3527 1267 3582 oritur
1285 3532 1345 3581 uita
1366 3526 1476 3598 optima
1487 3525 1569 3582 simul
1584 3536 1612 3580 et

23 3605 44 3650 et
54 3599 226 3669 splendidum
240 3615 280 3659 est
291 3618 421 3680 spectans
434 3608 500 3664 fucit
516 3629 691 3684 quaecunque
709 3612 784 3672 facit.
829 3616 1041 3686 jucundissima.
1060 3615 1125 3671 llaec
1144 3625 1235 3669 autem
1257 3625 1297 3668 est
1310 3632 1349 3672 ea.
1362 3631 1424 3687 quae
1445 3613 1611 3686 arrogantiae

22 3687 107 3757 Atqui
120 3707 197 3744 secus
212 3709 244 3746 se
262 3693 365 3765 babet,
384 3695 412 3748 in
426 3697 599 3772 impietatem
621 3700 692 3753 etin
711 3711 786 3755 tenc·
832 3719 929 3774 expers
942 3703 1063 3756 scientiae
1073 3703 1158 3774 plena
1176 3703 1212 3755 sit
1226 3718 1344 3772 quaeque
1367 3702 1396 3754 in
1416 3700 1495 3756 nulla
1515 3717 1610 3756 earum

22 3767 77 3825 bras
89 3783 187 3832 temere
207 3777 385 3853 fortuitoque
405 3782 513 3840 delatus
534 3785 665 3855 oberrat,
687 3797 787 3862 utpote
831 3806 925 3842 rerum
951 3789 1099 3862 glorietur,
1126 3805 1195 3863 quas
1217 3787 1347 3861 ignorat,
1363 3795 1447 3856 atque
1461 3803 1492 3842 ea
1512 3786 1612 3841 lubens

23 3867 63 3934 qui
76 3879 162 3924 mente
178 3883 267 3944 atque
284 3876 361 3945 Deo,
377 3877 438 3934 solu
455 3878 598 3934 bonorum
609 3882 721 3955 regula,
738 3901 786 3937 ex·
832 3874 920 3930 discat
934 3893 996 3948 quae
1009 3877 1081 3930 scitu
1096 3874 1179 3948 digna
1198 3885 1272 3932 suut.
1285 3874 1337 3928 llla
1355 3891 1424 3928 vero
1444 3873 1503 3927 sola
1526 3871 1611 3946 digna

23 3951 115 4011 ciderit.
132 3957 187 4011 Tot
204 3968 235 4013 et
255 3961 320 4016 talia
334 3974 399 4020 sunt
419 3967 492 4020 recti
507 3968 616 4021 consilii
637 3969 787 4026 commoda
831 3972 912 4030 sunt,
926 3980 988 4034 φιτ
1000 3960 1101 4018 θθῦθὶ
1113 3961 1322 4016 similitudinem
1334 3959 1535 4032 Πθνθνθίννθῑν
1548 3977 1611 4031 ‘l'lae

23 4046 47 4090 tl
65 4045 203 4099 conuerte
231 4045 390 4105 affectionis
416 4053 500 4112 mala,
533 4055 690 4112 consilium
718 4075 786 4112 vem
831 4047 939 4103 faciunt
959 4059 992 4103 ut
1005 4050 1167 4122 priusquam
1186 4066 1233 4104 res
1248 4059 1383 4122 gerantur
1405 4046 1610 4114 deliberemus,

23 4135 224 4201 a11ltq¹1emres
246 4148 360 4209 geratur
387 4151 502 4214 captum
531 4161 596 4198 cum
619 4144 674 4200 alia
699 4145 786 4202 hahet
831 4153 867 4190 ne
881 4135 963 4191 stulta
984 4136 1208 4206 committantur,
1224 4153 1285 4206 quae
1298 4152 1377 4189 nosa
1393 4135 1612 4206 nemineneque

23 4209 100 4285 bona,
114 4228 170 4274 tum
184 4239 264 4277 vanae
278 4224 422 4298 opinionis
436 4231 599 4288 occasiones
612 4233 740 4304 praecidit
758 4244 788 4288 et
831 4222 924 4277 verbis
937 4240 1030 4295 neque
1044 4221 1125 4276 factis
1139 4220 1197 4275 salli
1214 4222 1325 4289 sinunt,
1339 4239 1400 4292 quae
1415 4217 1534 4276 idoneos
1547 4221 1612 4275 red·

23 4299 54 4354 ad
67 4305 203 4363 seleutiam
220 4309 432 4384 adipiscendam
445 4335 498 4373 nos
511 4319 626 4394 incitat,
642 4330 728 4393 atque
738 4320 787 4393 ju.
832 4307 904 4363 dunt
917 4309 953 4363 ad
964 4308 1149 4364 incidentium
1162 4324 1323 4362 sermonum
1337 4303 1486 4360 discrimen
1506 4306 1612 4361 sacien-

24 4391 205 4453 eundissimam
227 4400 311 4456 uobis
328 4403 415 4459 vitam
437 4406 587 4478 conciliat,
604 4409 787 4482 quandoqui.
832 4393 920 4466 dum,
938 4413 1000 4468 quae
1021 4395 1190 4450 calamitates
1215 4393 1347 4448 divinitus
1369 4394 1490 4448 invectas
1513 4393 1612 4450 leniter

25 4465 79 4522 dem
91 4484 118 4528 et
132 4479 269 4549 optimam
290 4498 297 4535 ι
318 4481 379 4537 baec
399 4503 468 4540 vero
489 4487 520 4540 in
540 4488 723 4560 sequentibus
735 4489 787 4546 de·
831 4481 905 4537 ferre
916 4483 1004 4554 iisque
1017 4481 1125 4536 mederi
1137 4480 1326 4553 persuadent,
1339 4491 1367 4536 et
1379 4483 1477 4536 mortis
1486 4500 1612 4555 pauper-

24 4570 212 4623 monstrantur.
833 4569 951 4641 tutisque
964 4571 1184 4624 contemtionem
1194 4579 1224 4624 et
1230 4568 1341 4639 justitiae
1350 4570 1456 4624 cultum
1468 4578 1497 4624 et
1506 4573 1612 4626 ventris

304 4701 356 4755 XV
391 4701 407 4758 3
449 4703 464 4758 3
833 4675 987 4728 eorumque
1008 4677 1070 4730 quae
1089 4659 1300 4714 circarentrem
1314 4669 1396 4726 aiut,
1409 4660 1611 4715 continentiam

359 4743 367 4759 ⁸
411 4721 445 4758 ⁰·
471 4723 495 4762 ¹⁸
833 4743 938 4799 docent
946 4763 1030 4817 ,qnae
1040 4746 1255 4819 leges-amicitiae
1270 4757 1299 4800 et
1311 4756 1458 4820 parentum
1471 4746 1611 4801 honorem

76 4817 108 4866 Νν
117 4819 172 4882 trite
182 4822 344 4874 taeleseorunr
355 4841 410 4890 qua
424 4829 514 4891 neseis,
524 4831 566 4882 sed
576 4833 660 4884 discito
834 4832 968 4904 tradunt,
987 4851 1050 4905 quae
1064 4833 1186 4907 denique
1199 4836 1376 4909 superiorum
1400 4817 1533 4908 generum
1549 4837 1612 4890 cul·

77 4899 223 4955 θννννννθνθ
235 4895 294 4944 disci
306 4901 409 4960 Ρνίννίν
422 4903 537 4963 ⁸1(illul
553 4903 626 4952 'mm
638 4907 751 4968 ἰννννίθνν
834 4930 893 4976 tutu
914 4921 1116 4979 demonstrant.
1135 4923 1200 4980 llaec
1215 4934 1299 4996 atque
1313 4921 1472 4994 hujusmodi
1491 4935 1556 4979 sunt
1578 4943 1611 4981 ea

573 4973 787 5036 U⁰⁰⁰⁰d⁵⁸⁸i¹¹¹³m
834 5026 895 5081 quae
911 5007 1044 5065 discenda
1062 5028 1119 5065 esse
1139 5022 1256 5065 monent
1273 5010 1304 5065 bi
1324 5027 1420 5064 versus
1434 5020 1462 5064 et
1482 5029 1544 5082 quae
1564 5031 1610 5066 se·

60 5072 158 5176 Eerpm
172 5097 285 5151 rerum,
299 5101 368 5156 quas
381 5087 534 5159 nescimus,
549 5091 689 5165 neglectio
707 5113 759 5149 nos
773 5113 789 5149 a
834 5097 930 5167 quitur
944 5098 1002 5151 vita
1011 5096 1223 5168 jucundissima.
1235 5081 1373 5169 Quibnim
1386 5096 1489 5151 virtute
1502 5100 1612 5154 excellit

27 5173 136 5261 Pettalus
153 5185 289 5225 immunes
307 5180 416 5228 tantum
434 5187 599 5252 conservat,
610 5197 707 5235 earum
721 5200 788 5266 repo
833 5182 1025 5256 voluptatibus
1035 5186 1118 5240 etiam
1130 5186 1233 5241 fruitur
1244 5205 1302 5242 non
1312 5184 1612 5259 poeniteutlis‚virtutis

27 5257 141 5319 ⁰⁰8¹¹¹l¹0
162 5272 224 5327 quae
236 5257 271 5313 ad
283 5260 371 5316 vitam
385 5261 518 5348 optimam
540 5265 694 5342 pertinent,
714 5285 788 5340 prae-
833 5269 1010 5326 stabilitatem
1023 5273 1208 5330 imitantibus.
1224 5275 1265 5330 lta
1279 5275 1354 5329 enim
1374 5283 1474 5330 uatium
1496 5290 1613 5349 compa·
