3840 5924
473 391 510 450 ut
534 355 778 453 anennoeto
799 355 1012 452 canutum
1036 389 1254 465 uniquus.
1627 395 1664 447 ιι

51 521 178 580 umidum
195 521 312 600 aliquid
332 521 452 584 deesset.
467 517 540 582 lilihi
556 524 647 601 igitur
671 525 748 605 apud
770 525 837 584 Ari·

51 612 184 668 stotelem
197 611 388 670 scribendum
400 630 463 672 esse
472 613 568 672 visum
579 627 623 672 est
632 613 733 691 θιῖγθρ
746 611 837 692 περιέ-

51 704 141 756 σεσθαι
151 699 206 779 ὅπῃ
219 699 252 758 κέ
261 723 300 767 τις
311 699 367 760 αἰέν
378 701 476 780 έρεέδῃ,
487 716 516 761 et
525 703 602 781 apud
612 704 815 782 Empedoclem
828 725 835 760 :

51 785 100 844 ulei
117 787 170 866 γὰρ
190 787 331 866 περιέσται
343 787 396 865 ὅπῃ
414 788 445 846 κέ
459 811 497 856 τις
512 789 566 850 αἰέν
581 790 677 869 έρεέδῃ.
695 790 837 850 Caeterum

51 874 156 932 ultima
173 894 295 951 quoque
315 875 495 952 conjecturis
508 889 653 935 vexarunt
668 877 839 935 Karstenius

51 973 76 1017 et
89 960 244 1034 Steinius,
260 961 310 1020 ille
331 981 397 1040 pag.
413 963 467 1020 ὅτι
484 963 537 1034 ὅπη
556 963 585 1022 κέ
602 988 642 1041 τις
660 963 726 1022 ἀντί’
739 963 836 1042 έρεέδῃ,

50 1047 95 1104 hic
112 1049 169 1123 ὅπη
189 1048 221 1106 κέ
233 1071 273 1114 τις
286 1047 342 1107 αἰὲν
359 1049 450 1128 ἐρεῖπῃ
470 1052 648 1110 exarandum
666 1071 729 1110 esse
746 1065 835 1110 ratus.

50 1135 103 1192 Sed
120 1135 170 1194 his
184 1137 399 1196 mutationibus
411 1139 492 1196 locus
503 1159 562 1197 non
572 1151 645 1215 eget.

85 1221 138 1280 Vs.
160 1224 290 1296 105·ro7
305 1225 374 1282 iiii
387 1225 630 1304 κακαῖς-λόγου]
646 1226 779 1285 Clemens
793 1227 837 1284 ill.

48 1309 156 1368 Strom.
175 1311 210 1371 V.
232 1331 262 1386 p.
280 1312 349 1379 554.
370 1313 403 1376 C.
418 1313 479 1372 l'ss.
508 1314 563 1370 105
578 1327 607 1372 et
627 1319 681 1374 ιοθ
702 1315 836 1374 Theodo-

48 1411 128 1455 retus
139 1397 274 1476 'lberap
285 1397 379 1456 Serm.
393 1399 416 1471 l,
427 1401 504 1478 0pp.
517 1399 553 1460 Τ.
567 1400 602 1458 iv
616 1420 647 1479 p.
659 1404 727 1474 476.
741 1402 837 1470 Quum

48 1504 131 1542 urens
147 1486 279 1544 huntana
291 1505 368 1564 saepe
382 1487 501 1547 incertis
512 1489 685 1567 opinionum
701 1489 838 1548 fluctibus

46 1573 173 1648 agitata,
191 1573 265 1650 quid
278 1574 460 1632 statuendum
479 1577 534 1646 sit,
550 1576 677 1647 ποντίαις
694 1577 837 1635 malorum

45 1681 109 1718 esse
125 1661 285 1720 hominum
307 1663 348 1720 ait
363 1663 550 1741 Empedocles
563 1663 698 1723 diffidere
711 1665 789 1724 veris
805 1685 838 1724 ac

45 1748 194 1822 legitimis
210 1763 414 1827 contemtaque
434 1752 480 1809 vel
499 1751 620 1811 deorum
635 1751 838 1812 benevolentia

44 1837 90 1893 vel
103 1837 271 1896 divinioris
281 1839 371 1897 animi
386 1839 527 1916 sapientia
535 1841 594 1898 suis
606 1853 715 1898 tantum
729 1841 839 1916 ingenii

42 1923 275 1984 viribuslidcre.
289 1924 374 1983 lluno
384 1943 447 1984 esse
458 1945 574 1984 sensum
584 1927 671 1986 trium
685 1927 838 2006 dequibus

42 2012 162 2084 agimus
175 2013 393 2070 versiculorum
412 2032 428 2070 e
446 2013 605 2074 Clementis
618 2028 647 2073 et
660 2015 837 2075 'lheodoreti

43 2099 146 2156 verbis
159 2100 303 2160 efficitur.
317 2099 459 2177 liquibus
470 2101 672 2162 Theodoretus
684 2104 703 2162 l.
714 2126 741 2164 c.
756 2103 839 2183 Ἡρέ-

42 2189 148 2252 κλειτος
157 2190 173 2244 θ
183 2185 311 2267 Ἐρέσιος
320 2187 431 2266 εἴρηκεν·
440 2187 568 2256 Ἇξώνετοι
578 2191 839 2272 ἅκοώσαντεςκυνροῖς

42 2272 164 2331 ἐοίκασι·
180 2274 260 2354 φάτις
279 2276 380 2335 αὐτοῖσι
395 2284 534 2356 μαρτυρεῖ,
551 2278 695 2357 παρεόντας
717 2281 833 2340 ἀπεῖναι.

43 2358 183 2441 torqueri
201 2362 231 2420 δέ
246 2365 285 2442 τῷ
299 2361 417 2443 Ἐρεσέιρ
432 2363 476 2422 καλ
490 2367 506 2422 θ
520 2363 717 2445 Ἀκραγαντῖνος
736 2365 839 2444 Ἐμπε-

42 2451 159 2522 δοκλῆς,
174 2449 263 2528 λέγων
276 2441 347 2510 hie·

82 2577 157 2637 itit
172 2587 266 2644 κακοῖς
281 2580 328 2656 μέν
343 2578 428 2660 κάρτα
453 2580 527 2641 πέλει
541 2582 693 2655 κρατέουσιν
708 2585 837 2642 ἀπιστεῖν·

80 2658 135 2725 ὧδε
161 2665 217 2746 γὰρ
242 2667 371 2750 ἡμετέρης
393 2669 498 2728 κέλεται
518 2671 678 2748 πιστώματα
700 2672 816 2745 Μούσης.

883 525 1013 586 etot-ibus
1033 537 1061 584 et
1085 523 1340 583 confirmatoribus
1361 517 1462 580 haberi
1486 520 1589 593 vellet,
1615 519 1665 579 sed

883 613 1020 690 quoniam
1035 612 1086 670 illa
1100 612 1228 690 proximi
1245 628 1345 668 versus
1366 607 1526 685 πιστώματα
1547 622 1668 684 respon·

882 699 951 776 dent
964 700 1119 780 κρατέουσιν
1133 718 1258 776 quorum
1272 698 1303 755 in
1318 696 1415 774 primo
1428 713 1516 753 versu
1531 693 1672 753 meminit·

882 800 985 864 poeta,
999 799 1076 864 patet
1098 797 1201 844 neutro
1223 803 1327 859 genere
1342 781 1495 861 κρατέουσιν
1512 780 1561 838 hic
1581 779 1664 857 poni.

884 874 942 933 Etsi
957 893 1028 932 vero
1041 893 1094 953 per
1108 874 1165 931 loci
1178 872 1437 932 conformationem
1451 887 1509 926 non
1520 868 1588 927 licet
1599 885 1665 924 cum

882 961 993 1021 Steinio
1018 961 1171 1040 κρατέουσιν
1191 960 1375 1037 interpretari
1391 958 1474 1034 quasi
1494 956 1578 1032 λόγοις
1598 977 1665 1032 κρα-

882 1047 982 1108 τέουσιν
999 1049 1151 1126 scripserit
1169 1060 1249 1105 vates
1266 1045 1490 1121 Agrigentinus,
1504 1056 1599 1101 tamen
1612 1059 1666 1120 per

883 1130 1664 1213 seseneutruntparticipiisensumiereeundemqueiu

881 1222 1040 1300 πιστώματα
1056 1223 1194 1280 eontinet.
1212 1221 1323 1279 Etenim
1336 1239 1383 1277 res
1395 1236 1513 1296 quoque
1529 1218 1667 1276 dicuntur

881 1319 997 1390 κρατεῖν,
1016 1312 1038 1369 i.
1055 1328 1080 1370 e.
1097 1311 1247 1382 obtinere,
1267 1309 1461 1379 invalescere,
1484 1307 1598 1378 valere,
1612 1309 1667 1364 du·

883 1419 960 1472 rare,
974 1401 1035 1459 vim
1052 1402 1312 1475 auctoritatemque
1333 1393 1453 1468 habere,
1468 1407 1500 1453 ut
1513 1393 1588 1474 ρέτις
1601 1417 1666 1471 κρα·

882 1497 930 1560 τιῖ,
939 1488 1013 1548 sama
1023 1488 1144 1560 obtinet,
1159 1487 1236 1564 apud
1248 1484 1339 1563 Soph.
1353 1484 1434 1562 hjac.
1449 1501 1492 1542 vs.
1503 1483 1578 1559 9783
1592 1482 1669 1561 φάτις
1767 1519 1769 1523 -

882 1575 967 1647 πολλὴ
975 1583 1076 1653 κρατεῖ,
1087 1576 1258 1653 pervulgata
1268 1572 1381 1630 obtinet
1393 1572 1476 1642 lama,
1485 1570 1561 1649 apud
1571 1570 1665 1631 iEsch.

882 1663 983 1742 Suppl.
993 1683 1038 1724 vs.
1052 1683 1125 1740 2903
1138 1663 1212 1740 λόγος
1224 1668 1314 1740 κρατεῖ
1324 1658 1441 1740 σαρηνής
1453 1659 1530 1737 apud
1541 1659 1664 1728 eundem

882 1749 962 1810 Pers.
976 1771 1021 1811 vs.
1045 1759 1118 1824 7²43
1135 1751 1234 1825 νόμιμα
1258 1746 1284 1806 δέ
1300 1747 1333 1806 τὰ
1347 1745 1495 1807 Χαλκιδικὰ
1511 1745 1665 1825 ἐκράτησεν,

884 1838 960 1914 leges
974 1858 1043 1897 vero
1057 1837 1262 1896 Chalcidenses
1272 1835 1473 1905 obtinuerunt,
1492 1834 1568 1912 apud
1585 1834 1666 1893 'l'hu-

883 1926 949 2002 cyil.
964 1924 1017 1984 lib.
1030 1924 1081 2004 Vl,
1096 1926 1130 1996 ὃς
1147 1923 1248 2000 ἀνάγκη
1264 1923 1286 1981 θ’
1298 1921 1388 2001 ὥσπερ
1402 1921 1495 1999 τέχνης
1506 1920 1546 1977 αἐὶ
1559 1921 1593 1978 τὰ
1608 1923 1665 1979 έπι-

882 2012 1024 2090 γιγνόμενα
1053 2016 1170 2091 κρατεῖν,
1193 2029 1309 2070 necesse
1334 2024 1393 2081 est,
1421 2008 1664 2087 quemadmodum

882 2100 993 2162 artibus
1003 2100 1134 2158 accidere
1144 2100 1230 2170 solet,
1243 2099 1404 2157 novissima
1420 2115 1543 2174 quaque
1553 2115 1667 2173 semper

882 2191 1017 2249 evincere
1030 2191 1289 2264 auctoritatemque
1302 2184 1419 2255 habere,
1434 2184 1487 2244 lib.
1509 2184 1533 2255 l,
1550 2205 1597 2256 71.
1616 2183 1661 2244 Cf.

882 2278 959 2355 apud
970 2275 1093 2336 eundem
1106 2275 1159 2335 lib.
1172 2274 1210 2334 tv
1222 2294 1284 2352 cap.
1296 2276 1344 2344 6ο,
1356 2271 1386 2330 ri
1398 2271 1425 2329 ei
1439 2271 1606 2344 ἀστάθμητον
1620 2276 1667 2330 τοῦ

883 2363 1023 2441 μέλλοντος
1039 2367 1073 2431 ii<
1088 2363 1131 2423 ini
1151 2363 1273 2421 πλεῖστον
1290 2367 1398 2442 κρατεῖ,
1421 2357 1474 2416 uhi
1494 2359 1663 2417 scholiastes

883 2453 975 2533 κρατεῖ
988 2453 1109 2532 exponit
1122 2451 1169 2523 chr
1185 2448 1261 2531 ῖσγθν
1277 2448 1340 2528 ἔχει,
1350 2461 1379 2506 et
1390 2446 1526 2560 Sophocl.
1542 2446 1610 2504 OEd.
1626 2446 1661 2504 ll.

883 2561 926 2601 vs.
945 2563 1014 2618 977,
1035 2539 1058 2598 τί
1079 2541 1101 2598 δ’
1117 2537 1149 2597 ἂν
1171 2538 1270 2618 ροὸαῑτ’
1284 2534 1453 2616 ἄνθρωποςιμ
1474 2533 1506 2591 ed
1522 2535 1569 2604 τῆς
1584 2533 1666 2613 τύχης

878 2631 989 2706 κρατεῖ,
1000 2627 1108 2707 πρόνοια
1125 2625 1149 2685 δ’
1164 2625 1234 2686 ἐστὶν
1257 2623 1358 2690 οὐθενὸς
1377 2622 1474 2702 stupriq
1491 2623 1565 2680 lline
1577 2622 1665 2680 etiam

884 2735 944 2773 non
957 2715 1121 2774 mirandum
1137 2713 1326 2792 participium
1341 2723 1446 2770 neutro
1461 2729 1567 2788 genere
1580 2712 1663 2788 poni,

39 2799 316 2880 τῆςτῶνκακῦνᾶρα
328 2800 442 2882 μερίδος,
452 2801 520 2860 κατὰ
533 2803 577 2861 τὀν
589 2802 800 2880 Ἀκραγαντῖνον,
813 2805 837 2864 ol
884 2804 948 2862 sive
963 2804 1107 2876 absolute,
1126 2804 1190 2862 sive
1203 2803 1269 2862 allis
1290 2798 1461 2860 nominibus
1481 2799 1528 2876 adj
1533 2812 1664 2861 tinctum.

41 2892 167 2952 ἄπιστοι.
183 2891 323 2951 Clemens
342 2913 414 2952 vero
429 2915 436 2953 :
450 2901 503 2960 τοῖς
525 2893 573 2969 μὲν
586 2895 638 2973 γὰρ
659 2896 749 2962 κακοῖς
763 2901 838 2957 τοῦτο
884 2891 983 2970 Eurip.
995 2891 1189 2954 Andromach.
1204 2911 1246 2950 vs.
1265 2891 1331 2965 ι33,
1344 2889 1374 2948 τὸ
1382 2892 1492 2967 κρατοῦν
1501 2887 1528 2946 δέ
1538 2886 1562 2945 τ’
1573 2886 1665 2949 litaret.

41 2979 172 3053 σύνηθες,
188 2977 271 3056 ρησὶν
283 2978 506 3055 δἸἶμπεδοκλῆς,
518 2980 548 3040 τὸ
561 2982 656 3042 ἐθέλειν
669 2991 775 3062 κρατεῖν
787 2986 838 3040 τῶν
881 2979 925 3039 ld.
937 2980 1041 3058 Eurip.
1056 2979 1171 3055 Fragm.
1187 2978 1342 3056 llelanipp.
1358 2972 1449 3036 lllllll
1467 2993 1533 3053 pag.
1548 2975 1602 3047 743
1618 2976 1664 3036 ed.

42 3068 153 3137 ἀληθῶν
168 3065 214 3123 διὰ
227 3069 275 3123 τοῦ
289 3067 422 3138 ἀπιστεῖν,
439 3068 459 3127 i.
475 3087 501 3128 e.
522 3088 592 3129 vera
615 3090 673 3128 non
694 3071 838 3129 credendo
883 3071 1019 3143 Wagner.
1035 3088 1042 3123 ε
1060 3065 1092 3125 rh
1106 3070 1153 3138 τῆς
1163 3063 1282 3142 γυναικὸς
1294 3063 1345 3142 γὰρ
1355 3064 1491 3142 κρατοῦντ’
1506 3064 1532 3119 έν
1547 3059 1665 3138 δώμασιν

44 3171 192 3229 superare
206 3154 294 3230 quasi
309 3166 337 3211 et
351 3155 518 3232 opprimere
532 3157 617 3216 velle.
635 3162 761 3236 Apparet
774 3158 839 3216 Cle·
884 3152 971 3211 δουλοῖ
984 3151 1028 3209 τὸν
1043 3151 1124 3232 ἄνδρα
1139 3174 1164 3209 κ.
1175 3175 1200 3209 τ.
1212 3152 1239 3210 λ.
1253 3150 1433 3228 Philosopho
1447 3161 1541 3208 autem
1563 3160 1665 3206 nostro

44 3242 138 3298 menti
154 3241 191 3297 τὰ
206 3239 352 3317 κρατέοντα
366 3261 429 3300 esse
448 3241 481 3300 rii
497 3245 581 3315 ἀληθῆ
596 3263 721 3322 eumque
740 3247 839 3304 consi-
883 3239 915 3298 it
931 3244 1076 3320 κρατοῦντα
1092 3253 1177 3313 sunt,
1192 3259 1258 3318 quae
1275 3239 1374 3296 valent
1385 3256 1507 3315 quaeque
1531 3249 1592 3294 rata
1613 3237 1664 3296 ha·

47 3327 118 3384 liunt
129 3325 723 3409 diffidentium,cujusapudEmpedoclem
731 3333 838 3390 mentio
882 3326 999 3405 beatur,
1015 3328 1037 3388 i.
1053 3347 1080 3390 e.
1095 3347 1182 3399 vera,
1197 3332 1231 3385 τὰ
1247 3327 1349 3399 ἀληθῆ,
1365 3337 1396 3383 ιιι
1407 3345 1443 3382 ne
1465 3337 1662 3383 transversum

48 3433 107 3472 non
122 3415 175 3485 lit,
189 3427 291 3492 aperte
306 3413 447 3474 indicare.
465 3415 550 3485 Quod
565 3418 638 3494 quin
651 3431 726 3476 reete
739 3418 839 3476 fecerit
883 3418 999 3494 quidem
1016 3435 1140 3492 unguent
1159 3415 1293 3488 Clemens
1314 3412 1351 3471 ab
1369 3412 1552 3490 Empedoclis
1568 3425 1662 3468 mente

50 3521 106 3559 non
121 3501 242 3562 dubito.
256 3502 398 3578 Berglxius
421 3502 457 3560 de
474 3503 591 3582 Emped.
607 3524 731 3582 prooem.
750 3525 778 3583 p.
799 3509 837 3565 αδ
883 3505 1050 3564 discessisse
1064 3504 1207 3566 videatur.
1220 3502 1305 3571 Quod
1319 3513 1412 3560 autem
1431 3499 1531 3556 monui
1547 3496 1581 3556 τὰ
1595 3521 1664 3576 κρα-

50 3587 232 3646 Clernentem
261 3589 436 3666 pervertisse
459 3589 644 3668 Empedoclis
666 3591 836 3650 sententiam
882 3597 976 3650 τοῦντα
989 3591 1165 3670 respondere
1178 3591 1216 3650 iis
1230 3609 1294 3667 quae
1306 3587 1438 3665 sequenti
1460 3604 1546 3644 versu
1564 3583 1669 3643 πιστώ-

51 3697 192 3752 arguens,
214 3690 332 3754 poetam
353 3677 499 3737 existimat
522 3679 578 3736 hoc
601 3679 710 3751 dicere,
730 3699 838 3757 pravos
883 3703 954 3756 ματα
971 3679 1154 3758 appellantur
1177 3700 1184 3734 :
1207 3677 1237 3735 id
1262 3676 1349 3754 paulo
1374 3673 1535 3731 accuratius
1555 3689 1664 3749 expen-

52 3766 145 3823 solere
170 3765 344 3842 potentibus
368 3765 398 3830 id
421 3781 465 3826 est
486 3766 544 3826 diis
568 3768 719 3843 refragari.
736 3769 838 3830 Fateor
883 3768 1008 3827 dentium
1021 3779 1073 3826 est.
1086 3765 1226 3841 tergisus
1237 3775 1432 3822 censetvatem
1443 3758 1662 3834 Agrigentinum

53 3851 108 3919 τοὺς
122 3857 363 3932 κρατοῦνταςειοσ
384 3856 577 3936 imperantes,
595 3857 736 3930 victores,
752 3879 837 3938 supe·
882 3854 1043 3930 πιστώματα
1065 3871 1186 3911 vocasse
1209 3869 1314 3910 arcana
1338 3849 1390 3908 illa
1412 3866 1477 3925 quae
1501 3845 1583 3906 hlusa
1604 3847 1662 3926 ipsi

55 3940 156 4000 riores.
177 3941 216 3998 At
238 3941 414 4000 Clementem
434 3944 568 4020 vulgaria
585 3947 671 4020 graeci
693 3949 838 4008 sermonis
882 3935 1379 4017 benignavolutttaterecluserit,ita
1387 3948 1418 3993 ut
1426 3933 1488 4012 jam
1500 3953 1558 3992 non
1569 3953 1662 4007 suam,

54 4029 195 4117 vocabula
209 4030 288 4087 maie
302 4030 520 4108 interpretatum
545 4051 607 4090 esse
627 4035 680 4091 vix
696 4035 837 4096 credibile
882 4031 931 4089 sed
944 4029 1028 4108 quasi
1047 4028 1179 4087 divinam
1200 4027 1343 4106 quandam
1367 4021 1536 4106 sapientiam
1553 4023 1583 4081 in
1604 4043 1664 4082 me-

53 4131 102 4176 οτι,
113 4117 235 4177 Rectius
246 4118 415 4178 Kmtenius
428 4120 502 4178 hanc
508 4120 677 4198 juncturam
688 4124 835 4201 explicat:
884 4117 964 4175 dium
990 4115 1122 4194 prolerre
1146 4113 1289 4172 videatur.
1308 4111 1476 4170 llarstenius
1499 4105 1659 4186 πιστώματα

58 4229 69 4254 e
80 4209 173 4278 firmis
186 4214 326 4282 certisque
344 4216 514 4284 argumentis
531 4213 580 4267 vel
592 4209 692 4282 effatis
711 4233 767 4270 non
780 4233 839 4270 m.
881 4203 977 4276 effata
1007 4221 1069 4262 esse
1099 4201 1173 4262 Vull.
1194 4199 1300 4259 Neuter
1324 4198 1474 4274 (llllgenlls
1494 4197 1663 4274 interpretis

54 4297 126 4352 dere.
145 4311 160 4338 ¹·
183 4293 316 4352 Steinius
341 4294 381 4352 ita
405 4296 511 4373 accipit
530 4295 692 4374 κρατέουσιν,
707 4309 739 4354 ut
752 4296 838 4376 λόγοις
883 4291 997 4351 functus
1020 4289 1120 4348 ollicio
1133 4301 1189 4358 est,
1202 4300 1233 4345 ut
1252 4305 1305 4344 neo
1319 4285 1451 4344 Sturzius
1466 4285 1497 4342 in
1515 4303 1550 4341 eo
1564 4283 1662 4361 lapsus

58 4382 210 4458 intelligat,
229 4382 307 4458 leges
320 4401 385 4442 esse
397 4383 497 4442 dicens
508 4402 561 4461 per
573 4397 683 4443 natnrae
694 4386 838 4446 universi.
882 4379 960 4456 quod
981 4375 1085 4437 κέλεται
1105 4377 1146 4440 ita
1167 4375 1270 4446 vertit,
1292 4373 1375 4450 quasi
1398 4370 1514 4450 passive
1534 4389 1569 4426 eo
1591 4389 1662 4428 usus

57 4480 137 4526 tatem
160 4470 342 4546 pertinentes
361 4489 396 4528 ac
419 4471 619 4548 dominantes,
638 4473 733 4549 qualis
746 4487 791 4532 est
804 4495 837 4533 ea
882 4481 967 4544 poeta
975 4467 1023 4524 sit.
1036 4465 1086 4524 Est
1096 4483 1167 4522 vero
1181 4461 1306 4540 πίστωμα
1318 4460 1348 4519 id
1360 4480 1419 4537 quo
1434 4459 1476 4516 rei
1488 4456 1576 4514 alicui
1591 4457 1663 4517 fides

57 4573 116 4630 quae
129 4555 220 4613 modo
236 4557 461 4630 memorabatur,
478 4559 552 4616 nihil
567 4578 583 4616 e
598 4559 692 4617 nihilo
709 4560 772 4618 lieri
788 4575 838 4621 aut
882 4557 929 4627 lit,
945 4554 990 4613 vel
1007 4574 1065 4631 quo
1079 4571 1125 4610 res
1142 4551 1242 4628 aliqua
1266 4548 1463 4616 confirmatur,
1476 4545 1539 4604 sive
1556 4545 1663 4603 constr·

60 4641 89 4698 ad
106 4642 234 4701 nihilum
256 4643 369 4719 redigi,
383 4663 477 4722 neque
491 4659 586 4703 tamen
603 4646 665 4705 salii
679 4646 837 4708 arbitratur
882 4645 971 4701 matio
986 4655 1015 4700 et
1028 4639 1164 4720 probatio
1177 4657 1234 4718 qua
1245 4638 1287 4696 rei
1299 4637 1370 4696 fides
1381 4637 1422 4695 lit.
1434 4634 1482 4693 Sic
1494 4633 1663 4693 Aristoteles

59 4728 296 4807 interpretantes:
312 4755 325 4782 ι
339 4740 381 4788 eis
391 4740 437 4808 qai
447 4748 520 4792 recte
532 4749 645 4792 utonem
656 4743 837 4814 veritatisque
883 4731 966 4792 ithet.
983 4730 995 4788 l
1010 4727 1167 4806 πιστώματα
1183 4727 1210 4787 δέ
1230 4726 1303 4806 παρὰ
1315 4725 1475 4805 μαρτυρίων,
1491 4743 1555 4802 quae
1573 4722 1664 4782 verba

60 4823 88 4872 ui
97 4825 219 4886 vincunt,
237 4844 250 4871 ι
264 4819 370 4877 collato
384 4819 514 4880 Platonis
526 4823 592 4880 loco
605 4821 718 4882 Phaedr.
729 4843 760 4902 p.
777 4845 833 4898 σγα
881 4842 947 4880 cum
963 4819 1109 4898 Stephano
1125 4817 1213 4879 Thes.
1238 4817 1310 4892 ling.
1334 4815 1386 4873 Gr.
1401 4813 1575 4892 exponimus
1590 4819 1665 4868 testi·
1729 4857 1731 4862 ,

58 4903 112 4979 aqi,
120 4905 269 4982 πειθόμενος
277 4913 379 4986 κρατεῖ,
390 4907 410 4968 i.
423 4927 449 4966 e.
462 4910 513 4986 qui
525 4908 583 4968 sibi
593 4909 763 4988 persuaderi
776 4931 835 4970 non
881 4917 979 4968 moniis
988 4913 1063 4983 fider
1082 4911 1120 4982 fit
1133 4908 1195 4966 sive
1213 4909 1378 4964 testimoniis
1397 4924 1442 4960 res
1458 4900 1617 4979 probantur
1636 4911 1664 4955 et

58 4993 158 5068 patitur
174 5005 254 5052 recte
267 4995 355 5052 sentit
371 5013 405 5052 ao
419 4995 522 5056 vincit.
537 4996 645 5054 Verum
662 4997 746 5076 prior
760 4999 835 5057 ratio
879 5001 1088 5074 confirmantur.
1113 4994 1196 5074 hpud
1217 4993 1383 5071 AEschylum
1400 4990 1519 5050 Eumen.
1538 5007 1585 5046 vs.
1601 4986 1659 5042 205

60 5092 173 5154 prestat.
189 5079 292 5158 Neque
305 5084 385 5141 enim
410 5087 567 5163 perspicue
579 5085 748 5162 loqueretur
767 5085 835 5144 Em·
856 5083 968 5166 ,Ἥρας
996 5083 1095 5152 τελείας
1119 5083 1165 5142 καλ
1190 5081 1251 5149 Διθς
1275 5079 1434 5154 πιστώματα
1457 5090 1524 5138 sunt
1543 5079 1663 5134 Iunonis

59 5166 193 5242 pedocles,
216 5167 241 5226 si
263 5168 422 5247 κρατέουσιν
436 5191 492 5249 pro
508 5185 593 5232 rectae
611 5173 761 5233 sententiae
783 5193 832 5233 au·
855 5173 1015 5250 ipmnubae
1035 5187 1065 5230 et
1084 5175 1160 5231 lovis
1186 5173 1422 5248 confirmationes,
1457 5184 1516 5242 quo
1546 5162 1664 5220 nomine

150 5279 238 5317 renos.
258 5279 331 5316 arao
346 5281 363 5318 ι.
1176 5279 1179 5287 ’
1548 5265 1562 5307 ³
