3838 5926
703 360 753 420 oa
773 325 1019 428 cinnamon
1588 371 1643 422 na

71 485 248 545 Xenocratis
255 487 329 542 liber
337 486 485 562 singularis
499 487 600 542 citatur
612 481 673 559 (44)
689 481 756 562 Περ)
769 485 821 541 τῶν
866 485 974 540 rivulos
988 484 1142 540 consectati
1156 481 1305 538 videantur
1318 479 1397 559 (4ρ);
1413 479 1533 539 Proclus
1554 495 1647 542 tamen

30 571 207 648 Παρμενίδου
220 570 258 631 α’.
275 573 485 648 Theophrastus
498 590 615 647 quoque
631 582 660 626 et
680 571 823 628 Eudemus
868 575 968 646 quinto
982 584 1048 649 post
1062 573 1129 631 Chr.
1143 591 1171 628 m
1185 573 1286 627 saeculo
1300 573 1331 626 in
1348 571 1563 647 interpretando
1578 575 1645 628 Par·

29 661 166 718 Rhodius
180 663 301 717 multam
318 679 434 735 operam
448 663 479 716 in
492 659 693 736 cognoscenda
709 661 821 714 Parme·
866 661 979 716 menide
998 679 1113 716 carmen
1131 659 1190 731 ejus
1204 661 1326 734 inspexit
1339 661 1472 733 dictaque
1486 661 1595 734 aliquot
1607 660 1647 714 di·

28 749 108 804 nidis
123 750 243 806 ratione
259 751 385 823 posuisse
398 750 592 822 reperiuntur.
612 747 722 803 llorum
736 747 823 820 igitur
866 749 986 824 ligenter
998 751 1147 823 excerpsit.
1163 747 1219 804 Sed
1235 749 1380 822 praecipua
1393 764 1462 803 cura
1479 747 1647 820 'Simplicius

29 838 166 892 virorum
181 835 284 891 studiis
305 837 354 910 qui
368 836 445 891 haud
464 853 530 891 raro
553 833 727 889 Parmenidis
740 831 822 888 effata
868 837 924 906 (48)
938 839 967 892 in
979 836 1164 912 excerpendis
1176 836 1407 910 explicandisque
1423 837 1539 891 Eleatici
1551 832 1647 909 philo·

29 923 151 979 laudant
163 941 319 998 versusque
331 922 482 997 proferunt
497 923 603 978 sactum
619 932 661 977 est
678 931 821 996 utpostca
865 925 948 997 sophi
968 924 1093 980 versibus
1112 933 1237 978 versatus
1257 932 1315 996 est,
1339 924 1386 978 cui
1407 924 1455 976 uni
1476 923 1540 995 plus
1563 921 1650 978 debet

30 1027 151 1084 (pioque
166 1012 241 1066 tanti
253 1009 418 1084 philosophi
432 1009 507 1064 fama
518 1009 634 1082 vigeret.
647 1009 719 1064 Nam
732 1018 760 1062 et
774 1008 821 1064 ci-
866 1007 1047 1066 Parmenides
1068 1029 1154 1084 quam
1177 1010 1283 1064 caeteris
1304 1010 1444 1066 omnibus.
1464 1009 1535 1064 Sunt
1553 1020 1648 1064 autem

31 1117 96 1154 cero
113 1097 180 1174 (45)
197 1097 258 1168 ejus
270 1115 403 1152 versuum
425 1097 601 1152 mentionem
616 1095 699 1165 facit,
712 1095 821 1149 etPlu-
866 1099 997 1152 carminis
1016 1098 1141 1172 reliquia
1155 1097 1305 1170 primarius
1324 1097 1414 1151 sonsc
1428 1115 1486 1170 quo
1501 1094 1648 1152 Parmeni-

33 1185 169 1240 tarchum
190 1183 250 1258 (46)
269 1183 327 1255 ejus
340 1200 442 1258 poema
461 1181 582 1257 legendo
597 1182 761 1237 contrivisse
775 1197 822 1254 ap·
866 1183 908 1238 dis
922 1183 1102 1256 philosophia
1119 1184 1225 1238 hauriri
1238 1194 1267 1238 et
1284 1184 1430 1257 explanari
1447 1183 1558 1238 debeat.
1575 1181 1649 1251 Qua·

31 1281 121 1344 paret.
130 1271 216 1326 ldcrn
228 1269 382 1330 dicendum
395 1269 430 1325 de
440 1269 527 1328 Sexto
539 1265 820 1342 Empirioo,Galeno‚
865 1281 985 1344 propter
998 1269 1100 1326 omissa
1114 1270 1191 1324 omni
1204 1269 1241 1324 de
1254 1269 1314 1341 ejus
1328 1269 1444 1325 decretis
1458 1268 1648 1342 disputatione

31 1360 179 1414 Clemente
192 1357 399 1427 Alexandrino,
410 1357 498 1412 Coelio
512 1355 677 1425 Aureliano,
693 1356 743 1428 qui
756 1356 821 1410 satis
865 1357 984 1412 lectores
993 1357 1031 1411 ad
1043 1373 1076 1411 ea
1086 1373 1148 1428 quae
1161 1355 1198 1410 ad
1208 1357 1302 1429 ipsum
1312 1375 1425 1411 carmen
1436 1374 1452 1410 a
1464 1356 1547 1410 nohis
1556 1355 1647 1410 adno-

31 1447 140 1502 multos
152 1445 217 1518 ejus
227 1446 381 1502 versiculos
389 1444 553 1500 attulerunt.
567 1445 630 1500 Jam
639 1444 690 1498 etsi
702 1441 821 1498 inferior
865 1451 922 1498 tata
940 1453 1005 1498 aunt
1024 1442 1190 1518 relegamus.
1208 1439 1243 1498 ln
1260 1443 1433 1498 recensendo
1452 1442 1648 1514 vertendoque

31 1544 94 1590 atus
109 1536 295 1610 superiorum
312 1533 552 1608 philosophorum
566 1532 672 1604 scripta
685 1531 820 1606 neglexit,
865 1527 1036 1585 Parmenide
1050 1528 1126 1585 idem
1138 1530 1208 1585 mihi
1217 1532 1357 1604 proposui
1367 1529 1446 1603 quod
1459 1531 1489 1583 in
1501 1525 1648 1603 Xenopha-

31 1621 105 1676 adeo
121 1633 156 1676 nt
175 1622 316 1678 Platonici
331 1631 360 1678 et
374 1619 535 1676 Aristotelei
554 1619 683 1692 plerique
696 1618 726 1672 in
743 1617 820 1689 judi·
864 1619 907 1673 nis
918 1619 1056 1673 memoria
1069 1618 1243 1675 renovanda.
1262 1619 1324 1690 Qua
1338 1618 1373 1673 de
1395 1635 1426 1672 re
1445 1617 1554 1671 dictum
1567 1617 1649 1671 estin

31 1709 132 1766 randis
144 1709 208 1780 ejus
216 1709 327 1782 placitis
340 1727 399 1762 non
411 1709 505 1783 ipsum
516 1705 624 1762 sentem
637 1704 753 1774 adiisse,
770 1703 820 1759 sed
865 1704 1030 1778 prelatione
1044 1703 1082 1759 ad
1097 1704 1314 1777 Xenophanem.

60 1914 113 1975 (tt)
127 1916 149 1963 Δ
159 1914 269 1974 Diogene
281 1913 377 1962 Laertio
387 1914 430 1972 lv,
449 1916 484 1962 1³.
865 1909 1033 1974 Ἆριστοτιλοιις
1045 1913 1086 1959 xci
1100 1909 1133 1958 ὧν
1145 1909 1173 1960 ἄν
1181 1927 1215 1966 τις
1224 1911 1326 1966 πιθανῶς
1336 1909 1442 1958 ἐκθέσθαι
1451 1909 1494 1968 τὴν
1502 1907 1650 1972 Παρμενίδου

62 1986 118 2046 (45)
137 1985 225 2036 cicero
239 1983 313 2035 sud.
324 1986 414 2042 Quasi.
430 1985 473 2044 tv,
488 1989 525 2034 2³.
865 1981 934 2038 δόξαν
946 1981 1084 2045 βουλόμενος
1095 1980 1171 2039 εῑποι,
1182 1980 1262 2043 γράφει
1273 1983 1356 2028 ταῦτα.

60 2055 113 2114 (te)
130 2055 280 2104 Plutarchus
291 2053 435 2104 adncolot.
448 2067 472 2114 p.
490 2054 558 2101 llll.
898 2052 948 2115 (tt)
965 2051 1102 2112 simplicius
1122 2051 1196 2113 Phys.
1218 2051 1235 2100 t.
1255 2053 1279 2110 9,
1300 2061 1324 2108 a,
1337 2048 1368 2099 de
1382 2048 1524 2098 Parmenide
1537 2047 1648 2110 loqueos,

61 2123 115 2186 (tt)
131 2123 324 2186 Porphyriusde
342 2123 405 2172 ante.
416 2120 520 2183 nymph.
536 2131 558 2168 c.
576 2121 715 2180 tttangens
727 2119 823 2168 Parme·
866 2124 947 2172 Ταῦτα
961 2123 1011 2183 μέν,
1023 2121 1163 2184 loquitor&
1173 2121 1215 2178 τὴν
1225 2120 1312 2177 πολλὴν
1327 2119 1423 2180 ἄγνοιαν
1436 2123 1477 2167 νῦν
1487 2123 1534 2166 τῶν
1543 2119 1650 2174 παλαιῶν

30 2196 93 2244 nhil!
107 2207 149 2244 ts.
166 2199 193 2243 ll
212 2191 273 2254 (tid.
284 2191 378 2252 adnot.)
389 2191 442 2240 hm
451 2191 485 2240 til
498 2208 505 2239 ι
519 2192 573 2239 Τῶν
586 2188 628 2238 δύο
637 2189 717 2238 caltha
734 2187 824 2236 τούτων
866 2192 1056 2256 συγγραμμάτων
1066 2191 1174 2253 μηκύνιιν
1185 2189 1353 2252 ἀναγκάζομαι.
1364 2187 1424 2238 lbld.
1435 2189 1451 2237 l.
1464 2193 1504 2249 ³1,
1516 2201 1531 2237 a
1542 2203 1548 2236 :
1561 2189 1650 2243 ‘littae

31 2269 165 2331 μεμνῆσθαι
176 2267 219 2316 sal
230 2265 378 2329 nanuum
389 2265 413 2313 lv
427 2267 463 2326 τῷ
474 2266 566 2326 ριιοιιιῷ
583 2277 651 2325 φασι.
673 2260 743 2312 Unda
760 2261 825 2322 patet
867 2263 896 2310 ἂν
910 2262 941 2310 τὰ
955 2262 1007 2324 περὶ
1019 2266 1062 2310 τοῦ
1077 2261 1127 2316 ἐνὸς
1143 2260 1208 2316 ὄντος
1223 2259 1268 2317 (πη
1287 2263 1329 2308 τοῦ
1348 2258 1495 2321 Παρμενίδου
1506 2257 1589 2306 τοῖσδε
1602 2261 1650 2313 rol<

30 2335 258 2388 commentus
275 2347 421 2396 poemenen
439 2333 536 2383 vidisse.
553 2337 634 2392 Quare
650 2331 786 2394 Simplicius
797 2331 822 2380 in
866 2331 1019 2392 ὑπομνήμασι
1032 2329 1225 2394 παραγράψαιμι,
1236 2328 1275 2378 διά
1291 2345 1318 2378 τι
1334 2329 1376 2386 τὴν
1391 2328 1469 2377 πίστιν
1479 2331 1527 2375 τῶν
1540 2325 1581 2375 ὑπ’
1592 2326 1650 2387 ἐμοῦ

31 2409 104 2459 oret.
119 2407 194 2468 Phys.
204 2408 226 2465 1,
238 2404 255 2453 l.
268 2409 309 2462 25,
323 2415 348 2466 a,
360 2403 397 2452 elo
406 2402 436 2452 dc
449 2415 478 2453 eo
492 2401 577 2453 scribit
590 2416 597 2448 ι
610 2401 737 2465 Πορρύριος
751 2401 785 2449 δὲ.
798 2433 822 2448 ..
867 2401 998 2462 λεγομένων
1021 2400 1061 2448 ναὶ
1079 2400 1118 2448 διὰ
1134 2400 1176 2457 τὴν
1191 2397 1275 2448 σπάνιν
1288 2403 1329 2448 τοῦ
1350 2396 1517 2459 Παρμινιδιίον
1529 2395 1648 2458 σνγγράμ·

30 2477 60 2527 c'c
74 2476 119 2540 μὲν
134 2477 162 2526 ἐι
180 2478 230 2524 τῶν
247 2470 423 2535 Παρμενιδιίιον
434 2471 506 2534 ἐπῶν,
519 2475 550 2530 ὡς
561 2471 642 2535 οἶμαι,
653 2471 683 2521 τὰ
700 2471 725 2520 dl
737 2470 765 2521 la
775 2473 822 2520 τῶν
869 2485 951 2532 ματος.
