3840 5924
221 409 259 462 st
867 398 1178 462 COMMENTARIUS

220 533 308 591 etiam
322 531 443 611 exponit
464 527 569 610 σεμνή,
585 528 696 610 pricio,
711 529 857 603 εὐσταύής.
873 530 1002 609 Scaliger
1046 533 1073 605 1,
1095 549 1126 590 n.
1148 531 1206 590 268
1226 549 1257 609 p.
1272 532 1341 605 370,
1368 537 1416 608 49.
1433 523 1482 592 'Ac
1504 553 1558 612 pro
1572 531 1697 603 Εὐνεικσς
1709 536 1830 615 quidem

220 617 383 696 conjecerat
397 621 514 698 ἱεφῶαις.
883 683 890 696 ⁸
1047 631 1125 678 recte
1135 617 1299 698 suspicatur
1309 619 1478 680 Diodorllus
1487 622 1521 680 in
1530 621 1669 701 Stephani
1679 623 1834 684 Thesauro

258 707 362 777 Vani.
375 705 517 767 Halimeti
527 707 586 766 deae
594 725 701 766 nomen
710 706 1001 786 quodasuperlatiuo
1048 705 1201 782 legendum
1215 704 1419 779 estolidum,
1436 708 1486 766 aed
1503 721 1600 768 utrum
1625 711 1656 769 in
1680 711 1747 769 loco
1768 711 1832 771 He-

219 797 348 855 manavit
361 809 393 859 ut
404 817 447 854 vs.
462 799 499 855 25
513 797 648 876 Μεγιστώ.
665 797 709 855 De
721 817 846 876 quorum
861 798 1001 857 aliorum·
1047 793 1148 852 siodeo
1157 792 1322 852 Nereisista
1331 813 1367 853 ex
1377 795 1492 868 εὐνιικάι
1501 796 1645 874 appellata
1655 799 1694 856 sit
1706 799 1833 871 Εὐνείκη,

188 919 189 923 =
218 903 276 960 que
286 885 436 944 nominum
448 885 683 944 incendentium
694 885 809 960 origine
817 885 885 943 etvi
897 889 1001 962 parum
1047 881 1127 958 quod
1163 895 1285 960 propter
1321 882 1554 942 membranarum
1596 905 1770 945 consensum
1804 900 1836 946 et

219 986 350 1032 accurate
364 991 457 1050 nuper
468 973 606 1032 disseruit
619 973 690 1031 Chr.
706 975 743 1030 Α.
759 971 923 1032 Lobecltius
936 970 1001 1044 Ῥη-
1047 966 1143 1046 Etym.
1167 974 1208 1030 nt.
1233 990 1264 1049 p.
1291 969 1358 1047 933,
1387 971 1422 1028 31
1450 983 1479 1029 et
1497 991 1528 1049 p.
1545 975 1615 1045 276,
1634 993 1669 1030 ia
1694 993 1748 1039 nee
1773 995 1836 1033 non

219 1081 283 1134 ματ.
295 1081 326 1139 p.
342 1061 398 1132 317
414 1079 495 1138 seqq.
511 1062 597 1120 simul
612 1063 643 1119 in
658 1079 693 1120 eo
707 1061 819 1139 lapsus,
835 1061 913 1138 quod
934 1079 1000 1140 pag.
1047 1054 1373 1117 Pseudo-Herodianum
1399 1056 1583 1136 Epimerism.
1609 1079 1641 1138 p.
1657 1080 1725 1133 ιη,
1744 1083 1756 1118 ι
1775 1075 1835 1120 sta·

220 1149 278 1224 3¹9
290 1146 493 1225 Empedoclem
506 1149 547 1206 ait
560 1167 658 1208 rerum
675 1147 885 1224 gignendarum
901 1167 1001 1207 causas
1048 1146 1103 1204 tuit
1117 1145 1294 1224 Lennepius,
1310 1164 1347 1202 an
1362 1147 1462 1223 potius
1477 1145 1575 1219 Εὐνίκη
1589 1148 1686 1222 luerit,
1700 1162 1733 1208 ut
1744 1152 1836 1228 Apol·

218 1233 374 1293 milliarum
403 1235 553 1294 vocabulis
585 1235 756 1313 appellasse.
788 1235 887 1312 Neque
920 1235 999 1293 enini
1047 1232 1145 1292 lodori
1177 1255 1204 1305 t,
1231 1235 1249 1290 6
1273 1234 1444 1292 auctoritate
1473 1236 1599 1312 permoti
1626 1239 1837 1297 existimarunt

219 1339 320 1379 causas
345 1321 500 1396 genitrices
526 1321 574 1379 hic
597 1333 699 1379 tractat
721 1321 932 1399 philosophus,
951 1323 1001 1380 sed
1047 1319 1199 1392 Gravius,
1224 1321 1359 1398 'l'oupius
1374 1321 1508 1398 Append.
1534 1321 1643 1382 dnnot.
1660 1325 1690 1382 in
1705 1324 1835 1384 ΤΙιεσστ.

218 1421 251 1465 ut
267 1427 356 1486 supra
370 1409 515 1482 vidimus,
531 1410 599 1468 deas
615 1428 715 1468 recens
730 1423 863 1468 natorum
882 1410 1002 1468 comites
1048 1427 1114 1485 pag.
1128 1407 1392 1482 3·5,Valcltenarius
1404 1409 1440 1466 ad
1455 1409 1603 1468 'l'lieocrit
1613 1410 1676 1484 XX,
1691 1433 1701 1468 ι
1719 1427 1747 1470 et
1762 1413 1837 1472 Her·

218 1514 378 1573 eorumque
407 1498 474 1555 vitae
505 1497 710 1556 moderatrices
742 1495 906 1572 legentibus
936 1509 1002 1555 aute
1047 1491 1216 1555 mannusin
1237 1515 1361 1555 censura
1381 1496 1718 1574 HesiodiaGoettlingio
1739 1502 1836 1575 editi,

218 1584 319 1642 ocrtlos
333 1583 427 1662 ponit.
445 1583 483 1643 Ut
499 1583 596 1645 Καλλώ
616 1603 723 1662 nomen
747 1584 879 1643 mulieris
902 1585 999 1642 estin
1048 1583 1079 1642 in
1097 1583 1151 1642 hac
1170 1585 1406 1644 testimoniorum
1421 1585 1622 1662 similiumque
1639 1607 1744 1646 vocum
1761 1611 1838 1667 pait-

218 1669 337 1728 Antltol.
362 1671 452 1732 Palat.
474 1671 524 1743 tx,
540 1673 597 1728 605
622 1670 869 1749 pulchritudinem
890 1671 1002 1746 signifi·
1048 1669 1134 1728 citate
1157 1670 1313 1728 admodum
1339 1671 1481 1730 incertum
1506 1685 1559 1732 est.
1589 1672 1731 1742 Quamvis
1753 1677 1836 1734 enim
1908 1713 1911 1716 -

218 1777 304 1830 trans,
320 1759 359 1818 ita
374 1759 514 1818 Καλλιστώ
526 1779 666 1818 summam
681 1758 928 1837 pulchritudinem
942 1779 1000 1818 va-
1047 1755 1275 1816 Choeroboscum
1289 1757 1376 1816 etiam
1396 1759 1427 1815 in
1442 1758 1573 1817 Crameri
1597 1761 1703 1819 dnecd.
1719 1760 1747 1820 lt
1764 1782 1835 1841 pag.

218 1845 267 1902 let.
288 1845 393 1904 Eadem
406 1848 480 1905 ratio
498 1860 541 1905 est
560 1847 787 1926 appellationum
811 1844 932 1923 Μεγαλάι
951 1846 1001 1922 (cl.
1049 1863 1119 1917 272,
1137 1865 1171 1902 αι
1190 1855 1290 1905 testem
1315 1844 1474 1917 adhibeas,
1497 1859 1530 1904 ut
1549 1846 1732 1907 demonstres
1755 1853 1837 1928 apud

218 1931 358 1992 Thesaur.
373 1933 481 2012 Paris.)
496 1947 524 1992 et
543 1931 680 2011 Μεγιστώ.
694 1933 754 1991 Pro
775 1931 899 2012 Αἰσχφή,
920 1935 999 2009 quod
1048 1932 1259 2009 Apollodorum
1290 1933 1466 1992 exarandum
1490 1953 1554 1993 esse
1583 1936 1712 2010 Εὐνεάκη,
1736 1951 1838 1998 tannen

218 2021 388 2080 Karstenius
407 2034 437 2080 et
449 2023 589 2097 Bergkius
609 2021 820 2098 toleraverant,
838 2021 1000 2080 rescriben-
1049 2017 1163 2090 εὐνεύκης
1175 2020 1347 2094 adjectivum
1360 2021 1477 2079 citatum
1491 2022 1680 2082 aScholiasta
1696 2025 1732 2083 ad
1745 2024 1782 2085 ll.
1798 2051 1838 2104 ω,

217 2107 285 2165 dum
301 2107 408 2188 Αἴσχρη
425 2121 457 2167 ut
470 2109 546 2186 apud
561 2108 732 2169 Callimach.
747 2127 795 2187 ep.
815 2108 864 2180 433
883 2107 1000 2186 Asclep.
1049 2107 1086 2163 23
1099 2126 1136 2165 ex
1151 2106 1323 2166 Antimacho
1334 2109 1433 2165 tritum
1444 2107 1566 2167 verbum
1580 2125 1709 2184 nonest,
1724 2112 1840 2180 Εὔνικος

218 2216 267 2267 27,
283 2195 345 2256 Pal.
362 2197 390 2268 5,
416 2198 480 2256 ιύι.
501 2195 601 2257 Θόωσα
622 2215 711 2273 quam
736 2196 878 2254 Homerus
902 2195 999 2273 Poly-
1048 2207 1142 2252 autem
1164 2213 1271 2254 nomen
1295 2197 1527 2257 usitatissimum.
1550 2198 1776 2259 -Plutarchus
1797 2201 1839 2260 d'e

217 2283 314 2360 pliemi
328 2297 446 2342 matrem
461 2303 524 2342 esse
540 2285 624 2360 lingit
636 2284 691 2342 Od.
705 2283 732 2356 l,
749 2304 785 2358 72
799 2283 854 2341 hoe
870 2284 937 2342 loco
951 2285 1003 2342 Ce-
1048 2281 1105 2339 An.
1128 2295 1224 2359 tranq.
1248 2303 1279 2358 p.
1305 2291 1361 2354 474
1387 2283 1457 2363 (vol.
1477 2284 1530 2341 vtt
1544 2305 1573 2362 p.
1590 2287 1646 2355 851.
1662 2287 1706 2345 ed.
1721 2287 1838 2367 lieislc.)

219 2370 318 2429 leritas
331 2383 387 2442 est,
403 2373 449 2429 cui
475 2374 635 2450 opponitur
656 2371 770 2444 Δηναιή,
791 2375 932 2430 Tarditas.
957 2373 999 2432 Ita
1047 2368 1166 2427 exbibet
1186 2369 1370 2448 μελάγκαρπός
1388 2374 1413 2428 τ’
1430 2369 1569 2452 Ἀσάφεια,
1583 2373 1663 2450 quod
1684 2395 1741 2432 non
1758 2375 1839 2434 bene

218 2460 296 2515 enim
312 2459 493 2536 llentlejusl.
511 2481 537 2518 c.
559 2453 687 2518 correxit
709 2460 854 2535 vulgatum
877 2460 1000 2533 Δειναάη;
1047 2455 1175 2514 defendit
1197 2457 1339 2518 Sturzius.
1360 2457 1481 2516 Praestat
1503 2460 1650 2537 scriptura
1673 2479 1838 2521 memorata

220 2565 279 2622 quo
295 2549 326 2604 lit
339 2558 371 2605 ut
384 2547 483 2605 omnia
493 2560 570 2606 recte
587 2546 790 2624 respondeant.
812 2547 911 2623 Neque
929 2566 1002 2607 vero
1047 2541 1160 2601 'szeizae
1172 2543 1252 2604 Chil.
1267 2543 1323 2602 llll
1338 2565 1368 2606 v.
1387 2545 1456 2618 575,
1474 2545 1526 2604 ubi
1544 2547 1580 2605 de
1594 2547 1790 2625 Empedocles

218 2633 331 2692 Θάωσαν
346 2654 412 2693 cum
427 2634 580 2693 Karstenio
595 2635 626 2691 in
639 2634 751 2692 Comnt.
764 2653 794 2712 p.
814 2637 870 2710 169
880 2653 934 2712 pro
948 2634 973 2692 T
974 2655 1001 2692 e·

219 2724 352 2783 meritate
365 2724 460 2800 accipi
482 2723 629 2782 convenit.

259 2808 307 2868 Vs.
321 2811 368 2870 25.
382 2810 530 2874 &ruenda
544 2810 685 2870 Codicum
693 2812 839 2889 scriptura
850 2811 1002 2890 Νημερτής,
1047 2816 1097 2876 Est
1121 2831 1216 2877 autem
1237 2817 1398 2898 μελάγκσρσς
1421 2825 1507 2897 nigris
1534 2823 1676 2878 οσαΙσιαιιι
1696 2827 1831 2898 pupillis,

123 2889 126 2894 ¹
218 2897 301 2970 cujus
313 2897 442 2956 nominis
458 2897 608 2956 Nereidem
623 2900 786 2977 reperimus
799 2899 878 2976 apud
894 2905 1000 2961 Home·
1049 2927 1108 2983 quo
1120 2907 1195 2966 nihil
1209 2911 1308 2986 aptius
1321 2905 1493 2966 obscuritati
1505 2921 1533 2966 et
1543 2908 1771 2967 dissimulationi
1786 2931 1838 2968 co·

219 3003 284 3042 rum
301 2984 381 3044 lliad.
392 2984 542 3060 xvuqte
554 3008 561 3042 ι
573 2985 714 3062 Νημερτής
728 3009 755 3044 τε
764 2985 809 3044 καὶ
819 2986 943 3068 Ἀψευδὴς
956 2989 1002 3047 καὶ
1047 2994 1134 3068 gitari
1150 2995 1228 3054 licet.
1242 2994 1371 3072 Namque
1382 2992 1494 3073 ἀσάφεια
1506 2995 1555 3054 hic
1567 2995 1836 3056 dissimulationem

219 3071 422 3149 Καλλιάνασσα,
437 3085 466 3131 et
477 3073 636 3132 Hesiodum
646 3073 671 3130 T
673 3075 796 3150 beogon.
810 3095 838 3131 v.
853 3077 932 3136 262:
949 3077 1002 3150 Νη·
1047 3080 1136 3150 valet,
1157 3101 1222 3158 quae
1239 3095 1316 3140 recte
1327 3083 1488 3160 opponitur
1502 3083 1675 3142 sinceritati.
1699 3084 1756 3153 Qui
1776 3085 1838 3142 ob-

219 3155 316 3239 μερτής
331 3156 379 3230 d'ti
397 3160 495 3238 πατρὸς
511 3160 566 3238 ἔχει
586 3160 645 3219 νόον
661 3161 811 3221 ἀθανάτοιο.
830 3163 1000 3224 liatstenius
1047 3185 1132 3225 scure
1145 3169 1273 3248 (ἀσαφῶς)
1286 3170 1429 3246 loquitur,
1442 3183 1490 3228 aut
1503 3170 1641 3247 loquendi
1654 3171 1771 3229 inscitia
1782 3186 1838 3230 aut

218 3265 284 3302 cum
299 3245 446 3320 scaligero
458 3247 576 3324 scripsit
584 3246 722 3326 Νημάφιη,
738 3249 817 3325 quod
829 3251 927 3308 omnia
941 3251 1002 3309 liaec
1046 3256 1213 3322 consilioet
1233 3270 1294 3314 arte
1314 3257 1345 3315 id
1362 3257 1438 3315 lacit.
1459 3257 1569 3316 Horum
1588 3259 1710 3316 alterum
1729 3259 1835 3318 inlan-

218 3332 381 3391 damonum
392 3336 510 3392 nomina
523 3334 656 3392 seminini
668 3337 895 3411 generislaceret
904 3337 1002 3417 Empe·
1047 3353 1121 3415 tem,
1137 3342 1260 3401 alterum
1274 3363 1375 3403 eorum
1395 3365 1460 3422 quae
1474 3346 1562 3404 sentit
1581 3344 1833 3404 dissimulatorem

217 3417 324 3478 docies.
347 3423 383 3477 nt
402 3437 439 3478 ne
453 3421 568 3496 generis
597 3422 715 3499 quidem
730 3422 889 3482 discrimen
911 3425 1000 3484 ullam
1046 3448 1108 3487 esse
1120 3445 1250 3508 apparet.
1267 3431 1364 3500 Quare
1381 3432 1538 3490 scriberem
1553 3452 1619 3491 cum
1633 3434 1736 3492 Geelio
1751 3437 1837 3513 apud

217 3505 397 3584 aliamquam
406 3519 541 3567 accentus
551 3509 738 3569 mutationem
746 3505 1002 3590 flagitatNamque
1046 3515 1230 3577 Karstenium
1243 3516 1374 3578 Addend.
1387 3539 1418 3596 p.
1436 3518 1493 3594 519
1507 3519 1670 3599 μελάγκσφσς
1683 3520 1727 3591 ἠδ’
1742 3521 1836 3581 Ἀσά-

217 3591 372 3674 enpust<
384 3592 516 3654 Nereidis
530 3615 635 3656 nomen
648 3611 692 3656 est
704 3599 735 3656 in
749 3599 815 3657 loco
832 3601 998 3672 Homerico,
1045 3624 1120 3681 φεια,
1136 3605 1194 3662 nisi
1215 3605 1364 3681 Hatranga
1378 3605 1452 3668 llius.
1471 3605 1562 3664 lllien.
1586 3607 1662 3677 1848
1683 3627 1750 3690 pag.
1771 3611 1832 3667 115

217 3699 303 3756 quem
317 3682 477 3752 attulimus,
494 3683 778 3764 continuitatem,
794 3685 903 3743 Praetor
917 3687 1002 3745 Athe-
1046 3699 1198 3748 testaretur
1215 3691 1247 3748 in
1271 3689 1296 3746 T
1298 3704 1382 3749 zetzae
1394 3692 1460 3750 cod.
1482 3691 1544 3751 ilat.
1563 3693 1621 3768 legi
1637 3695 1831 3771 μελάγκουφας.

219 3766 334 3838 niensis,
349 3769 385 3827 de
396 3789 455 3844 quo
464 3771 533 3828 vide
547 3771 710 3831 Diodorum
725 3771 857 3830 Siculum
866 3769 933 3844 llll,
949 3774 998 3834 36.
1045 3773 1132 3836 Nullo
1160 3777 1247 3836 modo
1267 3791 1363 3836 autem
1388 3779 1549 3858 requiritur
1577 3779 1724 3840 Karstenii
1751 3782 1832 3842 illud

217 3855 999 3939 QuamobremNupepriridipsumestquodfficrequi·
1046 3862 1224 3944 μελάγκσφσός
1248 3866 1273 3923 τ’
1296 3863 1420 3946 Ἀσάφεια
1448 3865 1475 3946 (a
1498 3863 1595 3946 κάφση,
1620 3870 1715 3950 rippa,
1731 3875 1834 3950 caput)

217 3946 304 4016 ritur3
316 3943 457 4022 Νημίφιης
469 3959 562 4004 autem
573 3991 582 4019 ,
594 3949 619 4005 si
632 3948 663 4004 in
675 3966 729 4004 usu
743 3947 812 4018 suit,
827 3949 884 4005 viri
894 3967 999 4007 nomen
1046 3952 1123 4027 quod
1137 3974 1185 4010 ore
1196 3957 1327 4010 Fallacia
1331 3955 1419 4026 fusco
1433 3954 1648 4032 interpretatur.

219 4029 307 4088 luisse
329 4029 432 4108 liquet.
458 4034 543 4107 Quod
565 4053 637 4092 vero
657 4033 842 4093 doctissimus
865 4037 913 4093 vir
927 4035 1000 4095 illud
1086 4037 1150 4098 Vss.
1165 4041 1254 4098 aeas
1267 4054 1334 4099 sunt
1348 4041 1427 4118 apud
1438 4040 1598 4101 Cornutum
1612 4043 1648 4100 de
1662 4043 1724 4102 Nat.
1741 4043 1830 4106 deor.

217 4115 345 4196 Νημέφτη
365 4113 488 4175 aliorum
508 4117 735 4192 uocabulorum,
756 4121 837 4179 velut
860 4121 999 4200 Εὐτέρπη,
1045 4145 1111 4202 pag.
1133 4147 1171 4202 9⁰
1195 4127 1242 4185 ed.
1268 4128 1378 4185 Osann.
1403 4127 1437 4186 ln
1460 4129 1526 4190 cod.
1555 4129 1750 4190 Laurentiano
1772 4153 1832 4210 pro

218 4205 362 4281 Εὐκράτη,
382 4205 493 4277 Εὐνείκη
517 4207 651 4282 analogia
676 4209 792 4267 munire
814 4211 953 4282 tentavit,
970 4213 1000 4270 id
1045 4213 1166 4290 Φύιμάνη
1178 4233 1258 4272 mero
1267 4213 1383 4273 librarii
1395 4234 1497 4273 errore
1509 4217 1614 4290 legitur
1626 4217 1751 4296 φαμένης
1767 4235 1834 4275 ser-

217 4309 333 4368 vereor,
348 4311 385 4350 ne
401 4312 504 4369 parum
519 4295 700 4354 considerate
716 4295 832 4368 lecerit,
854 4297 999 4373 siquidem
1045 4306 1158 4364 vandus
1182 4319 1276 4364 autem
1300 4321 1435 4366 accentus
1458 4308 1489 4366 in
1513 4311 1674 4386 penultima
1693 4311 1833 4389 exemplo

217 4379 344 4456 primum
360 4380 525 4457 exemplum
546 4394 655 4440 certum
670 4396 730 4452 est,
744 4385 858 4462 reliqua
877 4386 997 4444 incerta.
1045 4395 1197 4452 nominum
1210 4393 1329 4468 Κτιμένη
1340 4395 1445 4473 Odyss.
1459 4394 1520 4474 XV,
1536 4397 1593 4454 363
1608 4411 1637 4456 et
1650 4397 1777 4474 Κλυμένη
1790 4398 1830 4456 ll.

217 4463 331 4522 Etenim
346 4487 401 4542 pro
414 4469 551 4546 Εὐκράτη,
561 4470 640 4548 quod
650 4472 997 4551 agnoscitdpollodorus,
1045 4477 1150 4550 XVlll,
1168 4488 1217 4556 47,
1228 4481 1296 4538 licet
1306 4482 1364 4539 alia
1379 4481 1480 4541 itidem
1496 4483 1688 4562 aparticipiis
1700 4484 1832 4562 passivis

218 4551 245 4625 l,
255 4555 285 4624 6,
297 4554 329 4612 in
339 4554 458 4614 Hesiodi
470 4557 619 4634 'l'lieogon
633 4579 676 4618 vs.
690 4559 745 4629 243
762 4562 869 4618 rectius
881 4562 1000 4637 ponitur
1043 4566 1089 4623 vel
1107 4567 1211 4626 mediis
1234 4569 1369 4642 formata,
1386 4582 1419 4628 ut
1441 4571 1611 4646 Σισζσμενάς,
1634 4571 1781 4649 Εἰδσμενή,
1797 4573 1832 4632 in

1087 2679 1157 2757 λέγει
1165 2678 1217 2760 γάρ
1230 2679 1279 2754 τὴν
1294 2679 1422 2762 ἀσάφειαν
1436 2681 1598 2763 μελάγκσφον
1610 2684 1748 2764 ὑπάρχειν.

48 4639 53 4648 “
98 4707 100 4712 ,
218 4659 285 4698 cum
300 4641 449 4718 lennepio
462 4657 491 4702 et
506 4647 572 4706 aliis
592 4647 743 4727 Εὐκράντη.
759 4647 803 4706 cf.
819 4649 947 4727 interpp.
963 4651 999 4708 ad
1044 4654 1147 4713 ultima
1162 4656 1274 4733 syllaba
1295 4671 1445 4719 acuantur.
1460 4657 1603 4718 Praeterea
1617 4659 1755 4719 fluctuant
1777 4682 1832 4719 co-

219 4726 241 4786 l.
257 4729 399 4805 c.‚alter0
410 4745 504 4790 autem
514 4736 647 4813 exemplo
658 4756 779 4814 prorsus
793 4736 997 4798 abstinendum
1045 4742 1123 4802 dices
1148 4745 1224 4804 inter
1247 4744 1355 4818 Καινά,
1378 4745 1465 4806 Καινά
1480 4759 1509 4806 et
1532 4747 1616 4821 Κινώ,
1640 4763 1726 4826 atque
1748 4748 1832 4809 inter

219 4828 291 4873 erat.
302 4817 447 4876 Nimirum
459 4842 468 4877 t
481 4833 510 4879 et
521 4843 543 4879 ει
554 4842 571 4879 a
582 4822 712 4882 librariis
725 4837 752 4882 et
762 4824 896 4902 lapicidis
908 4844 997 4901 quum
1044 4829 1178 4912 ἀστεμφής
1195 4845 1223 4890 et
1236 4833 1369 4914 ὐτεμφής.
1383 4833 1455 4892 Nam
1467 4836 1613 4914 pleraeque
1624 4835 1746 4895 Cornuti
1761 4837 1831 4895 edi-

218 4904 325 4979 saepius
348 4907 469 4964 confusa
493 4925 555 4966 esse
581 4922 706 4982 constet,
733 4913 861 4970 nominis
886 4913 997 4984 Εὔνεάκη
1044 4917 1138 4977 tiones
1150 4917 1671 5004 habentatstiitexaldcreptp‘q‚Galei
1690 4924 1754 4980 cod.
1771 4945 1830 4988 ins.

218 4989 296 5067 apud
308 4991 464 5051 Hesiodum
476 4993 625 5071 Tbeogon.
638 5016 680 5056 vs.
694 4999 751 5066 atti
765 4997 858 5079 (cujus
869 5001 935 5058 loco
947 5001 997 5059 alii
1044 5003 1125 5063 καινάν
1136 5006 1160 5064 τ’
1171 5007 1306 5086 ἀστεμφής
1318 5031 1356 5070 ιε.
1368 5007 1439 5068 Cod.
1451 5009 1543 5070 Paris.
1555 5009 1637 5069 καινώ
1648 5014 1672 5068 τ’
1684 5013 1831 5092 άστημφής

218 5077 318 5153 legunt
343 5079 453 5160 Εὐνίκη)
478 5084 618 5143 incertam
648 5086 744 5144 reddit
769 5088 913 5163 originem
936 5090 997 5148 viri
1044 5092 1152 5152 omisso
1171 5115 1209 5154 τι.
1230 5093 1308 5155 ΕΙοι.
1325 5096 1350 5152 t
1367 5117 1374 5154 ι
1389 5096 1472 5174 acino
1490 5099 1514 5156 τ’
1531 5097 1666 5180 ἀστεμφής
1685 5121 1724 5155 τε.
1746 5097 1829 5163 Flor.

218 5183 324 5226 nornen
340 5167 462 5238 Εὗνεικος
476 5170 508 5230 in
529 5172 617 5232 inser.
635 5174 693 5236 tu.
709 5175 785 5254 apud
801 5176 918 5236 Boeeth.
934 5177 995 5236 vol.
1044 5179 1067 5236 Β
1080 5201 1087 5237 :
1101 5179 1167 5241 κινώ
1177 5179 1200 5240 τ’
1213 5179 1337 5264 άιιάμφης
1347 5205 1386 5244 τε.
1399 5183 1469 5244 cod.
1479 5185 1550 5262 Heg.
1565 5185 1649 5245 καινά
1659 5185 1682 5246 τ’
1698 5187 1830 5267 άστυμφῆ
