3776 5926
284 369 340 421 186

340 486 451 565 προόδου
467 483 535 544 κατὰ
549 483 608 549 τοδε
624 479 759 564 χρησμούς
773 483 818 552 τῆς
833 479 950 552 Νυκτός,
966 477 1019 538 ἔστ’
1031 478 1061 537 διν

341 573 417 646 Ῥείη
432 576 488 633 κτλ.
503 571 671 650 συμπαράγει
686 571 713 628 δὲ
728 574 766 648 τῷ
784 569 827 630 Διί
839 567 886 640 τὴν
905 568 998 646 τριάδα
1011 571 1062 626 τῶν

342 659 444 738 Ὡρῶν.
463 662 634 735 Transposui
650 659 738 714 verba
752 677 816 714 cum
832 657 1063 727 Hermann031e·

342 754 464 828 gebatur
480 753 555 808 enim
571 745 641 806 τέκοι
654 747 761 822 παῖδα.)

343 891 398 954 Καὶ
412 891 470 950 τότε
487 890 518 962 δὴ
533 889 648 962 Ἑκάτην
665 885 728 960 Δηώ
741 887 815 946 τέκεν
831 886 1013 965 εὐπατέρειαν.

383 1017 488 1097 (Schol.
500 1019 598 1090 Apoll.
613 1013 668 1081 lll.
680 1014 735 1085 467
753 1011 907 1090 τΠερσηίδα
920 1009 968 1082 τλν
984 1007 1066 1070 Ἐκά-

343 1127 391 1174 την
405 1101 490 1178 λέγει·
506 1100 572 1165 τινὲς
588 1097 615 1158 δὲ
632 1097 713 1169 αὐτήν
728 1121 792 1177 ρασι
805 1099 866 1164 Διὸς
887 1088 952 1156 ε’ίναι
966 1096 1064 1155 παῖδα·

344 1191 370 1247 ἐν
386 1189 413 1247 δὲ
430 1189 482 1254 τοῖς
497 1188 630 1267 Ὀρρικοῖς
645 1185 784 1265 Δήμητρος
800 1189 1005 1264 γενεαλογεῖται·
1021 1183 1066 1243 καί

343 1277 402 1335 τότε
418 1276 449 1346 δι)
465 1275 533 1350 κτλ.)

345 1406 436 1486 ’λῦρδς
447 1404 536 1485 Ἔρως
548 1403 592 1462 καί
608 1407 694 1475 Μῆτις
708 1403 900 1470 ἀτάσθαλος...

344 1485 410 1554 οἶσιν
422 1492 593 1570 ἐπεμὸεῦαὼς
604 1491 712 1568 Δαίμων
728 1493 782 1552 οἷόν
792 1491 907 1571 ἐπίσχει.

386 1629 514 1700 (Proclus
530 1629 559 1682 in
574 1629 666 1685 Alcib.
676 1647 707 1701 p.
726 1627 782 1684 233
793 1627 840 1685 ed.
854 1627 971 1695 Πιτύας
984 1645 1016 1700 p.
1031 1625 1068 1702 88

345 1727 367 1772 t.
380 1715 423 1773 lli
440 1715 484 1770 ed.
497 1715 611 1774 Cousin.
628 1711 696 1773 :'Ev
712 1715 749 1791 τῷ
762 1713 804 1772 Διί
816 1715 830 1771 6
844 1710 932 1790 Ἔρως
946 1711 1009 1772 ἔστί·
1023 1711 1069 1770 καί

320 1808 321 1812 ’
345 1799 396 1881 γδιρ
410 1800 498 1872 Μῆτίς
511 1802 566 1859 έστι
581 1804 682 1881 πρῶτος
691 1798 804 1881 γενέτωρ
823 1799 869 1858 καί
883 1797 973 1876 Ἔρως
988 1799 1069 1856 πολυ·

345 1887 454 1968 τερπός,
465 1888 510 1947 καί
523 1891 537 1946 6
549 1887 636 1967 Ἔρως
648 1887 763 1966 πρόεισιν
777 1890 806 1946 ἐκ
817 1894 863 1946 τοῦ
876 1887 936 1954 Διὸς
950 1886 996 1946 καί
1010 1909 1070 1944 συν·

346 1979 446 2049 υπὲστη
461 1979 499 2056 τῷ
516 1976 559 2036 Διὶ
577 1977 687 2052 πρώτως
702 1979 728 2033 έν
748 1976 801 2042 τοῖς
818 1979 931 2046 νοητοῖς·
952 1979 1006 2034 ἐκεῖ
1019 1973 1071 2054 γάρ

347 2063 436 2130 &zebe
450 2066 463 2120 6
477 2065 612 2135 πανόπτης
623 2063 678 2122 ἐστί
692 2062 738 2122 καί
752 2063 831 2141 ίιῦρδς
844 2061 944 2143 Ἔρως,
960 2064 995 2129 ώς
1005 2061 1071 2140 ’ορ-

347 2153 408 2232 ρεύς
418 2173 504 2232 ρησιν.
520 2156 555 2209 Et
569 2169 665 2210 rursus
676 2172 707 2228 p.
721 2153 759 2209 66
773 2153 844 2212 ibid.
859 2165 880 2212 t.
895 2153 967 2226 Hp.
991 2151 1041 2207 181
1062 2169 1069 2209 :

348 2239 403 2300 Καί
420 2261 464 2314 μοι
486 2237 615 2298 δοκεῖκαὶ
635 2241 650 2295 6
668 2237 780 2296 Πλάτων
796 2236 877 2318 εὑρών
895 2240 957 2316 παρ’
979 2235 1073 2316 ’ορρεῖ

347 2325 391 2384 τόν
406 2324 484 2382 αὐτὸν
503 2331 593 2382 τοῦτον
608 2323 664 2382 θεὸν
685 2323 730 2382 καί
750 2323 860 2401 1Ἰἳρωτα
884 2324 929 2383 καί
953 2323 1071 2400 Δαίμονα

350 2410 433 2488 μέγαν
446 2410 669 2485 ἀποκαλούμενον,
679 2413 818 2488 ἀγαπῆσαι
832 2411 877 2470 καί
888 2411 963 2479 αὐτὸς
972 2411 1015 2468 ἐπί
1027 2415 1071 2468 τοῦ

349 2495 468 2576 Ἔρωτος
491 2496 535 2554 τὸν
556 2503 671 2556 τοιοῦτον
696 2497 792 2574 ὕμνον·
814 2499 874 2576 περί
896 2498 943 2575 μὲν
963 2497 1014 2579 γδρ
1028 2503 1073 2557 τοῦ

349 2588 443 2652 νοητοῦ
459 2587 506 2641 νοῦ
519 2582 603 2660 λέγων
630 2586 644 2641 6
661 2582 792 2660 όεολύγος·
817 2584 896 2661 ἁδρὸς
909 2583 998 2663 Ἔρως
1013 2585 1070 2643 κτλ.

352 2671 407 2730 Καί
418 2669 514 2728 πάλιν·
528 2660 592 2728 οἶσιν
604 2669 777 2745 έπεμῦεῦαώς
789 2673 848 2730 κτλ.
860 2673 895 2730 ln
910 2672 965 2728 sine
979 2691 1074 2728 versus

351 2760 465 2815 codices
478 2761 607 2834 praebent
618 2762 664 2816 rel
678 2759 790 2836 ἐπίσχνη
800 2760 845 2816 γε]
855 2761 896 2816 ἐπ’
908 2761 980 2838 ἴχνη,
997 2765 1074 2818 etsie

350 2857 492 2921 praeeunte
502 2847 628 2919 Bentlejo
641 2849 671 2901 in
680 2849 799 2922 epistola
811 2848 847 2902 ad
858 2849 978 2902 Milliurn
991 2851 1075 2905 Creu·

351 2951 431 2989 zerus
451 2933 601 3008 legendum
622 2952 680 2989 esse
703 2936 753 2993 ait.
778 2937 816 2990 At
836 2953 932 2990 sensus
955 2937 1077 3010 requirit

352 3015 464 3097 ἐπίσχει,
479 3020 559 3094 quod
570 3017 706 3096 reposui.)

659 3149 708 3209 Li.

355 3271 435 3350 Κριοῦ
450 3267 496 3328 καί
505 3269 600 3350 ταύρου
612 3267 645 3342 τ’,
655 3268 739 3366 Ιὄρεος,
754 3275 871 3350 χαροποῦ
883 3293 910 3328 τε
923 3270 1033 3338 λέοντος.
1141 3323 1144 3330 .

328 3411 331 3416 ·
392 3392 520 3470 (Procius
532 3396 561 3450 in
574 3395 701 3452 Tim.IIi
713 3414 743 3468 p.
761 3394 815 3450 130
830 3397 852 3450 B
869 3414 876 3450 ε
893 3393 1011 3452 Τοιαῦτα
1026 3393 1076 3474 γδιρ

352 3479 412 3559 περί
424 3481 504 3538 αὐτοῦ
517 3481 561 3538 καί
576 3479 687 3559 Ὀρρεύς
700 3481 859 3539 ἐνδείκνυται
874 3480 991 3560 περὶτοῦ
1006 3483 1075 3542 Φύ-

353 3588 429 3637 νητος
451 3567 585 3647 θεολογῶν.
608 3570 716 3646 Πρῶτος
736 3571 826 3646 γοῦνδ
850 3568 905 3634 θεὸς
921 3570 984 3647 παρ’
1005 3571 1076 3650 αὐτῷ

355 3650 427 3734 ζῴων
452 3653 567 3734 κεραλδις
584 3654 657 3736 φέρει
675 3654 774 3722 πολλδις
792 3653 837 3713 καί
867 3654 907 3722 ίας
931 3655 994 3735 sseg.
1011 3679 1076 3716 cum

354 3742 489 3801 Schneid.
508 3740 621 3822 κριίας),
641 3740 782 3821 ταυρείους,
803 3741 877 3822 όρίας
892 3746 958 3820 (leg.
973 3744 1075 3823 ὀρείας)

354 3831 474 3906 χαροποῦ
486 3851 515 3886 τε
527 3828 629 3896 λέοντος
644 3829 691 3888 καί
710 3828 827 3908 πρόεισιν
843 3829 895 3890 ἀπὸ
910 3836 956 3889 τοῦ
971 3855 1077 3912 πρωτο·

355 3917 443 3988 γενοῦς
460 3913 522 3986 ώοῦ,
537 3906 599 3995 ένῷ
616 3919 800 3991 σπερματικῶς
816 3915 845 3975 τὸ
870 3917 934 3997 ζῷόν
953 3921 1019 3978 ἐστι.
1043 3925 1078 3978 Et

354 4018 422 4076 pag.
446 4003 497 4057 131
521 4006 544 4058 E
561 4021 568 4061 ε
584 4001 631 4060 Διδ
645 4004 690 4061 καί
705 4003 863 4064 όλικώτατον
877 4008 941 4083 ζῷον
958 4009 972 4064 6
991 4007 1077 4066 θεολό·

355 4106 399 4160 γος
408 4087 571 4147 ἀναπλάττει
585 4095 658 4169 κριοῦ
681 4091 726 4150 καί
744 4092 841 4172 ταύρου
864 4091 908 4151 καί
921 4091 1022 4161 λέοντος
1033 4095 1078 4153 καί

356 4172 494 4250 δράκοντος
507 4176 580 4255 αὐτῷ’
591 4179 702 4256 περιθεὶς
716 4181 840 4258 κεφαλάς.
856 4183 898 4240 Ex
908 4183 951 4240 his
966 4184 1079 4240 duobus

355 4261 426 4316 locis
439 4262 497 4317 viri
511 4263 588 4319 docti
613 4281 836 4342 composuerunt
854 4289 966 4328 versum
991 4291 1076 4347 quem

356 4347 444 4407 edidi.
477 4349 560 4408 Conf.
587 4351 715 4409 Lobeck.
742 4357 883 4430 Aglaoph.
909 4377 939 4432 p.
969 4367 1026 4434 490
1050 4373 1078 4418 et

355 4435 519 4494 Schneider.
533 4437 571 4492 ad
588 4439 763 4515 Proclump.
778 4441 859 4518 307.)

997 347 1176 410 onrfflee.

1169 479 1259 548 Θῆλυς
1267 475 1311 537 καί
1322 474 1434 555 γενέτωρ
1447 473 1571 556 κρατερός
1584 475 1636 540 θεδς
1646 474 1796 555 Ἠρικεπαῖος.

1209 559 1337 634 )Ρι·οο1υε
1358 560 1387 614 in
1409 559 1482 614 Tim.
1497 575 1572 632 pag.
1597 557 1646 612 131
1668 559 1836 618 F2Kei6d·

1167 649 1204 723 τῷ
1216 643 1312 723 πρώτῳ
1323 645 1353 703 τὸ
1370 645 1433 714 θῆλυ
1445 643 1490 702 καί
1508 643 1538 702 τὸ
1556 642 1629 723 ἄρρεν
1650 645 1681 709 ώς
1694 643 1745 724 ζῴῳ
1756 647 1835 727 πρώτῳ·

1168 735 1246 803 θῆλυς
1256 733 1300 791 καὶ
1314 731 1425 812 γενέτωρ
1440 733 1499 792 κτλ.
1517 731 1595 811 φησίν
1613 734 1626 787 6
1641 733 1763 810 δεολύγος.)

1158 863 1206 942 Τῷ
1218 861 1334 942 λαμπρῷ
1350 859 1491 940 βλέπομεν,
1505 860 1558 928 τοῖς
1570 861 1593 919 δ’
1602 860 1712 937 όμμασιν
1724 861 1783 920 οὐδέν
1794 868 1838 942 δρο

1793 953 1838 1032 [νειΙ

1211 1079 1348 1156 (Stobaeus
1358 1082 1457 1154 Eclog.
1474 1081 1583 1153 Phys.l
1598 1100 1658 1156 cap.
1671 1081 1730 1152 415,
1746 1091 1783 1152 4),
1796 1104 1838 1158 pap,

1172 1177 1237 1335 [207J
1251 1169 1297 1226 ed.
1317 1167 1459 1226 Gaissord.
1484 1188 1491 1224 ε
1512 1164 1563 1224 ἔνθ’
1580 1165 1692 1246 Ὀρρεύς·
1706 1170 1739 1247 τῷ
1761 1173 1840 1250 λαμπρῷ

1171 1257 1227 1314 κτλ.

1473 1371 1536 1428 LII.

1173 1475 1314 1560 Χρυσείαις
1328 1481 1487 1563 πτερύγεσσι
1505 1482 1658 1562 φορεύμενος
1672 1480 1725 1540 ἔνθα
1734 1483 1770 1539 καί
1781 1481 1831 1539 ἔνίι.

1216 1599 1352 1672 (Hermias
1372 1599 1403 1653 in
1427 1596 1497 1654 Plat.
1510 1597 1618 1654 Phaedr.
1630 1617 1657 1670 p.
1674 1595 1720 1667 137
1733 1597 1769 1653 ed.
1782 1601 1840 1655 Asi:

1174 1682 1279 1762 Πρώτῳ
1289 1682 1339 1762 γάρ
1352 1683 1459 1764 τούτῳή
1471 1682 1590 1760 δεολογία
1597 1681 1698 1760 παρέχει
1705 1680 1841 1749 τούςίτπους...

1175 1773 1245 1850 αύτῷ
1274 1771 1301 1828 δέ
1321 1768 1405 1851 τούτῳ
1426 1769 1527 1848 πρώτῳ
1550 1773 1587 1848 τῷ
1602 1768 1706 1846 δεσπότῃ
1720 1768 1801 1840 ψάνητι
1813 1769 1841 1825 καί

1175 1857 1305 1936 πτέρυγας
1319 1857 1424 1916 δίδωσι·
1444 1857 1570 1936 χρυσέαις
1584 1856 1726 1934 πτερύγεσσι
1737 1857 1781 1912 κτλ.
1792 1859 1842 1912 Seri-

1176 1948 1303 2002 bendum
1315 1968 1333 2024 χ
1337 1945 1524 2026 ρυσείαιςουυι
1533 1947 1672 2002 Lobeckio
1682 1945 1842 2020 Aglaophamd

1174 2056 1206 2110 r·
1224 2035 1302 2112 491.)

1175 2155 1303 2234 Τέτρασιν
1319 2157 1493 2236 όρθαλμοῖσιν
1503 2154 1632 2237 ὁρώμενος
1645 2153 1699 2213 ἔνθα
1711 2152 1748 2211 καί
1761 2151 1814 2212 ieie.

1219 2284 1359 2358 (Hermiae
1372 2285 1402 2337 in
1418 2281 1494 2341 Plat.
1517 2283 1633 2340 Phaedr.
1652 2303 1680 2357 p.
1698 2281 1743 2338 135
1758 2283 1841 2340 edist.

1177 2369 1279 2448 Τετρδις
1295 2369 1321 2427 δὲ
1340 2373 1354 2427 6
1369 2367 1480 2444 Φάνης,
1501 2373 1537 2436 ὡς
1552 2367 1659 2450 Ὀρρεῦς
1675 2391 1740 2448 φησι·
1757 2367 1841 2445 τέτρασιν

1177 2458 1347 2536 όρθαλμοῖσιν
1359 2457 1418 2515 κτλ.
1431 2458 1515 2513 Idem
1526 2479 1554 2532 p.
1567 2477 1619 2533 109
1637 2459 1670 2514 de
1688 2457 1782 2529 Orpheo
1792 2474 1797 2512 :
1807 2456 1841 2512 Καὶ

1177 2551 1246 2620 τρεῖς
1259 2541 1286 2602 δὲ
1309 2543 1430 2619 λέγονται
1456 2541 1563 2625 Ὀρρεῖς
1586 2541 1654 2622 παρδ
1668 2542 1740 2622 Oppii
1751 2539 1840 2620 γενέσθαι

1179 2633 1260 2691 Idem
1273 2652 1305 2707 p.
1319 2631 1372 2688 105
1384 2629 1506 2689 εΟύδένα
1515 2629 1564 2708 γὰρ
1581 2631 1746 2705 ἐνθουσιασμόν
1758 2627 1802 2684 ἄνευ
1812 2633 1841 2696 τίς

1194 2721 1305 2796 ρωτικῆς
1313 2717 1447 2784 ἐπιπνοίας
1458 2717 1599 2794 συμῦοίνει
1612 2717 1726 2796 γίνεσθαι.
1739 2715 1842 2794 ‘Opimii

1179 2811 1195 2865 6
1209 2805 1321 2886 Ὀρφεύς
1340 2805 1429 2871 πάσας
1448 2803 1618 2876 ἐπιτηδεύσας
1638 2804 1754 2885 φαίνεται,
1770 2807 1795 2866 ὡς
1806 2803 1842 2856 δεο-

1182 2891 1261 2969 μένας
1274 2891 1319 2950 καί
1328 2891 1456 2971 ἐχομένας
1471 2893 1608 2962 ἀλλήλων·
1620 2887 1802 2950 τελεστικώτατον
1811 2886 1840 2961 μὲν

1182 2979 1234 3060 γὰρ
1247 2981 1323 3038 αὐτὸν
1346 2979 1390 3037 καί
1405 2980 1603 3056 μαντικώτατον
1624 2978 1799 3055 παρειλήραμιν,
1813 2973 1840 3028 καί

1182 3067 1232 3126 ύπδ
1242 3073 1287 3126 τοῦ
1301 3067 1460 3133 Ἀπόλλωνος
1469 3067 1627 3144 κινούμενον,
1636 3065 1670 3124 ἔτι
1676 3061 1840 3134 ποιητικώτατον,

1182 3153 1211 3213 δν
1225 3177 1256 3231 γε
1276 3153 1309 3212 δι’
1323 3154 1388 3213 αὐτό
1400 3161 1476 3214 τοῦτο
1490 3157 1536 3214 καὶ
1549 3155 1693 3224 Καλλιόπης
1704 3151 1749 3211 υίδν
1761 3149 1841 3226 γενέοίιν

1180 3242 1269 3324 φασίν.
1293 3242 1511 3322 Ἐρωτικώτατύς
1534 3241 1563 3301 τέ
1582 3246 1659 3319 ἐστιν,
1672 3243 1703 3304 ὥς
1715 3237 1775 3300 αύτδε
1787 3236 1840 3306 λὲἵω*

1180 3327 1299 3406 φαίνεται
1312 3329 1376 3407 πρὸς
1390 3330 1433 3388 τὸν
1453 3335 1588 3389 Μουσαῖον
1609 3329 1652 3388 καί
1667 3325 1782 3406 προτείνων
1795 3321 1841 3394 αύτῷ

1180 3414 1213 3473 τὰ
1226 3419 1282 3473 θεῖα
1295 3416 1553 3494 άγαθά,καὶτελειῶν
1565 3417 1649 3478 αὐτόν.
1658 3419 1727 3474 Idem
1735 3433 1785 3489 pag.
1795 3425 1841 3475 1⁰7²

1180 3505 1208 3562 ού
1220 3507 1322 3582 πρῶτος
1337 3505 1364 3563 δὲ
1379 3509 1392 3564 6
1407 3505 1523 3566 Πλάτων
1537 3506 1638 3585 ἡνίοχον
1651 3503 1692 3562 καί
1703 3499 1779 3562 ίτπονς
1789 3490 1842 3568 περί·

1181 3590 1271 3663 λαῦεν,
1287 3591 1355 3650 ἀλλὰ
1379 3595 1432 3671 πρὸ
1451 3595 1531 3652 αὐτοῦ
1549 3597 1571 3653 οἱ
1593 3593 1670 3651 ἔνθεοι
1688 3592 1732 3649 τῶν
1753 3585 1842 3653 mmxliv,

1179 3676 1311 3759 Ὅμηρος,
1326 3677 1451 3761 Ὀρρεῦς,
1468 3681 1654 3762 Παρμενίδης.)

1475 3812 1555 3874 LIII.

1183 3942 1356 4015 Μοντοσύνην
1374 3945 1402 4004 δέ
1416 3947 1440 4004 οἱ
1455 3947 1537 4006 δῶκεν
1551 3945 1620 4026 ἔχειν
1635 3941 1734 4024 άψευδεά
1746 3937 1816 4003 πάντη.
1847 3943 1848 3948 ’

1223 4067 1364 4146 (Hermiae
1377 4075 1406 4128 in
1429 4076 1500 4132 Plat.
1517 4075 1624 4132 Phaedr.
1637 4091 1665 4148 p.
1683 4075 1730 4136 140
1741 4065 1777 4122 ed.
1787 4063 1841 4121 Ast:

1185 4158 1199 4214 δ
1213 4155 1264 4235 γάρ
1286 4181 1326 4216 τοι
1340 4158 1453 4240 ,Ὀρφεύς
1466 4161 1527 4241 περί
1544 4165 1589 4232 τῆς
1604 4155 1696 4221 Νυκτός
1713 4153 1785 4227 λέγων,
1800 4149 1842 4240 δεῦρ

1182 4242 1233 4323 γὰρ
1247 4241 1319 4323 ἔχει,
1342 4247 1419 4326 φησί·
1443 4247 1489 4306 καί
1508 4245 1664 4324 μαντοσύνην
1679 4241 1703 4301 δέ
1716 4241 1736 4298 οί
1753 4236 1797 4294 κτλ.
1809 4233 1843 4288 lin

1185 4327 1251 4402 οίίτη
1266 4330 1370 4409 λέγεται
1383 4333 1519 4408 μαντεύειν
1532 4341 1583 4400 τοῖς
1595 4331 1676 4407 θεοῖς.)

1183 4452 1273 4522 Δεῖξαί
1284 4456 1308 4513 τ’
1322 4454 1349 4524 ἐξ
1364 4457 1469 4536 άρανῶν
1484 4455 1618 4537 φανερούς,
1628 4451 1653 4512 oi
1662 4455 1684 4510 τ’
1697 4450 1740 4509 εἰσί
1750 4439 1835 4522 prdidi*

309 4555 1546 4587 ...Ἄ-Ἣ
1773 4593 1774 4598 ρ
1820 4550 1843 4566 „

296 4599 332 4646 Αο
342 4597 395 4646 tum
402 4596 500 4646 demum
512 4599 585 4648 ceree
597 4600 704 4652 ΗοοοΙοο
716 4601 772 4651 boni
784 4603 858 4670 petris
865 4605 1000 4668 progeniem
1009 4609 1079 4659 enixe
1124 4615 1189 4664 Luce
1198 4614 1317 4680 videmus,
1328 4619 1405 4669 οουΙὶο
1420 4620 1478 4670 nihii
1490 4619 1616 4670 οοτοίιιιυε.

298 4771 436 4822 „puppes
448 4785 517 4826 amo,-
527 4779 551 4824 02
566 4776 635 4826 Μρῑς,
644 4777 766 4840 improbus
769 4813 817 4830 ,,,,,
910 4831 911 4834 ρ
1024 4695 1078 4752 [αι’
1125 4764 1209 4814 Αυτοίε
1224 4766 1325 4816 οΙίεΙιυο
1337 4770 1362 4818 et
1376 4768 1432 4819 illuc
1442 4697 1550 4820 voniiii.
1564 4797 1594 4810 .-

297 4873 354 4925 quee
369 4862 489 4925 ingressus
499 4876 598 4926 magnus
609 4869 673 4917 Deus
684 4880 778 4933 semper
791 4869 905 4934 reprimit.
1126 4841 1235 4896 omium
1245 4841 1322 4891 ⁰⁰¹¹¹i³
1332 4841 1379 4892 ¹¹⁰⁰
1388 4847 1462 4907 ‘¹6⁰⁰
1474 4845 1653 4969 “gamm

669 4956 708 5004 ιι.
1540 4954 1547 4967 ’

335 5034 340 5048 ·
368 5036 374 5048 ·
628 5039 633 5052 .
711 5041 725 5054 ..
1127 4987 1303 5040 Βίνίοείίοοιιτο
1316 4989 1385 5053 plene
1396 5005 1503 5042 veracem
1516 4989 1673 5052 possidendam
1684 4983 1702 5034 ei
1713 4978 1804 5031 dedi.-
1832 5037 1836 5046 .

299 5036 387 5086 Arietis
397 5037 422 5087 et
437 5037 512 5101 tauri,
529 5045 646 5102 serpentis
662 5042 906 5105 οωωιηυοίεοοίε.-

1127 5061 1340 5118 indemonstrata
1354 5079 1403 5130 quo
1411 5079 1497 5130 genere
1504 5067 1552 5118 neti
1567 5066 1614 5118 sint
1627 5061 1700 5126 quiex
1711 5049 1841 5105 οεουίῑίεί]ιω

299 5124 398 5175 Femina
407 5125 432 5176 et
443 5127 535 5188 genitor
547 5127 615 5178 fortis
630 5127 688 5180 deus
700 5129 844 5195 Erioepaeue.
853 5158 882 5170 -
1644 5133 1703 5201 [mu
1714 5122 1838 5180 munt,
