3696 5922
520 338 730 438 nantcuri
750 370 999 436 rnlaunurr.
1510 381 1566 435 ττι
1643 439 1645 444 ,

12 535 38 576 u.
55 506 92 569 θιδ
100 507 133 565 δεῖ
144 501 243 560 tractet
257 501 294 578 τῷ
306 495 386 578 ξυνῷ·
400 502 448 557 τοῦ
461 496 539 577 λόγου
554 497 583 556 δέ
596 497 681 564 ἐόντος
694 496 744 566 ζυ-

67 599 90 653 σῖ
103 590 196 660 ζώουσιν
209 588 230 644 οἱ
242 584 333 644 πολλοὶ
345 589 380 651 ὡς
392 584 458 645 ἰδίαν
469 584 572 664 ἔχοντες
586 583 721 663 φρόνησιν.

86 681 193 758 (Sextus
207 673 371 752 Empiricns
393 672 460 733 adv.
483 672 571 731 llath.
588 672 652 744 Vll,
678 675 744 732 133.

53 773 192 844 Sequuntur
204 761 279 838 apud
289 780 354 818 eum
366 760 427 818 haec
442 782 449 817 :
462 758 496 820 ‘ll
506 761 529 818 δ’
541 758 611 818 ἐστὶν
621 762 668 818 οὐκ
681 761 746 818 ἄλλο

53 879 73 913 τι
87 851 101 923 ἢ
113 849 223 928 ἐξήγησις
238 852 285 906 τοῦ
299 847 398 926 τρόπου
409 851 456 918 τῆς
472 852 517 907 τοῦ
534 845 629 913 παντὸς
644 845 745 917 διοική-

52 963 112 1006 σεως.
122 936 164 997 uti
176 934 263 994 καθότι
277 933 308 992 δν
320 935 399 992 αὐτοῦ
413 937 460 1005 τῆς
471 933 576 1011 μνήμης
584 932 745 1003 κοινωνήσω-

52 1049 89 1102 μεν
102 1021 262 1099 έληθεώομεν,
281 1019 299 1079 θ
316 1019 343 1080 δέ
364 1019 396 1078 ἂν
416 1021 560 1097 ἰδιέσωμεν
580 1021 743 1100 ψευδόμεθα,

51 1133 103 1190 que
113 1110 269 1187 interpretis
281 1109 379 1186 potius
392 1128 480 1186 quam
495 1109 589 1186 ipsius
606 1107 743 1166 Heracliti

51 1218 101 1259 asse
111 1197 191 1256 dicas.
208 1195 264 1254 Sed
278 1196 360 1255 illius
374 1195 448 1264 ζωοῦ
463 1196 542 1273 λόγου
558 1198 597 1254 ita
612 1197 745 1254 meminit

52 1286 187 1344 llernclitus
194 1283 270 1360 apud
284 1283 503 1356 κιόνεσσιν,
516 1286 566 1356 46,
580 1298 613 1343 ut
626 1282 744 1363 εγνώμγ

51 1375 151 1452 [fragm
172 1371 226 1446 55)
243 1391 302 1430 non
319 1370 487 1447 distinguat.
504 1374 655 1450 apponam
669 1370 745 1430 inte-

49 1481 116 1536 grum
135 1460 239 1534 locum,
252 1457 336 1536 cujus
350 1471 453 1516 tumen
471 1477 575 1534 magna
592 1475 660 1534 pars
679 1476 743 1514 cum

50 1549 103 1606 aliis
120 1547 281 1622 fragmentis
305 1545 509 1623 conjungenda
530 1558 573 1604 est
600 1563 608 1604 t
631 1542 683 1602 Ἀεὶ
701 1551 745 1603 ru]

48 1631 219 1714 Ἡρακλειτείου
233 1636 381 1710 μεμνῆσθαι
392 1632 432 1691 ότι
443 1636 490 1711 γῆς
499 1631 654 1698 θένατοςδ
622 1628 654 1688 θδ
655 1652 691 1710 ωρ
701 1653 745 1707 γε·

47 1723 134 1796 νέσθτι,
148 1719 190 1778 καί
214 1719 308 1788 ὕδατος
333 1720 441 1784 θόνατος
460 1718 525 1798 ἀέρα
546 1716 681 1796 γενέσθαι,
698 1717 744 1775 καί

48 1809 107 1889 ἀέρος
120 1813 178 1890 πῦρ,
192 1807 240 1866 καὶ
261 1805 386 1883 ἔμπαλιν.
410 1810 568 1882 Μεμνῆσθαι
592 1803 620 1863 θλ
636 1801 682 1862 καλ
700 1808 745 1862 του

48 1895 258 1971 ἐπιλανθανομένου
282 1887 406 1974 ᾗὴθδος
427 1893 499 1970 ἄγει·
492 1892 560 1951 ’καλ
578 1891 618 1951 θτι
623 1883 744 1998 ,ᾡημό

47 1986 127 2041 λιστα
152 1985 312 2054 διηνεκῶς
336 1984 498 2059 ὁμιλοῦσι
517 1980 615 2061 λόγῳ,
641 1983 684 2060 τῷ
706 1978 745 2038 τό

46 2071 94 2128 tte
115 2071 306 2128 διοικουντι
322 2068 433 2148 τούτῳ
453 2065 685 2148 διαφέρονται·
701 2068 746 2125 και

47 2147 76 2221 εἷς
87 2155 140 2214 καθ’
154 2155 253 2234 ἡμέραν
269 2159 406 2268 ἐγκυροῦρι
419 2160 503 2214 ταῦτα
518 2159 603 2225 αὐτοῖς
614 2153 673 2224 ξένα
687 2153 747 2233 pel·

48 2265 118 2299 νεται·
137 2243 180 2302 καλ
200 2241 241 2303 ότι
267 2244 297 2302 οιῖ
317 2241 389 2302 δεῖ
369 2265 459 2322 ωσπερ
475 2242 646 2310 καθεύδοντας
664 2245 745 2300 ποιεῖν

48 2330 85 2386 καί
105 2330 195 2406 λέγειν
222 2330 269 2389 καλ
291 2329 372 2388 ότι’
347 2354 376 2390 ου
390 2330 463 2389 δεῖ*
448 2353 484 2398 ως
509 2329 608 2396 παῖδας
625 2327 744 2401 τοκέων,

45 2415 102 2474 τοῦτ’
115 2414 166 2475 ἔστι
175 2415 243 2476 κατδι
257 2417 334 2498 ψιλὸν
349 2415 440 2476 καθότι
455 2414 685 2496 παρειλήφαμεν.)

12 2517 31 2558 ε.
47 2503 143 2579 Ψυχῇσι
157 2501 264 2570 θένατος
276 2501 346 2582 trop
357 2503 495 2582 γενέσθαι,
510 2501 585 2562 θδατι
598 2504 625 2562 δέ
639 2504 748 2571 θένατος

46 2591 85 2665 γῆν
95 2589 216 2666 γενέσθαι·
232 2591 264 2650 ἐκ
275 2590 361 2669 γῆςδέ
371 2590 441 2672 θδωρ
454 2590 568 2670 γίνεται,
578 2589 605 2659 ἐξ
618 2589 710 2659 δατος
719 2590 747 2650 ll

46 2674 114 2752 lnl

77 2763 210 2839 (Clemens
235 2767 347 2824 Strom.
374 2766 424 2842 vl,
453 2787 500 2824 a:
522 2763 691 2844 Ηρώιλιιτος
717 2770 747 2827 ἐκ

44 2849 127 2909 τούτων
139 2853 326 2930 συνιστάμενος
339 2875 397 2919 τους
411 2811 548 2930 λόγουςώδ
535 2850 562 2910 δέ
576 2873 632 2918 πως
640 2851 747 2932 γραφει

43 2940 127 3018 ψυχῇσι
147 2941 204 2999 κτλ.
224 2942 270 2999 Cf
299 2941 438 2999 Philode
466 2939 567 3000 mund.
592 2941 700 2998 incorr
717 2961 746 3018 p.

43 3026 112 3165 0958:
125 3017 161 3087 Ei
180 3027 226 3086 καλ
251 3030 267 3086 δ
282 3027 455 3106 Ιῖροίκλειτος
470 3029 496 3084 ἐν
511 3015 548 3092 οἷς
563 3047 628 3104 φησι
646 3027 747 3105 ψυχῇσι

43 3109 135 3178 θόνατος
151 3113 347 3192 γῆνγινίσθαι,
365 3113 451 3191 Apud
465 3113 624 3172 Proclutn
615 3133 646 3170 tn
667 3113 745 3172 Tint.

43 3217 66 3274 p.
43 3200 111 3274 936
125 3203 169 3278 (p.
183 3204 219 3260 83
234 3201 284 3260 etl.
302 3199 507 3279 Schneider.)·
499 3246 507 3260 .
522 3222 567 3258 και
557 3198 660 3267 ἄλλος
674 3193 747 3268 οὗτος

44 3287 121 3364 ψυχῶν
131 3293 180 3346 τῶν
190 3292 290 3369 νοερῶν
305 3289 416 3355 θοίνατας
432 3289 527 3366 θγρῇσι
540 3286 677 3364 γενέσθαι,
694 3309 746 3366 ρη-

42 3373 76 3429 τῖν
88 3374 271 3454 Ἡράκλειτος,
288 3377 427 3436 Heracliti
449 3377 610 3435 orationem
631 3377 748 3436 insertis

42 3461 125 3522 verbis
133 3467 181 3523 τῶν
195 3468 295 3542 νοερῶν
304 3478 332 3523 et
346 3485 400 3543 pro
412 3466 531 3524 nomine
542 3462 610 3543 δδωρ
620 3464 748 3543 epitheto

43 3550 122 3626 θνρῇτι
133 3555 226 3629 posito
237 3553 444 3630 interpolatam
456 3553 633 3613 invenimus.
645 3552 748 3612 Verbis

44 3633 197 3698 lleracliteis
213 3639 304 3698 Philo
318 3638 470 3717 subjungit
485 3662 492 3697 ε
510 3639 615 3719 Ψυχὴν
630 3639 681 3718 γδρ
695 3639 747 3698 οἰό-

42 3741 105 3794 μενος
120 3715 183 3783 εἶναι
199 3725 230 3784 τό
251 3729 373 3802 πνεῦμα,
387 3725 435 3795 τὴν
461 3724 508 3802 μέν
534 3726 608 3803 ιἰέρος
625 3725 747 3797 τελευτὴν

42 3807 126 3883 γένεσιν
146 3811 256 3889 ὕδατος,
275 3814 364 3884 τὴνδ’
381 3811 473 3877 θδατος
486 3815 534 3891 γῆς
555 3815 635 3874 πόλιν
649 3814 748 3891 γένεσιν

43 3895 180 3974 αἰνίττεται,
194 3901 276 3978 qnod
289 3899 522 3979 improbandum.
533 3901 605 3959 Nem
617 3901 690 3959 illud
700 3923 748 3960 πε-

43 3983 116 4060 ριέχον
132 3989 207 4046 unde
218 3989 405 4066 prudentiam
420 4001 449 4046 et
461 3989 681 4064 intelligentiam
695 3989 748 4047 du·

42 4068 273 4133 rimnslleraclito
280 4074 381 4150 judice
392 4087 437 4132 est
447 4077 570 4153 ρρενῆρες
580 4087 609 4133 et
618 4075 746 4150 igneum.

40 4153 129 4216 Sextus
145 4159 311 4239 Empirious
322 4160 387 4218 adv.
400 4159 490 4221 Math.
502 4159 566 4232 Vll,
585 4164 640 4220 126
658 4183 663 4218 :
679 4164 748 4221 Τοῦ·

42 4262 78 4298 τον
94 4242 122 4316 δὴ
140 4243 181 4305 τδν
193 4251 262 4305 θεῖον
276 4246 353 4324 λόγον
364 4247 424 4304 καθ’
444 4246 616 4325 Ἡράκλειτον
637 4249 673 4306 δι’
686 4251 747 4306 εῖνα-

41 4333 107 4400 πνοῆς
119 4333 266 4400 σπάσαντες
280 4333 363 4412 νοεροί
375 4335 508 4412 γινόμεθα.
527 4334 699 4395 Plutarchus
713 4336 750 4394 de
773 4395 775 4398 .

43 4412 74 4472 ls.
91 4419 200 4481 etOsir.
214 4441 278 4499 cap.
300 4442 349 4494 77,
365 4423 426 4480 vol.
439 4421 480 4482 IX
502 4443 531 4500 p.
546 4425 603 4481 noll
620 4445 627 4480 ι
643 4425 701 4484 Οὔκ
722 4426 748 4481 ἐν

40 4508 127 4580 pretate
139 4506 199 4589 γάρ,
223 4510 319 4569 οὐδ’ἐν
332 4509 488 4588 σχήμασιν,
508 4511 561 4568 οὐδ’
577 4511 603 4568 ἐν
618 4509 748 4582 λειότησιν

850 495 978 575 ἐγγίνεται
992 497 1022 556 τό
1036 497 1117 568 θεῖον,
1137 496 1197 568 etl<
1217 495 1375 577 θτιμοσέραν
1397 494 1451 577 ἐχει
1469 501 1570 576 νεκρῶν

850 591 957 662 μοῖραν,
972 583 1022 642 θαα
1035 583 1071 660 μὴ
1091 585 1222 663 μετέσχε,
1240 584 1307 660 μηδὲ
1326 587 1445 665 μετέχειν
1460 590 1507 644 τοῦ
1522 589 1569 665 ζῇν

848 671 972 751 πέφυκεν.
988 671 1022 733 Ἡ
1039 671 1066 730 δέ
1082 675 1153 744 ζῶσα
1173 678 1218 732 καί
1234 674 1367 752 βλέπουσα
1381 675 1427 732 καῖ
1445 672 1570 744 κινήσεως

850 759 935 838 ἀρχὴν
946 757 974 828 ἐξ
987 763 1067 830 αὐτῆς
1077 759 1174 838 ἔχουσα
1189 761 1234 818 καί
1244 763 1339 839 γνῶσιν
1351 760 1453 820 οἰκείων
1466 760 1511 820 καλ
1524 763 1571 820 cilt-

850 848 959 927 λοτρίων
982 847 1057 928 φύσις
1080 848 1166 912 ἄλλως
1190 871 1218 906 τε
1247 846 1325 926 (leg.
1350 846 1433 926 ὅλως)
1456 846 1570 907 ἔσπακεν

849 935 980 1017 ἀπορροὴν
992 937 1038 997 καὶ
1053 943 1147 1016 μοῖραν
1159 939 1188 995 ἐκ
1201 941 1245 994 τοῦ
1259 941 1425 1015 φρονοῦντος,
1440 934 1511 1005 θπως
1521 960 1570 996 κυ-

848 1021 972 1101 όερνᾶται
987 1023 1016 1082 τδ
1031 1023 1138 1102 σύμπαν
1152 1025 1212 1081 καθ’
1225 1022 1429 1102 Ἡράκλειτον.)

817 1152 825 1168 .
850 1107 882 1167 Ὁ
897 1109 924 1168 δὲ
943 1109 1116 1189 Ἡράκλειτός
1139 1132 1234 1188 φησιν,
1254 1108 1294 1167 ότι
1307 1109 1353 1167 καλ
1373 1109 1403 1168 τό
1421 1113 1467 1188 ζῇν
1482 1110 1527 1168 καί
1541 1109 1571 1168 τδ
1695 1077 1702 1092 Ι

848 1195 988 1255 ἀποθανεῖν
1007 1199 1051 1256 καὶ
1076 1199 1102 1256 ἐν
1129 1201 1168 1276 τῷ
1190 1199 1236 1274 ζῇν
1252 1200 1322 1271 ἡμᾶς
1342 1198 1398 1254 ἐστι
1418 1197 1463 1255 καί
1484 1197 1511 1254 ἐν
1533 1199 1571 1276 τῷ

847 1281 976 1344 τεθνάναι.

822 1443 824 1448 ,
845 1413 848 1419 -
888 1363 1008 1450 (Sextus
1018 1371 1181 1450 Empiricus
1190 1371 1293 1448 Pyrrh.
1303 1369 1359 1442 ΙΙΙ,
1373 1373 1440 1441 οθο,
1451 1371 1502 1448 qui
1517 1371 1572 1430 lle·

851 1461 946 1518 racliti
966 1459 1057 1518 rerba
1069 1459 1218 1536 paululum
1230 1459 1407 1518 immutavit.
1425 1458 1479 1516 llic
1494 1458 1572 1516 enim

848 1549 912 1605 sine
926 1544 1018 1604 dubio
1034 1544 1123 1621 ζώειν,
1136 1542 1291 1602 ἀποθανέειν
1304 1557 1333 1602 et
1345 1543 1429 1620 ἡμέας
1437 1544 1570 1622 ecripsit.

848 1634 891 1692 Cf.
905 1633 991 1692 Philo
1001 1633 1093 1708 Alleg.
1105 1632 1160 1706 leg.
1177 1653 1188 1689 t
1205 1631 1254 1691 lin.
1270 1632 1396 1709 εμονονοθ
1406 1632 1451 1690 καὶ
1462 1631 1573 1710 θἹῖρέ-

847 1724 963 1788 κλειτος,
979 1720 1047 1779 κατὰ
1068 1724 1145 1778 τοῦτο
1170 1719 1304 1788 Μωϋσέως
1331 1720 1509 1792 ἀκολουθήσας
1530 1725 1569 1799 τῷ

849 1806 961 1886 δόγματί
972 1824 1044 1887 φησι·
1058 1808 1151 1881 Ζῶμεν
1164 1805 1208 1864 τὸν
1224 1805 1327 1864 ἐκείνων
1342 1809 1468 1880 θάνατον,
1479 1812 1572 1880 τεθνή-

849 1916 933 1969 καμεν
947 1892 976 1951 δθ
992 1891 1035 1951 τὸν
1050 1891 1155 1950 ἐκείνων
1166 1889 1235 1970 βίον·
1245 1895 1281 1958 ώς
1294 1897 1338 1950 νῦν
1348 1891 1396 1969 μὲν
1404 1891 1446 1952 ὅτε
1459 1895 1572 1970 ἐνζῶμεν
1643 1894 1647 1900 ’

847 1981 997 2053 τεθνηκυίας
1010 1983 1057 2051 τῆς
1077 1983 1162 2060 ψυχῆς
1186 1979 1232 2038 καί
1255 1983 1290 2046 ῶς
1313 1979 1345 2038 θν
1362 1985 1388 2040 ἐν
1413 1980 1513 2057 σήματι
1535 1985 1573 2062 τῷ

849 2066 952 2145 σώματι
973 2065 1223 2144 ἐντετυμόευμένης.
1245 2067 1394 2126 Hierocles
1422 2069 1453 2126 itt
1481 2088 1571 2128 carm.

849 2173 914 2212 aur.
927 2175 957 2233 p.
973 2163 1028 2222 142
1048 2153 1116 2212 τΔιδ
1128 2153 1173 2212 καὶ
1185 2155 1385 2235 ἐπαμφοτερίζει
1401 2161 1458 2220 ταῖς
1473 2155 1573 2234 σχέσε-

850 2264 907 2320 σιν,
923 2243 966 2302 tet
988 2241 1035 2318 μὲν
1055 2244 1109 2300 ἐκεῖ
1123 2243 1194 2308 ζῶσα
1207 2241 1255 2311 τὴν
1278 2238 1370 2318 νοερδιν
1388 2239 1513 2315 εὖζωίαν,
1528 2241 1571 2302 orl

852 2329 880 2388 δέ
890 2331 1000 2390 ἐνταῦθα
1010 2328 1059 2402 τὴν
1074 2327 1228 2398 αἰσθητικὴν
1241 2329 1386 2404 epotetur
1396 2329 1573 2407 προσλαμόοί-

850 2437 942 2476 νουσα.
959 2413 1054 2476 Ἐνθιν
1067 2414 1113 2473 καὶ
1130 2413 1237 2492 λέγεται
1259 2417 1339 2492 ὀρθῶς
1353 2415 1403 2474 ὑπὸ
1428 2415 1573 2496 Ἡρακλεῖ·

849 2525 915 2576 του,
933 2502 974 2562 θτι
986 2504 1072 2579 ζῶμεν
1081 2501 1124 2560 τόν
1136 2500 1242 2560 ἐκείνων
1258 2502 1384 2577 θοίνατον,
1408 2504 1572 2579 τεθνήκαμεν

850 2588 877 2646 tt
893 2588 938 2648 τδν
953 2587 1060 2648 ίκείνων
1079 2587 1146 2668 βίον.
1160 2588 1302 2648 Similiter
1321 2589 1481 2648 Numenius
1495 2591 1572 2669 apud

850 2675 1045 2754 Porphyrium
1053 2676 1187 2734 deAntru
1195 2675 1291 2754 pato
1304 2675 1495 2735 ed.Cantabr.
1510 2699 1516 2734 :
1529 2677 1574 2736 καῖ

852 2765 971 2843 ἀλλαχοῦ
986 2763 1013 2822 δέ
1027 2764 1108 2842 privat
1123 2767 1169 2843 ζῇν
1179 2768 1250 2840 ἡμᾶς
1263 2762 1306 2821 τόν
1321 2761 1425 2821 ἐκείνων
1442 2764 1510 2840 [τῶν
1524 2766 1575 2842 ψυ-

849 2847 922 2931 χῶν]
934 2849 1056 2927 θάνατον,
1069 2850 1114 2908 καλ
1128 2853 1174 2930 ζῇν
1185 2850 1285 2918 ἐκείνας
1294 2849 1338 2909 τδν
1356 2848 1484 2929 ἡμέτερον
1494 2849 1574 2909 θείνα-

849 2959 906 2996 τον.
921 2937 966 2995 Ad
980 2951 1147 3016 perpetuam
1159 2951 1218 2996 tam
1230 2941 1297 2996 vitae
1310 2941 1470 3014 mortisque
1485 2957 1573 3016 quam

850 3024 1014 3083 divinitatis
1024 3025 1271 3102 humanitatisque
1282 3024 1518 3102 conjunctionem
1530 3045 1575 3084 rc·

850 3113 999 3172 ferendum
1012 3125 1041 3172 et
1059 3113 1132 3171 illud
1153 3125 1196 3170 cst
1212 3112 1330 3170 ellatum
1350 3113 1428 3189 quod
1445 3114 1575 3171 servavit

851 3199 993 3275 Diogenes
1007 3199 1060 3258 lib.
1073 3199 1122 3270 IX,
1134 3221 1149 3270 7
1161 3220 1169 3259 τ
1181 3200 1268 3257 πάντα
1282 3201 1373 3278 ψυχῶν
1384 3189 1451 3257 εἶναι
1459 3199 1504 3256 καλ
1517 3200 1573 3257 δαι-

849 3286 935 3362 μόνων
960 3287 1064 3366 πλήρη,
1081 3300 1110 3345 et
1133 3288 1255 3345 alternrn
1277 3287 1356 3364 quod
1382 3300 1474 3345 exstat
1496 3289 1574 3365 apud

850 3373 1032 3433 Aristotelem
1044 3374 1080 3432 de
1100 3387 1187 3452 partt.
1203 3375 1292 3433 anim.
1312 3371 1336 3444 l,
1353 3374 1370 3430 θ
1384 3393 1411 3450 p.
1424 3374 1481 3441 645
1497 3374 1573 3432 aed.

850 3461 936 3522 Βαλίε.
954 3484 961 3519 :
979 3463 1034 3523 Καί
1055 3461 1173 3538 καθάπερ
1188 3459 1357 3539 Ἡράκλειτος
1379 3459 1483 3535 λέγεται
1510 3460 1575 3538 πρὸς

850 3546 909 3615 τοὺς
923 3547 1006 3616 ξένους
1018 3549 1099 3608 εἰπεῖν
1115 3546 1173 3613 τοὺς
1183 3547 1354 3625 βουλομένους
1369 3549 1485 3625 ἐντυχεῖν
1501 3549 1574 3630 αὐτῷ

852 3635 1000 3695 ...ἐκέλευε
1015 3635 1066 3713 γθρ
1079 3635 1171 3700 αὐτοὺς
1196 3635 1302 3693 είσιέντι
1321 3635 1493 3713 θαρροῦντας·
1506 3626 1573 3694 εἶναι

850 3723 900 3802 γὰρ
913 3724 957 3783 καὶ
974 3727 1083 3784 ἐνταῦθα
1097 3721 1195 3798 θεούς.)
1283 3721 1294 3745 ⁰

821 3851 827 3866 .
851 3809 905 3871 Καὶ
918 3820 985 3869 τοῖσι
1001 3809 1137 3888 διγόλμασι
1151 3807 1279 3868 τουτέοισι
1294 3806 1432 3889 εὔχονται,
1446 3809 1531 3867 ὁκοῖον
1552 3809 1577 3867 el

840 3921 890 3964 ’τις
912 3907 980 3957 τοῖσι
1003 3897 1107 3974 δόμοισι
1129 3895 1331 3976 λεσχηνεύοιτο,
1355 3893 1413 3953 οὔτε
1439 3895 1575 3974 γινώσκων

852 3983 963 4052 θεοὺς
934 4007 994 4044 ουτε
1009 3985 1096 4066 ἥρωας
1110 3983 1201 4050 οῖτινές
1214 3987 1275 4045 eloe.

892 4072 1046 4154 (Origenes
1066 4085 1167 4131 contra
1189 4071 1264 4132 Cels.
1283 4071 1382 4148 Vllp.
1408 4072 1498 4142 738:
1528 4072 1574 4130 καὶ

854 4159 906 4239 μὴν
924 4160 970 4220 καλ
980 4159 1151 4240 Ἡράκλειτος
1170 4150 1288 4218 «itt,
1245 4183 1300 4226 πως
1321 4159 1505 4241 ἀποφαίνεται·
1522 4160 1576 4221 Καλ

854 4257 908 4316 τοῖς
936 4248 1072 4326 όγόλμασι
1090 4249 1149 4306 κτλ.
1180 4245 1257 4323 ὁμέν
1280 4269 1310 4324 γε
1328 4247 1401 4322 μόλα
1423 4247 1576 4328 ἀποψρήτως

855 4333 1028 4410 ὑποσημαίνει
1042 4333 1141 4406 ἠλίθιον
1160 4333 1257 4400 τδτοῖς
1270 4334 1420 4412 ἀγάλμασιν
1435 4332 1575 4414 εὔχεσθαι,

853 4422 898 4482 tto
910 4422 947 4499 μὴ
958 4422 1091 4501 γιγνώσκῃ
1100 4445 1139 4489 τις
1153 4422 1225 4489 θεοὺς
1238 4421 1284 4480 καλ
1293 4421 1382 4502 ἥρωας
1392 4421 1484 4489 οἵτινές
1496 4424 1574 4482 εἰσιν.

851 4509 984 4569 Clemens
996 4509 1118 4568 Cohort.
1128 4529 1156 4568 c.
1170 4508 1207 4566 lV
1221 4529 1251 4586 p.
1271 4519 1306 4579 tt
1321 4530 1327 4566 :
1345 4508 1384 4570 Σὺ
1399 4509 1426 4569 tt
1436 4510 1494 4568 ἀλλ’
1506 4511 1529 4568 el
1539 4509 1577 4586 μὴ

12 4627 855 4663 Ἢ

19 4715 49 4760 ⁵⁸
65 4719 204 4783 Quapropter
219 4735 271 4772 rem
291 4723 405 4772 omnibus
427 4736 580 4775 communem
596 4724 663 4786 sequi
677 4737 749 4787 opor·
827 4731 866 4776 ου.
884 4726 1018 4776 Heraclitus
1030 4741 1088 4776 reto
1106 4727 1140 4776 alt
1154 4730 1181 4777 et
1196 4727 1270 4777 ritatn
1294 4731 1318 4778 et
1330 4729 1432 4777 mortem
1453 4727 1477 4775 ln
1496 4727 1578 4826 νοεῖτε

12 4799 242 4860 lamminarum
267 4809 329 4859 ratio
347 4811 378 4860 rit
395 4813 548 4873 communis,
564 4811 650 4872 vulgus
670 4816 751 4861 tamen
796 4815 846 4863 vita
862 4817 991 4877 nostraque
1000 4816 1092 4865 morte
1085 4828 1171 4865 messe

12 4881 41 4934 itit
53 4891 112 4950 quui
124 4895 215 4957 propria
229 4896 336 4960 συνόντα
347 4896 503 4960 intelligentia
521 4898 647 4961 prauiturn
664 4899 704 4948 tit.

830 4907 869 4951 ot
894 4905 974 4964 Atque
987 4902 1030 4952 ltte
1055 4904 1148 4953 statuas
1163 4905 1299 4965 precantur,
1318 4902 1384 4952 velut
1404 4901 1424 4950 εἰ
1449 4900 1578 4963 quiscum

18 4979 49 5023 59.
63 4979 193 5034 Animorum
204 4989 316 5036 moreest
327 4999 412 5036 eorum
421 5001 446 5036 ιιι
455 4999 543 5050 aquam
555 4989 677 5052 transitus,
687 5001 751 5051 aqua
796 4987 908 5038 domibus
931 4989 1111 5049 sermocinetur,
1135 4990 1247 5051 ignorant
1270 4987 1361 5052 quirit
1381 4990 1405 5037 et
1427 4987 1468 5051 qul
1493 4986 1578 5037 lteroer

12 5071 39 5110 nn
51 5064 71 5114 tn
92 5069 175 5121 terram
194 5074 290 5124 motata
304 5074 404 5136 interit3
421 5077 515 5126 eterra
528 5079 609 5126 autem
624 5089 685 5140 aqua
708 5075 749 5136 tt,
796 5075 852 5125 sint.

12 5160 17 5192 t
27 5161 79 5212 aqna
88 5156 184 5208 animus.

1462 5249 1497 5297 θθ.
