3740 5916
501 415 573 490 ¹DE
595 413 764 476 motinus
786 412 1060 474 apostoritate.
1528 423 1586 474 25³

17 553 74 630 quod
97 570 154 610 non
181 552 268 624 buius
293 567 411 606 consors
435 550 473 606 sit
497 547 570 624 (vid.
592 547 693 621 fragm.
721 547 767 622 6),
813 543 1588 621 antenrnonpotcst,utunasiccasittellns,aliaabun.

18 641 158 700 {avendum
171 652 268 695 tamen
284 656 320 693 ne
335 656 398 694 cum
413 635 550 692 Cicerone
561 635 597 690 de
613 633 673 689 Nat.
688 633 768 690 deor.
813 631 1585 712 det.Suntenimperforataomuiaetinitinerapervia.

18 729 30 796 Ι,
44 749 72 782 ra
84 738 230 802 putemus,
256 724 409 796 Diogenem
428 740 492 778 aere
513 741 596 778 usum
616 738 678 776 esse
703 719 767 788 deo,
813 719 893 776 Sicca
905 717 940 774 ab
952 718 1080 775 humidis
1092 720 1382 794 sumuntaliquando.
1397 721 1459 779 Nisi
1475 724 1586 801 aliquid

18 815 45 870 rel
56 833 114 870 cum
133 811 300 884 Augustino
314 810 350 866 de
363 809 424 866 Cir.
442 809 494 864 Dei
505 804 688 878 Vlll,aaeri
704 823 768 862 cum
814 805 1242 880 terraacciperct,exaruisset.
1272 805 1346 880 Ergo
1367 809 1458 866 undas
1472 813 1513 868 sol
1530 828 1587 871 tra.

18 901 121 958 lisinam
147 901 291 955 rationem
317 897 462 955 tribuisse.
480 896 539 952 lloc
564 896 640 950 enim
655 892 771 950 nundi·
813 892 938 950 hitzsed
954 913 989 948 ex
1005 893 1050 949 his
1065 913 1128 967 quae
1142 907 1275 970 premunt
1290 897 1413 954 maxime
1425 898 1484 954 haec
1500 906 1586 960 meri-

18 1000 71 1042 erte
93 986 165 1041 dixit
190 983 404 1060 Apolloniates,
430 980 480 1038 sed
499 981 594 1038 dicere
612 981 692 1038 visus
716 993 768 1038 est.
814 977 898 1036 diana
921 991 996 1036 sunt.
1022 978 1112 1035 Terra
1133 999 1220 1054 quum
1249 983 1374 1052 exaruit,
1404 985 1469 1059 plus
1501 987 1536 1043 ad
1557 1009 1588 1046 sc

18 1071 142 1129 lallnntur
156 1083 300 1148 praeterea
321 1069 456 1125 Nicolaus
470 1081 498 1124 ct
523 1067 701 1144 Porphyrius
719 1067 769 1143 qui
814 1064 943 1122 humoris
958 1065 1082 1122 adducit.
1097 1065 1134 1122 Ut
1148 1067 1178 1122 in
1193 1067 1320 1123 lucernis
1337 1068 1430 1124 oleum
1453 1071 1506 1128 illo
1523 1075 1586 1132 lluit

18 1159 152 1214 liretensem
170 1156 379 1232 philosophum
395 1155 519 1211 medium
542 1151 678 1229 quiddam
696 1153 771 1210 inter
814 1151 864 1209 ubi
876 1153 1017 1220 exuritur,
1030 1153 1072 1208 sic
1086 1153 1219 1227 aquaillo
1231 1154 1373 1211 incumbit
1383 1175 1440 1231 quo
1450 1159 1494 1216 vis
1507 1162 1586 1218 calo-

18 1243 89 1316 ignem
102 1256 127 1298 et
139 1261 237 1298 acrem
253 1260 347 1298 rerum
369 1240 544 1316 principium
561 1239 692 1296 statuisse
704 1239 772 1296 scri·
815 1241 856 1296 ris
867 1240 1269 1298 etterraeaestuantisarcessit.
1284 1239 1365 1298 Unde
1375 1248 1587 1316 ergotrahitur?

18 1341 112 1406 pserunt
123 1329 196 1407 (ιο),
213 1328 314 1402 Neque
324 1328 400 1384 enim
418 1325 537 1383 dubium
556 1327 627 1401 quin
643 1343 769 1382 errorem
815 1345 848 1382 ex
863 1324 920 1382 illis
935 1325 1184 1402 scilicetpartibus
1197 1345 1309 1400 semper
1322 1326 1461 1398 hibernis,
1476 1347 1588 1408 septen-

19 1415 127 1488 arnbigna
140 1414 312 1491 philosophi
323 1412 565 1489 oratiopepererit
576 1413 627 1487 qui
640 1413 770 1486 fragind
815 1410 996 1480 trionalibus‚
1024 1412 1100 1468 unde
1121 1412 1255 1470 extrudat.
1280 1413 1324 1468 Ob
1352 1413 1407 1471 boc
1429 1414 1539 1476 Pontus
1558 1423 1588 1478 in

20 1501 113 1557 dereris
123 1503 264 1560 varietate
275 1499 425 1576 disputans
438 1519 445 1557 ε
462 1500 513 1558 llal
523 1498 656 1567 ἁπάντων,
665 1499 770 1573 inquit,
815 1498 938 1554 interum
950 1517 1026 1554 mare
1038 1497 1151 1554 assidue
1161 1498 1224 1554 lluit
1234 1499 1363 1574 rapidus,
1378 1519 1437 1557 non
1449 1514 1480 1558 ut
1489 1518 1589 1564 catera

19 1592 55 1643 ’.ιἰι
66 1587 127 1665 ζῴοιν
144 1587 169 1646 δὲ
181 1586 285 1664 ἡψυχὴ
301 1587 329 1644 τὸ
339 1587 402 1644 αὐτό
415 1590 479 1656 ἐστι,
494 1585 545 1663 ἀὴρ
562 1583 712 1662 θερμότερος
725 1585 770 1658 μὲν
815 1586 904 1641 maria
916 1585 1061 1641 alternatis
1072 1583 1148 1640 ultro
1156 1585 1229 1640 citro
1241 1584 1365 1654 aestibus,
1378 1587 1409 1643 in
1421 1607 1506 1646 unam
1522 1612 1589 1668 par-

21 1681 52 1730 :ai
63 1675 117 1744 ἔξω,
135 1665 192 1754 ἐνῷ
208 1676 295 1749 εἰμεν,
308 1677 354 1730 τοῦ
370 1673 456 1746 μέντοι
466 1671 538 1750 παρὰ
548 1675 584 1748 τῷ
596 1671 662 1748 ἡλίῳ
676 1670 770 1728 πολλὸν
816 1681 869 1726 tem
883 1689 995 1747 semper
1010 1691 1117 1746 pronus
1131 1684 1159 1727 et
1170 1683 1291 1730 torrens.
1306 1672 1390 1738 Quod
1406 1675 1462 1732 nisi
1473 1677 1588 1752 laceret,

21 1761 160 1838 ριρριίερος·
181 1761 274 1828 ὅμοιον
298 1761 325 1818 δὲ
347 1767 421 1818 τοῦτο
444 1761 473 1817 τὸ
492 1759 584 1836 θερμὸν
595 1759 695 1823 οὐθενὸς
719 1762 771 1816 τῶν
815 1755 917 1830 hisque
930 1757 1082 1814 itineribus
1102 1758 1178 1832 quod
1191 1759 1296 1834 cuique
1309 1759 1388 1816 deest
1409 1761 1587 1840 redderetur,

22 1846 143 1922 ζιξιιιέιιθ.
161 1847 264 1923 ltaque
283 1849 328 1905 illi
348 1847 400 1904 rati
425 1866 441 1904 e
465 1847 572 1920 frigore
591 1845 663 1902 nihil
688 1845 770 1914 oriri,
814 1841 893 1917 quod
901 1843 1005 1917 cuique
1016 1855 1144 1918 superest
1158 1843 1336 1901 emitteretur
1350 1865 1356 1899 ι
1363 1843 1423 1920 jam
1438 1861 1485 1904 aut
1494 1853 1588 1909 exsic-

22 1933 92 1988 solum
103 1934 223 1991 calorem
241 1933 276 1990 ad
294 1935 430 1991 mundum
447 1931 657 2010 procreandum
673 1945 770 2008 aptum
815 1941 876 1984 cata
900 1941 993 1986 essent
1013 1928 1110 1985 omnia
1130 1941 1178 1986 aut
1198 1929 1377 1990 inundata.»
1403 1933 1507 1992 Contra
1529 1936 1589 1996 haec

23 2035 78 2084 esse,
97 2020 247 2092 Diogenem
274 2020 305 2076 in
327 2018 421 2076 calido
440 2037 506 2076 aere
525 2037 621 2075 rerum
640 2020 769 2076 omnium
814 2012 949 2072 Seneca:
976 2013 1187 2088 «interrogare
1210 2014 1368 2088 Diogenem
1390 2017 1474 2088 libet,
1497 2039 1588 2096 quare

25 2103 175 2162 [nodamenta
198 2105 334 2181 p‘osuisse
357 2101 574 2162 contenderunt.
593 2103 676 2170 Quod
703 2104 770 2160 licet
816 2119 903 2174 quum
913 2101 1021 2158 Pontus
1031 2114 1058 2158 ct
1068 2101 1267 2158 amnescuncti
1281 2101 1404 2158 invicem
1416 2121 1585 2179 commeent,

26 2187 133 2263 aliquast
141 2203 221 2266 parte
233 2194 276 2248 ita
288 2209 350 2248 sese
361 2189 465 2247 hahere
476 2189 559 2246 lacile
568 2189 768 2261 concedamus,
815 2205 873 2244 non
888 2186 1023 2244 omnibus
1039 2186 1111 2244 locis
1125 2199 1219 2242 aestate
1240 2185 1348 2262 majora
1363 2202 1429 2245 sunt
1449 2190 1587 2249 flumina?

27 2285 93 2330 tanen
105 2296 119 2332 a
131 2277 307 2354 philosopho
318 2295 376 2334 non
388 2295 423 2332 eo
436 2295 494 2351 quo
505 2276 558 2352 ipsi
569 2276 670 2332 volunt
684 2277 770 2333 modo
814 2273 964 2349 ,hgyptnm
979 2273 1022 2330 sol
1037 2273 1128 2346 magis
1141 2272 1310 2349 percoquit:
1325 2273 1420 2349 itaque
1431 2274 1512 2334 Nilus
1528 2297 1587 2334 ma-

26 2377 155 2435 capressum
178 2377 231 2420 est.
251 2363 363 2420 Etenim
388 2362 584 2440 Apolloniates
597 2381 689 2438 neque
704 2363 770 2420 cali·
814 2361 859 2434 gis
873 2361 985 2418 crescit.
1007 2360 1062 2416 Sed
1077 2359 1107 2415 in
1126 2359 1236 2416 cacteris
1251 2379 1367 2436 quoque
1389 2363 1474 2420 terris
1490 2364 1588 2440 aliqua

27 2445 74 2501 dnm
86 2469 183 2524 aerem,
205 2469 302 2527 neque
317 2450 464 2524 frigidum,
482 2449 531 2506 sed
545 2449 768 2508 omninoaerem
815 2448 982 2506 fluminibus
1006 2447 1038 2505 lit
1057 2445 1319 2523 adjectio.·l)eindc
1339 2467 1429 2523 quare
1442 2449 1501 2506 ulla
1521 2470 1588 2527 pars

27 2547 98 2589 eornm
111 2554 168 2610 quac
180 2548 296 2592 exstant
311 2549 338 2591 et
348 2536 505 2610 gignuntur
516 2547 661 2610 parentem
674 2535 768 2592 nomi·
815 2547 896 2592 terrae
906 2535 968 2592 sine
981 2534 1103 2591 humore
1114 2546 1167 2603 est,
1182 2552 1270 2608 quum
1286 2535 1379 2590 omnis
1393 2535 1467 2591 adse
1477 2553 1512 2592 ex
1523 2539 1589 2594 aliis

28 2619 92 2676 narit.
103 2622 292 2692 Quamobrem
307 2641 365 2678 aon
385 2635 426 2679 est
440 2621 517 2694 quod
534 2641 598 2678 cum
619 2621 770 2696 Simplicio
814 2620 980 2695 regionibus
994 2620 1082 2678 trahit
1098 2637 1190 2696 eoque
1204 2619 1310 2694 magis,
1321 2639 1379 2695 quo
1390 2620 1512 2678 calidior
1525 2626 1589 2681 est?

27 2701 165 2762 arbitremur
186 2707 340 2764 Nicolaum
363 2719 392 2764 et
422 2705 616 2782 Porphyrium
646 2727 710 2782 quae
734 2708 770 2766 de
814 2709 925 2767 Deinde
947 2727 1037 2786 quare
1063 2707 1144 2764 Nilus
1167 2707 1270 2777 dulcis,
1287 2707 1312 2764 si
1336 2707 1590 2768 illiemariunda

30 2785 135 2861 Diogenis
144 2793 329 2870 philosophia
339 2805 525 2848 memorante
539 2791 696 2868 deperditis
707 2791 770 2869 ejus
813 2799 872 2854 esti
885 2795 941 2854 Ncc
952 2796 1028 2852 enim
1043 2795 1093 2852 ulli
1105 2794 1217 2852 flumini
1230 2793 1343 2852 dulcior
1355 2807 1464 2870 gustus.
1483 2823 1495 2846 ν
1517 2797 1588 2866 Qui·

28 2876 114 2950 scriptis
127 2893 258 2956 tanquam
280 2879 438 2936 reconditis
457 2891 543 2954 atque
558 2877 691 2936 abditise
705 2880 770 2936 lon·
813 2880 868 2939 bus
883 2895 977 2940 tamen
995 2882 1144 2960 plerisque
1162 2900 1255 2958 neque
1279 2881 1421 2956 Diogenes
1435 2881 1587 2954 refellitur,

30 2957 84 3018 tibus
94 2963 223 3028 hausisse.
237 2971 331 3024 Porro
348 2967 490 3038 Diogenes
505 2965 602 3022 omnia
617 2967 727 3024 moveri
743 2981 771 3024 et
814 2987 906 3043 neque
921 2988 965 3026 res
978 2969 1039 3045 ipsa
1053 2967 1224 3044 explicatur.

30 3043 216 3110 innumerabiles
237 3071 305 3110 esse
328 3053 450 3110 mundos
464 3063 492 3108 et
510 3052 596 3108 inane
623 3053 769 3110 infinitum
852 3059 894 3111 De
907 3055 1032 3111 hominis
1047 3067 1147 3112 natura
1156 3051 1343 3129 philosophus
1352 3051 1496 3111 Cretensis
1508 3054 1588 3113 dedi·

30 3147 71 3186 θεον
87 3136 237 3196 affirmavit.
261 3139 340 3195 ldem
356 3157 448 3196 aerem
465 3151 523 3196 tum
545 3141 696 3216 spissatum
711 3153 768 3199 tum
815 3149 842 3194 ta
857 3159 944 3215 opera
955 3140 1021 3212 egit.
1036 3139 1100 3208 Quo
1119 3139 1151 3196 in
1166 3157 1269 3212 genere
1282 3137 1317 3194 ad
1336 3149 1461 3194 nostram
1479 3151 1588 3196 aetatem

32 3221 162 3280 rarefactum
174 3225 300 3282 mundos
312 3226 444 3300 gignere,
459 3244 475 3282 e
489 3224 582 3282 nihilo
592 3239 685 3285 autem
697 3228 768 3284 nihil
815 3227 919 3283 mansit
932 3229 1077 3300 egregium
1095 3225 1284 3298 fragmentum
1301 3223 1379 3300 quod
1401 3237 1444 3281 est
1457 3243 1503 3301 ap.
1521 3227 1587 3283 dri·
1602 3279 1609 3291 ,

31 3307 142 3380 exsistere,
166 3333 259 3389 neque
281 3313 311 3369 in
335 3312 457 3368 nihilum
479 3313 626 3390 corrumpi
647 3315 767 3372 censuit.
814 3311 941 3369 stotelcm
956 3313 1028 3370 llist.
1041 3313 1128 3369 anim.
1140 3311 1190 3368 lib.
1204 3310 1256 3381 lll,
1269 3331 1298 3382 a,
1311 3318 1326 3376 l,
1340 3308 1414 3386 (vid.
1431 3310 1530 3384 fragm.
1547 3313 1588 3386 8),

32 3385 117 3448 'lenam
132 3399 281 3455 rotundam
297 3398 453 3474 appellarit
473 3417 536 3472 quae
555 3399 585 3455 in
605 3399 699 3455 medio
715 3413 768 3456 sta·
814 3400 863 3454 ubi
872 3399 907 3454 de
917 3399 1008 3470 venis,
1018 3418 1089 3474 quau
1100 3397 1164 3455 ideo
1173 3410 1318 3474 pertotum
1328 3415 1433 3472 corpus
1443 3398 1589 3472 pertinere

32 3469 90 3533 bilita
113 3481 282 3542 circumfuso
309 3483 404 3541 calore
428 3497 455 3540 et
479 3484 586 3558 frigore
612 3504 768 3542 concrere-
814 3485 937 3544 credidit
951 3486 1153 3559 lliogenes,ut
1173 3503 1270 3541 earum
1289 3502 1343 3559 ope
1358 3501 1406 3540 aer
1423 3483 1546 3540 calidior
1560 3499 1589 3542 ct

33 3560 119 3639 ruta),
815 3585 908 3628 mente
923 3571 1058 3648 praeditus
1072 3572 1101 3628 in
1117 3589 1216 3629 omnes
1234 3569 1402 3625 animalium
1422 3581 1517 3644 partes
1539 3569 1589 3626 de·

58 3647 181 3730 liiusha)
203 3657 328 3731 Diogeni
347 3659 501 3734 quotannis
516 3659 594 3715 circa
611 3659 766 3716 solstitium
815 3659 924 3715 rivatus
948 3658 1076 3714 omnium
1105 3671 1133 3714 et
1160 3674 1295 3714 sensuum
1328 3667 1356 3712 et
1382 3654 1588 3728 cogitationum

33 3735 130 3794 astitum
155 3742 296 3800 inundare
319 3741 468 3820 AEgyptum
489 3745 615 3816 videtur,
638 3745 706 3820 quia
726 3745 768 3802 sol
814 3764 897 3800 cansa
909 3743 1066 3800 exsisteret.
1081 3745 1150 3816 Quae
1163 3742 1198 3800 de
1209 3739 1342 3799 sensibus
1356 3740 1454 3798 docuit
1468 3741 1588 3818 Apollo·

33 3833 105 3888 νηνιιιι
120 3829 250 3884 marinam
268 3841 296 3884 et
306 3829 449 3905 quidquid
466 3829 576 3886 humidi
592 3831 622 3886 in
638 3843 713 3886 terra
724 3843 768 3886 est
815 3832 904 3887 niatcs
922 3829 1105 3906 persequitur
1123 3827 1340 3904 Theophrastus
1364 3825 1414 3884 lib.
1436 3827 1471 3883 de
1494 3827 1587 3886 Seusu
1667 3847 1670 3853 ’

34 3901 56 3954 td
64 3915 351 3992 serapiaturaptumque
362 3915 509 3972 humorem
522 3918 551 3972 in
562 3916 657 3973 Nilum
668 3917 768 3973 demit·
814 3937 876 3993 cap.
888 3917 935 3990 39,
946 3926 981 3985 ηε
991 3929 1018 3972 et
1028 3925 1075 3986 ll,
1087 3917 1133 3972 cni
1144 3915 1216 3972 adde
1226 3913 1411 3972 Plutarchum
1425 3913 1497 3972 Plac.
1509 3914 1583 3988 phil.

35 3997 66 4043 tat.
81 3991 158 4053 l'erba
173 3999 233 4074 ejus
254 4001 343 4058 latine
363 4020 448 4058 versa
471 4002 513 4058 sic
535 4001 651 4058 exhibet
664 4000 770 4058 Seneca
815 4001 863 4075 lV,
881 4005 914 4059 16
933 4015 960 4060 et
978 4005 1023 4060 18.

33 4071 108 4136 (itast.
121 4096 170 4139 nat
185 4085 231 4156 tv,
248 4107 265 4142 2
282 4108 288 4142 :
304 4113 316 4136 ι
335 4087 477 4160 Diogenes
497 4087 693 4163 Apolloniates
705 4088 744 4143 ait
761 4107 767 4141 ε
853 4089 961 4146 l‘lacita
985 4088 1047 4163 ejus
1073 4087 1201 4144 breviter
1226 4087 1401 4161 perstrinxi3
1429 4086 1552 4166 'reliqua
1574 4105 1590 4144 e

34 4155 65 4212 Sul
77 4162 204 4226 humorem
226 4171 263 4228 acl
278 4191 308 4228 se
320 4173 413 4248 rapit3
428 4172 505 4230 hunc
525 4173 665 4231 exsiccata
684 4174 769 4230 tellus
815 4173 981 4248 fragmentis
995 4173 1050 4249 (ιθ)
1064 4193 1127 4249 quae
1137 4173 1215 4229 omni
1231 4172 1362 4231 adhibita
1377 4172 1529 4246 diligentia
1544 4193 1589 4230 re·

34 4251 72 4297 tun
82 4257 184 4311 ermari
200 4258 294 4331 ducit,
310 4271 368 4314 tum
384 4277 421 4314 ex
443 4261 551 4314 caeteris
574 4259 666 4334 aquis.
692 4257 767 4316 Fieri
815 4260 912 4317 censui
929 4273 957 4316 et
971 4261 1179 4336 interpretatus
1196 4278 1258 4316 sum
1272 4273 1490 4335 cognoscentur.

41 4345 1583 4386 κἏ--ῄ-ς--ᾛ

43 4410 88 4483 ³(¹⁰)
104 4418 226 4478 Simplicius
241 4423 271 4470 ad
288 4425 421 4471 Aristotelis
435 4425 503 4484 Phys.
519 4425 559 4471 iol.
581 4429 609 4472 32
623 4424 639 4472 b
652 4444 657 4472 ι
674 4425 769 4482 Ἐπειδὴ
815 4428 931 4487 stipantes
942 4427 1002 4475 κατὰ
1022 4428 1063 4484 τήν
1076 4427 1102 4474 ἐι
1117 4433 1159 4475 τοῦ
1171 4429 1254 4489 θερμοῦ
1269 4427 1393 4490 περιφορὰν
1411 4429 1450 4476 καὶ
1467 4429 1534 4484 πῆξιν
1544 4427 1591 4476 tot

34 4471 111 4552 hripis
121 4491 161 4530 τῶν
180 4491 289 4538 πλειόνων
309 4494 400 4554 ἱστορία
418 4494 528 4552 Διογένην
537 4494 577 4540 τὸν
589 4493 769 4550 ‘santionem
814 4503 855 4545 τοῦ
868 4501 966 4560 ψυχροῦ.
980 4499 1016 4546 Cl.
1034 4499 1167 4559 llesychlus
1180 4498 1284 4547 lllilesius
1300 4511 1324 4558 μ.
1339 4503 1368 4546 20
1381 4497 1419 4546 ed.
1431 4498 1506 4546 Orell.
1519 4501 1609 4545 cnse.

34 4540 228 4630 lfflfflt'ilrnhps'ru
248 4561 287 4608 τὸν
308 4561 362 4623 ἀέρα
378 4563 479 4609 τίθεσθαι
497 4563 524 4610 τθ
544 4567 634 4623 πρῶτον
655 4561 769 4624 στοιχεῖόν
815 4567 867 4614 blus
888 4570 964 4627 Proep.
987 4571 1030 4617 Er.
1046 4568 1086 4617 lib.
1108 4570 1120 4616 l
1132 4581 1184 4629 cap.
1204 4573 1235 4618 8:
1251 4569 1360 4627 Διογένης
1381 4570 1394 4616 θ
1413 4569 1591 4626 Ἀπολλωνιάτης

33 4625 78 4688 θῖιθι
87 4619 181 4679 madiam
191 4627 215 4674 θὲ
227 4630 249 4676 έν
263 4635 292 4690 τῇ
307 4632 357 4692 περὶ
369 4631 426 4678 θεῶν
437 4631 582 4692 πραγματείᾳ
592 4635 672 4678 τοῦτον
684 4633 770 4692 ἱστορεῖ
814 4637 870 4698 ἀέρα
880 4637 1001 4698 ὑρίσταται
1014 4642 1138 4698 στοιχεῖον,
1148 4638 1259 4684 κινεῖσθαι
1272 4636 1296 4683 δὲ
1309 4635 1337 4682 τὰ
1349 4633 1424 4682 πάντα
1434 4637 1482 4682 ατλ.

34 4688 125 4766 Pthie&
138 4695 200 4754 πυρὸς
216 4698 255 4744 καὶ
268 4698 333 4760 ἀέρος
353 4699 394 4756 τὴν
411 4699 484 4760 ἀρχὴν
504 4699 665 4762 ἀποφήνασθαι
683 4699 767 4760 καὶτῷ
845 4705 893 4766 (tr)
906 4705 986 4752 Scltol.
1008 4705 1084 4766 Apoll.
1100 4704 1174 4754 lllrod.
1189 4707 1231 4764 lV,
1247 4709 1292 4753 269
1307 4718 1312 4750 :
1328 4704 1461 4763 Διογένηςθ
1478 4705 1591 4751 Ἀιιολλω-

36 4765 115 4832 -ttarpp
127 4767 313 4824 συνηκολούθησεν
332 4768 346 4814 θ
364 4769 555 4829 φιλομαθέστατος
575 4773 620 4815 τῶν
637 4767 768 4829 φιλοσόφων
813 4774 890 4827 νιὰτης
908 4773 953 4820 ὑπὸ
966 4773 1031 4828 ἡλίου
1046 4772 1185 4834 ἁρπάζεσθαι
1203 4773 1230 4820 τὸ
1242 4773 1303 4833 ὕδωρ
1316 4777 1356 4829 τῆς
1372 4771 1497 4824 θαλάσσης,
1513 4770 1591 4815 deors

53 4831 144 4902 ''ifflfflh
160 4831 232 4880 ἰστέον
243 4837 274 4890 ὡς
285 4837 411 4902 γέγραπται
421 4837 516 4885 πλείονα
534 4842 568 4900 τῷ
582 4839 683 4899 Διογένει
693 4839 769 4899 τούτῳ
813 4843 845 4897 εἰς
858 4843 898 4889 τὸν
909 4844 991 4889 Νεῖλον
1009 4843 1181 4904 καταφέρεσθαι·
1195 4843 1267 4890 oleran
1280 4841 1325 4902 γὰρ
1336 4839 1478 4900 πληροῦσθαι
1489 4837 1529 4884 τὸν
1539 4838 1591 4884 llat-

37 4897 169 4954 thanum
177 4903 223 4952 ιιτλ.
813 4913 853 4958 λον
862 4911 885 4964 ,έν
895 4915 930 4972 τῷ
942 4911 1000 4974 θέρει
1016 4911 1054 4958 διὰ
1066 4911 1092 4958 τὸ
1101 4911 1140 4960 τὸν
1152 4911 1216 4966 ἣλιον
1229 4911 1261 4966 εἰς
1270 4913 1350 4958 τοῦτον
1364 4908 1405 4962 τὰς
1414 4907 1460 4954 ἀπὸ
1471 4911 1513 4966 ri<
1524 4905 1591 4965 lttffl'·

39 4956 95 5028 ¹,llll
109 4965 210 5026 Diogenes
229 4973 335 5021 Laertius
347 4972 387 5021 lib.
408 4977 449 5030 tx.
466 4980 494 5024 57
509 4989 516 5022 ι
529 4978 645 5037 Στοιχεῖον
655 4975 714 5024 εἶναι
729 4976 770 5025 τὸν
814 4981 854 5035 og
863 4980 962 5042 τρέπειν.

36 5032 543 5106 ιῑθῆιλθθινονςολτιείροιις,οιαὶιιενθνἄπειρον,
557 5044 633 5091 τόντε
649 5044 706 5107 ἀέρα
724 5062 769 5093 πυ·
847 5047 1232 5111 (13)Αιιιιεροιιο1οιοιιιοιιὶἰ
1254 5049 1277 5094 el
1300 5041 1410 5102 Diogenis
1435 5038 1591 5102 Apolloniatas

38 5102 171 5170 '‘J''’isttttul
181 5107 323 5172 θραιοίιμεναν
334 5113 465 5172 γεννητικὸν
478 5114 536 5162 εἶναι
549 5117 596 5160 τῶν
605 5113 708 5175 κόσμων.
724 5115 769 5163 Οιλ·
816 5119 945 5179 fragmenta
965 5119 1082 5168 recensuit
1095 5117 1159 5165 Gull.
1179 5117 1277 5164 Sehortt.
1291 5117 1376 5162 mnne
1397 5114 1463 5182 1829.
1478 5110 1591 5180 Diogenis

38 5155 177 5248 &itt-‘dui
187 5173 245 5232 θνιος
259 5179 369 5238 γίνεσθαι,
384 5181 436 5227 οὐδὲ
453 5181 483 5235 εἰς
496 5182 522 5229 τὸ
538 5183 569 5243 μη
589 5181 615 5229 ὸν
627 5181 765 5243 φθείρεσθαι.
814 5180 971 5240 Apolloniatae
989 5181 1120 5240 fragmenta
1141 5177 1216 5227 edidit
1238 5175 1301 5226 reid.
1317 5173 1491 5222 Panzerbretcr.
1507 5172 1591 5231 nupero

38 5226 73 5280 1³¹⁷
82 5246 115 5288 Pl*
126 5247 259 5309 σῖθιγτύλην,
269 5249 426 5313 ἐρηρεισμένην
440 5251 505 5313 ἐντῷ
516 5253 590 5313 μέσῳ,
603 5253 644 5308 τὴν
655 5253 768 5301 σύστασιν
817 5255 884 5300 1830.
