3740 5908
667 391 717 452 Dll
738 387 972 452 uuuocttttu
1566 399 1623 452 333

17 525 97 584 muni
119 523 225 582 mortis
248 523 311 598 lege
334 517 593 582 subruerentur
623 519 794 598 perturbato
845 521 983 580 discimus
994 517 1156 597 (lohldem
1166 519 1310 594 Diogenes
1322 516 1624 590 addit,Democritum

20 613 107 670 Dario
130 630 226 688 neque
256 627 430 686 quemquam
454 607 633 684 reperiente,
664 607 711 666 cui
738 628 795 666 nou
845 627 935 684 quum
957 627 1003 666 res
1017 605 1156 684 quasdam
1172 608 1283 664 iuturus
1299 606 1376 664 ielici
1395 625 1529 665 successu
1550 626 1626 685 prae·

21 700 100 756 triste
117 696 232 774 aliquid
248 694 417 764 accidisset,
439 694 635 752 Democritum
657 713 711 771 pro
732 715 798 750 con·
845 696 982 768 dixisset,
1004 693 1065 772 jam
1094 693 1198 752 divino
1222 694 1328 770 spiritu
1351 705 1455 751 tactum
1477 694 1627 772 plerisque

20 783 171 842 suetudine
186 802 238 842 sua
260 782 400 841 ridentem
417 771 463 840 ¹ita
479 782 566 840 iatum
589 800 676 840 esse:
700 781 732 838 lit
750 795 795 858 tu,
845 781 1014 840 hominibus
1034 799 1097 840 esse
1109 781 1218 842 risum.
1241 783 1307 839 Duo
1328 779 1497 857 hujusmodi
1519 781 1627 858 praedi-

21 872 149 928 omnium
162 869 362 949 ineptissime,
378 887 438 927 non
456 871 564 928 vereris
576 869 667 926 effuse
681 869 796 944 lugere,
846 871 974 929 ctionum
997 869 1130 946 exempla
1151 868 1318 947 suppeditat
1342 867 1473 939 Plinius,
1500 888 1626 946 quorum

20 958 99 1033 quasi
114 975 194 1016 unus
207 957 278 1015 tanti
291 957 360 1014 meli
372 955 533 1034 particeps,
547 975 637 1032 quum
653 957 796 1014 neminem
847 978 955 1032 unum,
977 977 1068 1036 quum
1082 960 1119 1016 ab
1135 957 1202 1016 aliis
1217 969 1347 1016 veterum
1361 955 1397 1014 de
1420 956 1539 1016 Thalete
1557 976 1625 1016 nar·

21 1062 116 1102 ecmtn
132 1042 187 1119 qui
202 1061 329 1120 unquam
352 1042 468 1101 luerunt
488 1043 549 1100 sine
568 1042 682 1120 privato
699 1043 798 1118 aliquo
847 1059 936 1117 retur,
952 1045 1106 1104 admodum
1121 1057 1285 1123 suspectum
1299 1057 1359 1121 est,
1373 1045 1494 1102 alterum
1510 1045 1546 1102 ad
1562 1063 1624 1102 rem

21 1131 118 1189 dolore
136 1131 250 1190 vixisse
262 1130 401 1208 reperias.
848 1136 959 1193 facilem
975 1145 1003 1192 et
1019 1133 1170 1208 vulgarem
1191 1133 1341 1210 pertinens
1355 1131 1427 1190 adeo
1451 1132 1530 1192 nulla
1545 1151 1628 1208 saga-

59 1219 122 1276 llaec
138 1218 200 1276 iere
218 1219 254 1277 tle
275 1217 432 1276 Democriti
453 1217 609 1278 itineribus
632 1215 668 1276 ad
687 1231 799 1278 exteras
848 1224 932 1280 citate
945 1221 1077 1292 excellit,
1101 1221 1178 1278 utin
1198 1220 1352 1294 agricolam
1377 1219 1575 1297 potiusquam
1595 1221 1628 1279 in

23 1307 149 1364 nationes
170 1306 313 1384 susceptis
335 1305 367 1364 in
386 1304 575 1382 antiquorum
598 1303 799 1363 voluminibus
847 1308 1051 1388 philosophum
1067 1305 1160 1366 eadat.
1176 1305 1266 1365 Prius
1286 1305 1408 1364 illudad
1420 1307 1477 1366 olei
1490 1307 1628 1366 coemtio-

22 1395 131 1470 prodita
144 1393 407 1471 deprehendimus,
426 1391 585 1470 dequibus
605 1391 798 1451 multaslisse·
848 1417 912 1456 nem
928 1407 1037 1474 spectat
1053 1393 1113 1475 (31)
1131 1392 1215 1470 cujus
1229 1395 1274 1452 rei
1298 1413 1387 1472 supra
1403 1393 1476 1451 iacta
1486 1405 1530 1452 est
1544 1411 1629 1450 men·

24 1500 83 1538 rere
96 1491 322 1539 cousentaneum
346 1480 436 1550 soret,
450 1480 475 1540 si
496 1497 550 1558 per
564 1477 651 1556 hujus
664 1479 722 1538 loci
743 1497 800 1537 an·
847 1487 899 1546 tio.
915 1483 1064 1542 Posterius
1075 1483 1118 1541 sie
1132 1479 1258 1540 sehabet
1268 1479 1330 1562 (Aa)
1344 1501 1351 1538 t
1365 1479 1628 1540 'tradunteundem

23 1570 126 1642 gustias
142 1568 256 1625 liceret.
278 1567 374 1626 Unum
397 1581 531 1626 nutamus
552 1567 583 1624 in
611 1565 695 1624 lndia
714 1585 799 1644 quam
848 1571 1044 1630 Democritum
1057 1582 1180 1629 metente
1198 1569 1287 1628 iratrs
1298 1569 1362 1646 ejus
1373 1569 1513 1642 Damaso,
1524 1568 1629 1628 arden·

25 1668 84 1713 ante
97 1653 297 1714 Alexandrum
311 1655 446 1730 lllagnum
467 1673 553 1713 nemo
566 1653 733 1712 Graecorum
754 1654 801 1712 in·
848 1659 958 1719 riscimo
975 1669 1061 1729 aestu,
1077 1675 1187 1726 orasse,
1205 1667 1237 1714 ut
1256 1655 1376 1733 reliquae
1393 1655 1482 1730 segeti
1498 1667 1629 1734 parceret

24 1744 122 1812 travit,
136 1743 338 1800 Democritum
354 1761 413 1800 uon
429 1742 535 1813 luisse,
551 1741 605 1800 etsi
622 1741 653 1799 in
676 1740 753 1801 libro
764 1741 801 1799 de
848 1758 1019 1824 raperetque
1030 1745 1144 1803 desecta
1158 1743 1213 1802 sub
1226 1755 1347 1812 tectum,
1358 1743 1460 1820 paucis
1469 1755 1537 1821 post
1549 1743 1630 1802 horis

25 1829 206 1906 Ceographia
223 1828 332 1906 scripto
350 1840 559 1886 commentatus
581 1839 642 1886 erat
657 1827 693 1886 de
714 1827 801 1886 rebus
848 1853 926 1892 staro
939 1831 1034 1891 imbre
1047 1831 1255 1890 vaticinatione
1270 1829 1441 1909 approbata.
1456 1857 1468 1884 ι
1485 1829 1565 1888 idem
1581 1831 1629 1888 lit·

27 1915 129 1974 lndicis
137 1913 291 1991 dequibus
302 1915 387 1974 lando
397 1915 508 1992 aliquid
516 1926 673 1992 acceperat.
680 1915 800 1973 Praeter·
848 1920 919 1978 teris
933 1919 1117 1994 consignarit
1131 1917 1264 1976 Clemens
1281 1917 1387 1975 Strom.
1400 1916 1454 1975 lib.
1470 1917 1506 1974 vl
1526 1937 1556 1992 p.
1571 1917 1628 1974 255

25 2019 54 2058 ea
67 2001 205 2061 Arabiam
215 2001 325 2059 vidisse
339 2001 536 2060 Democritum
551 2002 605 2060 soli
620 2001 718 2060 Plinio
736 2020 796 2060 non
847 2009 893 2068 ed,
908 2006 991 2083 sylb,
1006 2007 1055 2084 (p.
1080 2005 1137 2078 755
1161 2005 1207 2066 ed.
1234 2005 1361 2081 Potter).
1383 2005 1430 2062 0b
1447 2005 1521 2064 hanc
1539 2004 1631 2080 igitur

27 2089 164 2148 credimus
177 2089 374 2158 asseveranti,
387 2089 438 2168 qui
450 2088 505 2146 hoc
518 2087 586 2147 inde
599 2089 720 2148 sortasse
734 2109 801 2147 con·
850 2095 1013 2153 futurorum
1028 2093 1270 2171 praesensionem,
1296 2092 1342 2150 uel
1366 2106 1399 2151 ut
1417 2091 1550 2151 Clemens
1569 2093 1629 2163 ait,

28 2175 106 2232 clusit
124 2175 207 2253 quod
223 2172 299 2253 apud
319 2188 432 2234 veteres
452 2175 561 2251 legerat
574 2173 742 2234 Abderitam
765 2173 801 2234 ad
848 2181 927 2260 quod
945 2201 981 2238 ex
999 2179 1170 2238 sublimium
1191 2179 1399 2238 obseruatione
1417 2180 1508 2238 multa
1524 2180 1630 2258 praedi-

31 2263 152 2320 llubrum
164 2281 246 2320 mare
257 2274 465 2322 commoratum
476 2281 557 2332 esse,
570 2261 620 2320 sed
631 2261 687 2320 hoc
696 2261 802 2320 licebat
850 2281 942 2338 neret,
956 2267 1112 2346 Sapientiae
1125 2285 1285 2342 cognomen
1306 2267 1419 2325 inuenit
1436 2267 1630 2328 Democritus.

28 2350 105 2406 etiam
125 2351 284 2427 AEgyptum
306 2350 485 2428 peragranti.
498 2349 583 2418 Quod
598 2349 742 2426 reliquum
761 2360 805 2406 est
851 2354 913 2412 Non
927 2354 1069 2412 dissimile
1078 2366 1122 2412 est
1132 2353 1211 2431 quud
1221 2353 1349 2411 AElianus
1357 2351 1423 2413 Var.
1437 2353 1511 2414 llist.
1527 2353 1576 2425 lV,
1592 2375 1631 2412 ao

31 2435 118 2494 fabula
142 2457 160 2494 a
187 2435 308 2494 Juliano
334 2435 448 2494 Celare
468 2435 504 2493 de
532 2435 699 2494 Democrito
721 2434 804 2492 Dalii
850 2441 994 2500 memoriae
1008 2441 1154 2519 putsdidit⁹
1170 2439 1324 2499 Abderitas
1334 2441 1530 2498 Democritum
1550 2441 1633 2499 voci.

32 2522 207 2581 consolatore
218 2523 250 2580 in
264 2521 393 2600 epistolis
402 2523 565 2601 perscripta
579 2539 639 2580 non
649 2534 714 2598 eget
725 2523 805 2580 relu-
851 2541 926 2588 tasse
941 2527 1125 2610 Φιλοσοφίαν,
1139 2527 1326 2600 Protagoram
1340 2545 1411 2584 vem
1426 2528 1520 2606 Λόγον.
1539 2527 1632 2586 Sum-

33 2610 140 2670 tatione.
853 2635 933 2673 mum
948 2615 1104 2694 imperium
1119 2613 1195 2692 aputl
1215 2611 1370 2672 Abderitas
1387 2612 1553 2670 Democrito
1571 2631 1635 2672 esse

64 2695 243 2771 Adjiciamus
256 2693 305 2752 hic
318 2715 352 2753 ea
361 2715 425 2771 quae
437 2695 602 2754 Demetrius
616 2696 733 2772 lllagnes
745 2695 804 2772 (29)
853 2702 1037 2760 ronrmissum
1059 2699 1180 2759 eSuida
1202 2699 1260 2778 (33)
1282 2699 1503 2776 cognoscimus,
1517 2697 1568 2756 sed
1582 2699 1635 2757 diu

32 2783 100 2857 apud
118 2783 278 2859 Diogenem
295 2782 439 2842 laertium
454 2784 632 2854 testificatur,
649 2785 801 2842 Democri·
854 2789 1024 2866 reipublicae
1053 2787 1219 2866 praefuerit,
1254 2805 1291 2844 an
1310 2805 1363 2864 per
1389 2783 1479 2844 breve
1504 2798 1634 2865 tempus,

33 2879 86 2922 tum
99 2867 189 2926 latere
205 2868 350 2941 voluisse,
366 2887 515 2946 quumque
528 2870 655 2930 Athenas
668 2872 806 2943 venisset,
854 2893 975 2953 prorsus
999 2877 1141 2933 incertum
1156 2887 1210 2935 est.
1231 2874 1268 2932 At
1290 2893 1362 2933 vero
1379 2893 1468 2952 quum
1491 2875 1537 2932 lex
1558 2876 1636 2954 apud

35 2957 121 3014 virum
136 2958 287 3032 egregium
307 2958 444 3036 quidem,
461 2957 512 3018 sed
526 2959 628 3034 gloriae
649 2972 807 3018 contctnto·
855 2961 1009 3020 Abderitas
1021 2973 1095 3019 esset
1109 2979 1168 3038 qua
1179 2959 1373 3038 sanciebatur,
1388 2974 1421 3019 ut
1433 2961 1484 3038 qui
1496 2963 1636 3039 patrimo·
1684 2951 1688 2964 ⁶

36 3061 87 3100 tum
101 3044 220 3119 agnosci
231 3045 371 3117 noluisse,
384 3059 413 3104 et
424 3046 696 3124 quamvisnovisset
707 3045 809 3105 Socra·
855 3049 935 3106 nium
960 3048 1148 3127 dilapidasset
1168 3047 1306 3124 indiguus
1320 3049 1469 3127 sepultura
1482 3049 1514 3107 in
1531 3050 1635 3127 patrias

37 3139 101 3206 tem,
113 3130 149 3188 ab
164 3149 202 3188 eo
216 3143 312 3190 tamen
327 3132 490 3206 ignoratum
505 3149 585 3204 esse,
602 3131 633 3190 id
655 3132 733 3209 quod
751 3132 808 3190 Ab·
855 3135 964 3194 linibus
976 3135 1132 3194 haberetur
1146 3155 1153 3191 ι
1168 3134 1364 3193 Democritum
1380 3134 1565 3195 Antisthenes
1577 3139 1635 3212 (34)

37 3215 124 3274 derint
142 3217 245 3278 uerbis
268 3219 427 3278 testimonii
450 3219 516 3276 loco
533 3237 569 3276 ex
586 3217 664 3278 libro
679 3219 805 3296 quodam
853 3221 1004 3299 perhibet,
1019 3239 1055 3280 ne
1071 3221 1111 3280 ab
1137 3221 1247 3281 inuidis
1269 3233 1298 3280 et
1320 3221 1581 3280 calumniatoribus
1601 3224 1637 3282 ad

37 3301 93 3376 ejus
106 3305 229 3382 prolatis
247 3325 255 3363 ε
270 3312 338 3363 vent·
353 3307 486 3374 Athenas,
505 3325 593 3380 neque
606 3313 754 3382 quisquam
766 3326 810 3364 me
857 3311 999 3369 rationem
1014 3309 1190 3370 reddendam
1205 3309 1236 3368 in
1248 3308 1299 3386 jus
1321 3321 1484 3380 vocaretur,
1502 3311 1638 3370 recitasse

39 3399 147 3463 agnouit,
165 3392 292 3470 probate
306 3393 457 3452 annititur.
471 3391 517 3452 Cs.
531 3391 592 3450 Cic.
603 3397 688 3454 Tusc.
698 3392 734 3464 ll,
759 3395 808 3455 36.
855 3399 916 3458 illis
930 3417 1066 3473 maguum
1086 3397 1290 3466 Diacosmum,
1304 3397 1444 3455 eximium
1459 3415 1534 3474 opus
1551 3411 1636 3456 crete-

41 3475 142 3538 Similis
166 3491 211 3538 est
232 3479 338 3538 Valerii
361 3479 481 3538 lilaximi
497 3480 579 3538 locus
598 3481 650 3556 qui
671 3479 726 3542 lib.
742 3480 809 3538 lllll
855 3485 955 3562 risque
970 3485 1064 3562 ipsius
1076 3483 1193 3561 scriptis
1210 3495 1361 3560 praestans.
1377 3482 1443 3553 Quo
1460 3483 1534 3540 facto
1547 3485 1638 3560 quin-

40 3579 96 3638 ctp.
110 3567 264 3644 7exempl.
273 3579 350 3626 extr.
362 3577 378 3636 t,
392 3587 399 3624 ι
416 3565 562 3626 «Athenis
575 3579 669 3627 autern
681 3569 811 3646 complu·
857 3585 1011 3648 gentorum
1035 3590 1175 3629 summam
1193 3571 1365 3629 talentorum
1386 3572 1537 3648 praemium
1558 3588 1638 3628 acoe-

40 3649 131 3724 ribus,
145 3654 263 3732 inquit,
275 3654 360 3712 annis
377 3666 508 3712 moratus
529 3655 628 3712 omnia
649 3667 810 3734 temporum
856 3661 934 3736 pisse
946 3672 1031 3733 atque
1045 3659 1166 3737 insuper
1176 3658 1264 3716 eneis
1274 3657 1452 3736 imaginibus
1463 3657 1638 3716 honoratum

42 3753 176 3798 momenta
195 3740 233 3798 ad
254 3741 470 3818 percipiendam
492 3753 521 3798 et
542 3741 731 3800 exercendam
756 3742 809 3800 do·
855 3764 918 3804 esse
933 3746 1007 3824 (35).
1030 3744 1181 3822 Reliquam
1199 3747 1267 3802 uiue
1281 3759 1391 3823 partem
1407 3744 1449 3806 ita
1465 3744 1640 3820 transegisse

42 3825 151 3884 cuinam
170 3825 324 3886 conserens
337 3829 455 3904 ignotus
468 3829 514 3887 illi
528 3827 595 3887 urbi
618 3829 710 3899 uixit,
732 3829 811 3906 quod
856 3833 975 3891 videtur
996 3851 1118 3908 magnus
1135 3845 1247 3891 naturae
1260 3834 1420 3911 interpres,
1435 3845 1468 3891 ut
1481 3833 1513 3890 itt
1530 3831 1640 3890 littera-

42 3907 96 3984 ipse
113 3914 142 3972 in
153 3914 280 3991 quodam
293 3916 445 3975 uolumine
460 3928 591 3978 testatur.
607 3941 619 3968 r
859 3939 923 3977 rum
938 3919 1035 3978 studio
1050 3933 1224 3978 versaretur.
1242 3919 1313 3978 Nam
1327 3921 1468 3979 Petronio
1487 3918 1546 3998 (36)
1567 3931 1638 3978 teste

77 3997 116 4056 Ex
130 4001 289 4062 itineribus
300 4003 433 4062 reducem
448 4003 480 4062 in
495 4022 607 4062 summa
620 4017 743 4080 egestate
756 4004 812 4062 De-
857 4008 987 4066 omnium
1022 4006 1179 4065 herbarum
1208 4025 1309 4066 succos
1342 4005 1507 4084 expressit,
1540 4017 1569 4064 et
1604 4023 1640 4063 ue

44 4088 185 4147 noeritum
203 4091 254 4166 qui
268 4108 383 4149 ornnem
409 4109 470 4149 rem
488 4091 658 4150 familiarem
678 4111 812 4150 consum·
857 4093 986 4172 lapidum
1014 4095 1267 4170 virgultorumque
1300 4095 1347 4152 vis
1377 4093 1496 4164 lateret,
1528 4104 1639 4150 atatem

46 4171 120 4232 sisset
130 4175 253 4246 vixisse,
269 4175 319 4234 sed
333 4195 350 4235 a
364 4178 499 4236 Datuaste
520 4177 609 4236 iratre
621 4167 811 4238 sustentatum
857 4181 934 4240 inter
946 4181 1149 4260 experimenta
1163 4181 1332 4242 consumsit.
1346 4179 1431 4250 Quod
1446 4192 1541 4238 autem
1561 4179 1638 4256 apud

45 4273 135 4318 essee
160 4260 277 4322 Laertio
302 4263 502 4323 Antisthenem
527 4278 675 4323 auctorem
708 4265 813 4324 citants
857 4267 1057 4328 Antisthenem
1081 4267 1141 4348 (37)
1159 4269 1280 4328 relatum
1304 4267 1463 4344 legebatur,
1484 4266 1639 4346 physicum

74 4476 116 4536 (13)
129 4481 265 4531 Demetrius
279 4485 377 4545 Magnes
395 4483 459 4546 apud
481 4483 611 4544 Diogenem
629 4484 751 4534 Laenium
768 4487 812 4548 ix,
891 4489 941 4552 (31)
956 4489 1017 4540 Plin.
1028 4489 1071 4540 lib.
1081 4491 1172 4551 1111111,
1186 4495 1224 4540 tu.

50 4544 74 4590 ³⁶
87 4559 93 4590 ²
105 4550 172 4599 δοκεῖ
181 4551 221 4612 δέ,
237 4552 308 4613 τισί,
324 4553 364 4601 aet
378 4551 483 4611 Aureus
501 4554 572 4603 uum
584 4554 624 4602 aut
639 4555 670 4616 tui
683 4553 816 4604 σπονδάσὰι
891 4559 941 4619 (tt)
952 4560 1012 4608 Plio.
1027 4558 1068 4609 tiu.
1078 4561 1156 4620 xvtt,
1167 4572 1221 4622 cap.
1231 4563 1271 4610 as.

50 4617 166 4675 portua,
178 4620 244 4678 δόξης
254 4627 420 4686 καταφρονῶν,
429 4623 469 4673 ael
480 4625 563 4674 eitun
580 4625 621 4686 pls
641 4624 778 4686 Σωκράτην,
787 4623 817 4674 ἂ·
892 4631 942 4690 (33)
957 4627 1044 4679 strides
1057 4641 1081 4678 t.
1097 4629 1244 4694 Δημόκριτος
1256 4641 1262 4674 =
1277 4627 1330 4692 ipis
1341 4627 1366 4678 di
1377 4627 1401 4677 te
1419 4627 1536 4690 ‘Addaipcst
1547 4625 1586 4675 uu
1597 4624 1641 4683 rtis

50 4689 152 4766 nutriat
162 4690 186 4738 di
200 4691 241 4739 (αι’
251 4691 332 4742 αὐτοῦ.
343 4691 431 4744 'illios
447 4693 500 4758 γάρ,
517 4694 603 4758 φησίν,
613 4696 646 4750 tlt
657 4693 765 4754 Ἀθήνας.
776 4695 816 4744 xci
860 4698 945 4748 (αυτοῦ
957 4699 1040 4759 capiet
1051 4699 1161 4760 τιμηθιίς.

55 4766 146 4816 meae
161 4759 269 4822 luam·
893 4767 1185 4831 (asianustueuetaput
1202 4767 1415 4830 alegaretur.
1432 4769 1475 4829 tx,
1490 4771 1514 4816 s.

53 4890 59 4906 ,
79 4829 123 4890 (³⁰)
134 4834 248 4895 ὓὶοετιιττ
259 4835 418 4887 Laertiuslih.
427 4839 473 4899 111,
483 4841 530 4889 ast
543 4837 655 4888 'Eiidem
666 4838 691 4886 δι’
700 4853 769 4900 φησιν
785 4835 818 4898 (ὁ
893 4838 943 4900 (33)
956 4837 1001 4888 Alii
1016 4837 1098 4888 serius
1113 4843 1211 4887 centum
1219 4840 1316 4890 talentis
1326 4851 1383 4888 oatn
1398 4837 1494 4898 dignum
1510 4845 1562 4884 esse
1573 4831 1642 4882 itabi-

55 4897 193 4960 inuitare)
203 4903 274 4954 αὐτδν
294 4905 321 4954 (ι
336 4911 378 4964 τῆς
391 4907 523 4968 seruatae
540 4907 695 4958 masticata
714 4909 817 4970 διάγιιν,
861 4908 914 4956 tum
929 4907 1036 4958 tradunt.
1055 4907 1092 4957 ci.
1109 4909 1176 4970 Diug.
1192 4910 1272 4958 Luem.
1291 4911 1336 4968 tx,
1353 4911 1391 4958 10.
1410 4904 1477 4958 Atlds
1498 4903 1642 4954 Athenarum

54 4961 224 5030 ἇτῑπᾶσανιὴι
240 4973 324 5024 οὐσίαν
337 4976 531 5026 καταναλωκότα·
548 4977 668 5042 τρέφεσθαί
688 4991 714 5028 τι
726 4977 818 5037 tratis
861 4981 906 5038 lv,
930 4983 959 5030 13
976 4990 1001 5039 p.
1022 4981 1064 5028 tot
1088 4979 1116 5040 11,
1129 4981 1155 5028 et
1171 4983 1278 5028 veterem
1298 4976 1391 5030 tiorstd
1413 4973 1591 5038 explanatorem
1611 4972 1643 5022 td

56 5029 141 5116 ‘Plilfu
158 5043 205 5092 iad
217 5047 260 5092 tais
277 5043 375 5107 ᾰόιλφιιῦ
390 5045 530 5108 Δαμάστου·
543 5049 574 5104 ὡς
590 5046 615 5097 di
638 5049 756 5108 ttpostrts'ss
767 5065 819 5098 τινα
860 5047 930 5110 epist.
947 5049 966 5108 l,
983 5051 1020 5106 tt,
1035 5050 1072 5096 ta.

55 5107 228 5186 ‘Drusilianus
246 5111 401 5176 εὐδοκίμησε,
418 5115 499 5166 λοιπὸν
511 5115 589 5166 isilou
604 5116 670 5174 δόξης
688 5118 753 5182 παρὰ
771 5123 819 5174 soit
892 5119 941 5181 (36)
954 5118 1080 5168 Petronius
1092 5117 1187 5168 Arbiter
1202 5119 1316 5180 Sahpsg.
1328 5120 1368 5168 11.

55 5180 258 5238 *trutmundum
894 5189 944 5251 (ti)
956 5189 1110 5240 Antisthenes
1124 5200 1165 5252 ap.
1179 5187 1249 5250 Diog.
1266 5189 1307 5249 iil,
1325 5191 1363 5237 33.
