3838 5926
376 521 921 724 unammiter
1242 513 1711 646 clamamus

322 770 572 868 ΕΠΕΩΝ
619 774 962 870 ΛΕΙΨΑΝΑ.
1139 775 1450 875 titulatum
1488 775 1826 882 RELIQUIAE.

557 983 740 1009 ...omo-
1113 1010 1119 1024 ·
1396 983 1571 1012 -οοοοοι-

500 1173 502 1178 *
531 1145 759 1204 ΠΡΟΟΙΜΙΟΝ.
1361 1157 1601 1218 PROOEMiUM.

316 1282 409 1342 Ἵππθῑ
419 1281 463 1341 ταί
476 1304 508 1360 ,ut
521 1283 651 1363 viimi,
662 1281 722 1344 3⁶0⁹
733 1287 758 1342 τ’
768 1284 812 1352 tat
823 1283 903 1362 θυμὸς
914 1283 1015 1364 ἱκάνοι,
1067 1329 1069 1336 1
1086 1303 1146 1368 Equi
1156 1303 1247 1366 quibua
1261 1304 1343 1366 vehor,
1356 1305 1433 1367 etqui
1446 1318 1494 1366 quo
1505 1304 1577 1353 anlml
1589 1303 1693 1365 impetus
1706 1304 1826 1364 terretur,

316 1372 430 1446 πὲμπῦν,
440 1369 497 1430 ἕπε(
509 1374 537 1448 μ’
548 1373 572 1438 l<
584 1369 640 1428 ὅδὸν
655 1375 739 1451 βῆσαν
750 1371 905 1451 militium
918 1374 1030 1450 iponem
1085 1405 1124 1440 me
1135 1391 1300 1452 eduxerunt,
1313 1397 1442 1455 postquam
1453 1393 1477 1440 lo
1489 1391 1608 1442 celebrem
1622 1405 1661 1441 mc
1674 1396 1799 1442 vexuunt
1816 1393 1880 1440 riam

319 1459 448 1536 Δαίμονος
459 1459 476 1530 ἣ
489 1461 558 1517 κατὰ
568 1459 645 1516 πάντ’
656 1458 723 1532 αὐτὴ
733 1459 805 1541 φῖρέῑ
815 1460 901 1518 Εἶδόῑα
913 1465 999 1541 φῶτα·
1085 1483 1142 1530 uem
1153 1493 1209 1542 qaam
1221 1481 1270 1544 ipsa
1284 1494 1326 1544 per
1337 1485 1418 1529 aurula
1429 1479 1496 1529 ducit
1508 1479 1606 1530 doctum
1619 1480 1713 1540 vireant,

316 1547 489 1627 sinopitem,
503 1552 536 1626 *d
551 1549 602 1626 γάρ
615 1571 648 1624 1²³
661 1549 840 1627 Militem
855 1550 930 1628 φὲρθν
942 1551 1019 1609 ἵπποι
1085 1569 1130 1618 laec
1140 1568 1240 1629 ferebar,
1253 1580 1357 1630 namque
1370 1568 1416 1618 luc
1426 1581 1465 1618 me
1476 1568 1585 1618 sollertes
1595 1570 1722 1631 portalnnt
1736 1568 1798 1631 eqni

283 1655 296 1693 ὓ
317 1634 390 1714 ἅρμα
400 1635 574 1695 ‘littidum‘
586 1640 676 1714 κθῧραῑ
688 1638 711 1694 δ’
723 1639 780 1696 ὁδὸν
793 1637 949 1714 ἡγεμόνευον
1084 1671 1181 1706 cavarum
1193 1659 1304 1718 agentem
1318 1656 1431 1718 nymphae
1443 1658 1524 1706 autem
1536 1656 1626 1705 itineris
1636 1659 1707 1705 erent
1716 1657 1799 1707 doses

269 1763 398 1776 Dn—--n

299 1839 334 1896 V.
363 1856 388 1894 t.
406 1837 583 1892 Parmenidei
605 1837 736 1892 carminis
750 1837 935 1893 exordiumn
958 1839 1042 1894 Sexto
1088 1842 1198 1896 initium
1214 1839 1390 1916 anquaedana
1402 1839 1609 1897 desiderentur.
1625 1840 1682 1894 Pro
1693 1840 1782 1914 βῆσαν
1794 1857 1880 1894 men-

261 1925 405 1999 Empirico
426 1935 568 1980 servatum
588 1935 629 1978 est
649 1927 698 1999 qui
714 1924 780 1982 adv.
800 1927 888 1983 lllath.
910 1927 974 1996 vll,
988 1945 1039 1980 ιιι
1088 1927 1229 1982 doselibai
1239 1928 1368 1982 nonnulli
1379 1928 1473 1996 ζῆσαν,
1487 1927 1644 2000 Stephanus
1654 1929 1683 1980 in
1693 1925 1783 1984 Poes.
1801 1927 1876 2002 phil.

260 2030 328 2087 pag.
345 2013 403 2068 213
416 2011 463 2068 ed.
487 2011 608 2068 Beklter.
625 2014 740 2086 triginta
753 2013 862 2087 primos
871 2031 966 2068 versus
978 2013 1044 2068 inde
1088 2033 1119 2088 p.
1131 2021 1163 2080 41
1178 2011 1201 2089 γ’
1215 2003 1293 2083 ἦσαν.
1305 2016 1435 2088 Denique
1445 2011 1503 2070 ὁδὸν
1514 2010 1669 2092 πολύφημον
1678 2025 1769 2088 poeta
1779 2015 1881 2088 appel-

261 2117 360 2154 avoce
368 2097 445 2162 ἵπποι
459 2117 548 2172 usque
563 2099 599 2153 ad
613 2101 699 2156 verba
717 2097 803 2164 πίστις
818 2099 916 2169 ἀληθής
930 2103 1043 2176 allegat,
1089 2105 1128 2158 lat
1142 2105 1229 2172 viam,
1241 2121 1303 2176 quae
1313 2103 1349 2157 ad
1363 2103 1527 2176 sapientiam
1540 2101 1631 2160 ducit.

262 2188 365 2260 quibus
376 2205 433 2242 uno
450 2197 548 2242 tenore
560 2204 656 2242 versus
672 2187 769 2244 53-58
782 2184 867 2261 (alli
883 2185 915 2244 σὺ
931 2187 1044 2256 τῆοδῑ-
1129 2193 1164 2247 V.
1183 2191 1211 2248 3.
1227 2187 1364 2264 Δαίμονος)
1381 2193 1422 2244 De
1435 2191 1577 2263 sapientiae
1591 2200 1620 2245 et
1631 2190 1811 2262 cognitionis
1825 2189 1879 2245 dea

261 2270 389 2348 λείπεται)
411 2273 567 2348 subjungit,
593 2275 699 2328 omissis
720 2276 838 2348 reliquis
849 2294 920 2348 quos
932 2275 1046 2330 aliunde
1090 2278 1215 2350 quadam
1229 2278 1276 2332 hic
1298 2279 1354 2350 agi,
1371 2276 1450 2348 cujus
1470 2294 1574 2330 nomen
1594 2277 1740 2346 reticetur,
1758 2277 1880 2348 planum

261 2362 423 2436 petivimus.
439 2363 479 2415 Ea
492 2372 533 2416 est
551 2360 634 2433 liujus
648 2361 759 2416 exordii
770 2381 830 2416 non
851 2362 940 2418 modo
953 2364 1046 2418 suavi·
1090 2383 1147 2420 esse
1163 2366 1300 2422 arbitror.
1316 2363 1417 2419 Sextus
1431 2361 1475 2420 aiv
1487 2361 1626 2441 φιλόσοφον
1635 2361 1710 2436 λόγον
1727 2365 1792 2419 sive
1806 2363 1880 2441 φιλο-

263 2458 305 2502 tas
319 2465 350 2500 ac
366 2455 515 2518 venustas,
533 2445 584 2500 sed
609 2448 693 2500 etiam
708 2447 831 2518 gravitas
855 2458 884 2502 et
905 2447 1043 2519 majestas,
1091 2451 1183 2532 σοφίαν
1199 2473 1256 2510 esse
1270 2455 1376 2527 statuit,
1396 2455 1512 2508 Procius
1524 2455 1553 2508 in
1567 2455 1659 2508 Perna.
1683 2455 1715 2512 T.
1738 2455 1780 2510 tv
1796 2473 1828 2527 p.
1844 2453 1878 2518 34

264 2544 296 2587 ut
308 2533 386 2586 lraud
395 2530 477 2587 facile
486 2533 602 2586 interea
616 2551 678 2604 quae
689 2545 799 2588 aetatem
812 2535 937 2590 tulerunt
945 2547 1044 2608 poeta-
1092 2539 1138 2597 ed.
1154 2541 1268 2596 Cousin.
1283 2537 1386 2617 νύμφην
1396 2535 1526 2617 ὑψιπόλην
1535 2550 1630 2594 vocat.
1648 2537 1705 2608 -ἣ
1716 2536 1792 2595 κατὰ
1802 2537 1879 2595 πάντ’

264 2639 328 2675 turn
341 2622 871 2694 graecorumoperareperiasearmen,
888 2623 1045 2696 quodcum
1093 2624 1158 2694 αὐτὴ
1174 2626 1255 2704 φέρει)
1272 2624 1407 2682 lncodd.
1429 2628 1532 2700 iegitur
1549 2616 1625 2702 vel}
1644 2624 1731 2682 πόντοι
1758 2625 1879 2704 piperno]

265 2707 348 2780 hujus
362 2709 495 2781 prooemii
511 2709 670 2780 praestantia
687 2711 777 2780 possit
792 2713 939 2783 componi.
954 2713 1048 2785 Fingit
1091 2718 1135 2770 vel
1150 2715 1167 2786 l,
1182 2715 1250 2772 κατὰ
1262 2713 1339 2773 πάντ’
1353 2713 1488 2792 ἅτηφέρει,
1500 2727 1584 2788 atque
1598 2717 1636 2770 ita
1648 2715 1742 2770 edidit
1752 2715 1880 2790 Stepha-

263 2805 350 2869 poeta
363 2796 488 2868 primum
501 2813 530 2850 se
541 2795 661 2849 sublime
678 2796 782 2850 elatum
797 2796 833 2850 ad
851 2798 993 2871 sapientiae
1007 2815 1048 2852 sa·
1091 2823 1144 2858 nus
1158 2805 1187 2858 in
1201 2803 1283 2859 Poesi
1296 2805 1367 2878 phil.
1382 2804 1525 2858 Bekltetats
1536 2803 1659 2876 vulgavit
1674 2801 1691 2870 ἣ
1706 2802 1781 2860 κατὰ
1794 2803 1880 2860 πάντα

265 2892 388 2946 crarium
402 2891 431 2945 in
445 2890 548 2946 aethere
563 2891 647 2944 situm
662 2888 735 2946 Solis
749 2890 860 2948 filiabus
882 2895 1047 2949 comitanti·
1091 2893 1125 2958 τῆ
1141 2890 1222 2969 φέρει.
1242 2890 1299 2947 Sed
1313 2910 1402 2964 quum
1413 2889 1577 2962 hujusmodi
1599 2892 1740 2965 scriptum
1764 2893 1881 2947 tolerari

264 2980 319 3034 bus
335 2989 420 3052 atque
431 2981 484 3034 iter
498 2979 721 3033 monstrantibus
736 2999 821 3035 cttrru
834 2982 930 3050 evehi,
942 2981 1046 3036 deinde
1092 2991 1224 3052 nequeat,
1249 2979 1401 3034 Boecltitius
1419 2977 1571 3052 legendum
1595 2995 1653 3032 esse
1674 2978 1805 3048 coniecit
1828 2983 1879 3032 πᾶν

266 3067 296 3120 in
315 3076 459 3141 perpetuae
473 3066 543 3121 lucis
562 3067 608 3120 via
623 3084 803 3140 progressum
824 3077 910 3142 atque
929 3068 967 3124 ad
988 3068 1047 3122 deae
1092 3063 1179 3141 πάντῃ
1188 3063 1446 3145 φέρτι,Βι·οιιάἰιὶοε
1454 3063 1540 3120 πάντα
1552 3065 1623 3140 σαφῆ
1631 3060 1711 3142 φέρει,
1719 3066 1880 3121 dicinekins

266 3155 402 3228 templum
422 3153 548 3208 delatum
567 3172 601 3208 ex
615 3153 675 3224 ejus
689 3172 740 3208 ore
751 3165 778 3209 et
792 3166 902 3210 aeternae
921 3156 1048 3210 veritatis
1092 3151 1169 3211 πάντ’
1180 3153 1257 3223 ἀσινῆ
1265 3151 1563 3232 p.‚Korsteniusemiva'
1572 3153 1653 3221 ἀδοῆ,
1663 3153 1710 3206 alii
1720 3150 1801 3207 πάντ’
1811 3153 1879 3221 atta,

265 3241 1046 3316 praeccptaetdesaisismortadiutnopinionibustnonita
1093 3246 1272 3298 llermanuus
1293 3242 1416 3314 denique
1439 3239 1456 3310 ἣ
1476 3239 1520 3296 καὶ
1541 3237 1618 3296 πάντ’
1636 3237 1704 3308 αὐτὴ
1730 3239 1807 3318 φέρει
1826 3243 1881 3297 hoc

266 3329 405 3402 accipere.
420 3327 506 3382 initio
519 3324 596 3384 ἵπποι
609 3327 684 3383 idem
698 3340 781 3384 sonat
803 3329 884 3403 quod
905 3327 979 3406 ἅρμα
1003 3330 1047 3387 καὶ
1092 3349 1173 3385 sensu
1187 3350 1193 3384 :
1207 3350 1273 3404 qaoe
1284 3331 1382 3385 cariem
1397 3333 1677 3403 quearavissapientem
1687 3333 1782 3384 vinam
1793 3321 1879 3384 ducit.

265 3412 351 3472 ἵπποι.
361 3413 463 3471 Sextus
472 3415 629 3488 Empirieus
638 3415 842 3489 doctiusquam
851 3417 946 3470 verius
953 3413 1047 3480 ἵππους
1094 3421 1154 3492 Ego
1168 3438 1224 3474 una
1241 3420 1334 3474 littera
1356 3420 1459 3473 inserta
1474 3415 1602 3486 scriboii
1626 3414 1696 3473 κατὰ
1714 3415 1795 3476 πάντ’
1816 3417 1879 3486 αὐτὴ

258 3505 471 3578 interpretatur
486 3500 532 3568 τὰς
553 3499 661 3578 ἀλόγους
683 3504 729 3573 τῆς
752 3503 838 3582 ψυχῆς
858 3503 941 3580 ὁρμάς
961 3526 989 3559 τε
1004 3504 1048 3560 καὶ
1093 3496 1174 3572 φέρει.
1197 3499 1268 3552 Nam
1284 3499 1497 3552 Hertnannianae
1518 3498 1713 3570 explicationi,
1729 3517 1788 3570 qua
1806 3497 1880 3554 πάντ’

265 3589 372 3668 ὀρέξεις.
387 3594 455 3664 Quae
470 3602 628 3664 sequuntur
642 3592 671 3646 in
684 3592 760 3646 hunc
775 3592 906 3647 ordinem
916 3592 1048 3666 redigen·
1093 3605 1148 3660 pro
1176 3588 1310 3660 singulari
1338 3587 1489 3658 accipitur,
1514 3587 1653 3658 imprimis
1678 3587 1776 3642 obstat
1804 3586 1879 3643 Sesti

266 3679 304 3734 da
327 3700 332 3734 :
354 3675 458 3750 πέμπον
478 3699 510 3753 με
535 3679 574 3754 ἐφ’
588 3676 649 3736 ὅσον
665 3675 745 3749 θυμὸς
758 3676 857 3748 ἱκάνοι,
877 3697 1048 3753 quamquam
1094 3675 1257 3740 auctoritas,
1274 3674 1323 3746 qui
1338 3670 1408 3728 κατὰ
1422 3671 1509 3728 πάντα
1524 3670 1595 3748 φέρει
1615 3684 1692 3729 recte
1708 3675 1880 3748 interpreta-

268 3764 450 3821 concedimus
470 3785 529 3821 non
548 3768 641 3822 minus
655 3778 731 3822 recte
751 3765 834 3841 jungi
850 3764 894 3822 ἐπὶ
907 3786 972 3822 cum
987 3764 1047 3824 ὅσον
1094 3761 1193 3818 turini
1206 3759 1253 3831 τὴν
1269 3759 1392 3819 ἁπάντων
1407 3760 1497 3834 ὁδηγεῖ
1510 3763 1617 3834 γνῶσιν.
1633 3761 1720 3834 Quod
1735 3762 1879 3836 reliquum

267 3870 353 3924 quam
367 3871 431 3907 cum
443 3850 538 3912 ἱκάνοι.
1094 3862 1143 3919 est,
1160 3848 1246 3907 εἰδότα
1260 3851 1334 3927 φῶτα
1346 3851 1474 3904 nominat
1490 3850 1584 3904 virum
1595 3851 1644 3922 qui
1654 3853 1787 3921 quamvis
1798 3869 1878 3923 supra

309 3935 342 3995 V.
360 3957 388 3995 n.
403 3936 460 3996 ἐπεί
472 3936 499 4014 μ’
514 3942 538 4005 ἐς
552 3937 621 4014 ὁδὸν)
636 3938 870 3997 Karsteniusittd
883 3942 1049 3998 vertendum
1093 3941 1194 4012 vulgus
1207 3939 1306 4011 sapiat,
1317 3948 1410 3992 tamen
1425 3936 1555 3992 nondum
1572 3937 1699 4010 perfecta
1713 3938 1877 3993 eruditione

267 4027 377 4080 censuit
389 4029 532 4100 siquidem,
548 4030 658 4101 priores
673 4038 729 4084 tres
739 4047 835 4084 versus
847 4031 969 4102 primam
983 4048 1049 4085 sen·
1094 4028 1217 4100 repletus
1231 4027 1276 4083 sit.

270 4113 387 4168 tentiam
401 4131 458 4170 esse
471 4116 634 4188 suspicatus.
659 4115 795 4171 Estndem
813 4117 953 4171 rationem
979 4119 1050 4171 tueri
1135 4119 1168 4170 V.
1187 4122 1215 4180 4.
1244 4109 1421 4188 πολύφραοτον
1442 4107 1531 4179 ἵπποι)
1548 4115 1611 4166 Ηοο
1626 4113 1743 4168 nomine
1755 4114 1879 4166 sollertes

268 4202 383 4258 videtur
396 4201 537 4257 Bekiterus
551 4213 659 4276 puncto
677 4213 745 4275 post
758 4198 843 4258 εἰδότα
856 4203 930 4277 φῶτα
945 4205 1048 4277 posito.
1093 4205 1189 4278 potius
1203 4221 1287 4275 quam
1302 4203 1417 4256 multum
1427 4198 1578 4256 celebratos
1592 4211 1620 4255 et
1631 4219 1781 4272 generosos
1793 4219 1878 4273 equos

270 4293 308 4345 tt
337 4307 426 4362 quum
455 4289 540 4362 longe
563 4289 730 4343 concinnior
756 4290 792 4343 sit
824 4290 999 4358 enuntiatio,
1028 4293 1051 4346 si
1096 4289 1397 4346 Parmenidesvocasse
1410 4289 1624 4344 censendusest.
1636 4287 1796 4360 Ambignus
1807 4289 1877 4342 enim

270 4379 594 4451 prioresseptemversus
605 4376 725 4448 primam
737 4375 887 4449 periodum
899 4395 958 4432 esse
969 4379 1048 4447 velis,
1094 4379 1174 4432 vocis
1199 4377 1358 4431 intellectus
1387 4395 1445 4429 non
1475 4377 1567 4430 solum
1592 4386 1712 4449 propter
1735 4375 1879 4447 duplicem

269 4462 343 4520 banc
360 4465 477 4519 aiteram
497 4481 613 4536 quoque
633 4464 771 4518 rationem
796 4465 965 4531 Katstenius,
987 4467 1052 4521 licet
1095 4465 1177 4520 verbi
1199 4461 1303 4539 φράζειν
1324 4473 1505 4536 potestatem,
1528 4462 1676 4517 sedetiam
1689 4463 1878 4535 proptervim

271 4553 446 4620 dubitanter,
457 4552 603 4625 probavit.
618 4551 666 4606 tit
677 4553 752 4606 enim
763 4562 823 4605 tum
831 4553 926 4607 locum
937 4555 967 4607 in
976 4554 1052 4610 iaunc
1096 4563 1154 4608 tam
1166 4553 1288 4608 activam
1304 4571 1389 4625 quam
1405 4551 1542 4624 passivam
1557 4548 1763 4626 adjectivorum
1776 4549 1878 4602 verba-

270 4639 390 4694 modum
403 4639 456 4694 sibi
471 4637 680 4694 emendandum
689 4639 782 4694 videri
796 4657 802 4692 :
1097 4643 1177 4711 lium,
1188 4659 1244 4714 qua
1258 4642 1289 4694 in
1299 4641 1355 4694 hoc
1373 4641 1434 4713 ipso
1448 4637 1537 4692 verbo
1552 4635 1595 4706 fit,
1607 4647 1639 4691 ut
1652 4631 1813 4711 θεόφραστος
1824 4655 1877 4690 non

1098 4731 1186 4802 tnagis
1198 4728 1324 4802 designet
1333 4747 1396 4783 eum
1410 4728 1458 4800 qui
1474 4743 1490 4780 a
1504 4725 1559 4780 deo
1570 4725 1662 4779 dictus
1675 4733 1717 4778 est
1728 4739 1818 4795 quam
1834 4724 1878 4796 qni

1099 4815 1218 4871 deorum
1239 4833 1318 4869 more
1338 4815 1466 4888 loquitur
1487 4811 1533 4866 vel
1548 4811 1643 4874 divina
1658 4808 1796 4882 praeditus
1821 4812 1878 4866 elo·

1099 4904 1214 4978 quentia
1231 4914 1282 4961 est.
1301 4904 1441 4975 Quocirca
1466 4897 1647 4977 πολύφροστος
1669 4915 1737 4952 cum
1766 4895 1877 4952 Karste-

1100 4993 1148 5046 nio
1159 4991 1232 5046 idem
1243 4991 1288 5046 hic
1299 4991 1391 5045 valere
1399 5001 1471 5064 puto
1482 4986 1560 5061 quod
1571 4981 1754 5062 πολυφραδής.
1770 4985 1878 5042 Etenim

273 5075 328 5130 Sed
339 5075 398 5130 llaec
409 5074 569 5131 emendatio
583 5093 676 5148 neque
690 5077 845 5132 necessaria
859 5086 909 5145 est,
919 5085 946 5131 et
959 5088 1052 5133 metro
1099 5097 1237 5152 equorum
1253 5079 1374 5132 sollertia
1391 5078 1421 5130 in
1436 5095 1471 5131 eo
1485 5075 1612 5131 cernitur
1625 5071 1706 5147 quod
1719 5082 1837 5146 poetam
1853 5072 1877 5123 in

268 5174 417 5237 reprugnat.
444 5164 584 5238 Equidem
613 5165 684 5218 nihii
711 5163 880 5220 mutandum
901 5165 1051 5236 existimo,
1099 5167 1224 5222 veritatis
1234 5167 1307 5220 viam
1321 5164 1477 5220 deducunt.

267 5251 421 5324 presertim
444 5269 531 5325 quum
552 5253 720 5322 nesciamus,
734 5253 805 5308 sitne
828 5253 968 5327 integrum
993 5254 1050 5309 hoc
1139 5261 1170 5314 V.
1195 5255 1224 5313 5.
1252 5257 1343 5333 κοῦραι
1366 5250 1390 5307 δ’
1403 5249 1461 5309 ὁδὸν
1477 5246 1643 5326 ἡγεμόνευον)
1667 5248 1777 5322 exagio
1806 5248 1875 5302 llice

331 4765 424 4837 ἵπποι,
438 4763 483 4822 ted
496 4731 529 4840 με
545 4764 674 4846 φέρουσιν,
688 4763 747 4823 ὅσον
761 4767 785 4823 τ’
800 4765 843 4824 ἐπὶ
857 4767 934 4844 θυμὸς
947 4767 1024 4847 ἱκόνῃ

331 4853 474 4928 πόμπουο’,
489 4851 546 4910 ἐπεί
559 4853 589 4929 μ’
604 4854 630 4919 ἐς
645 4851 703 4910 ὁδὸν
722 4855 806 4931 βῆσαν
826 4896 979 4914 .......

331 4945 364 5019 τῇ
381 4938 496 5021 φερόμην
511 4963 538 5001 κ.
553 4963 578 5027 τ.
593 4941 620 5003 λ.
