3690 5924
250 453 650 602 ΖΗΝΩΝΟΣ
695 479 1371 609 ΑΠΟΣΠΑΣΜΑΤΙᾹ.

675 717 957 751 “Off-—

34 881 51 922 i.
65 859 114 919 dit
127 863 208 918 τοῦτο
219 861 278 919 λόει
290 857 320 942 [ό
330 861 530 941 Ἀριστοτέλης]
542 862 588 921 καί
605 863 649 922 τδν
668 863 788 935 Ζήνωνος

67 952 113 1004 τοῦ
126 947 259 1006 Ἐλεάτου
279 948 375 1026 λόγον,
395 947 423 1006 δν
442 947 519 1028 ήρετο
544 948 722 1030 Πρωταγόραν
743 951 786 1009 τόν

67 1033 203 1115 σοφιστήν.
250 1035 315 1094 Εἰπέ
330 1035 381 1114 γάρ
404 1059 463 1111 μοι,
482 1036 545 1114 ἔφη,
566 1027 786 1117 ι’έιΠρωιογόρα,

68 1115 116 1200 δρα
141 1125 156 1178 δ
177 1111 216 1188 εἷς
239 1121 347 1200 κέγχρος
370 1120 525 1181 καταπεσὼν
539 1122 619 1202 ψόφον
633 1131 701 1182 ποιεῖ
721 1122 738 1194 ή
757 1125 787 1184 τὸ

68 1207 206 1285 μυριωπὸν
218 1211 267 1265 τοῦ
279 1208 390 1286 κέγχρου
399 1231 406 1280 ;
416 1215 461 1268 τοῦ
471 1209 498 1268 δέ
510 1209 624 1276 εἰπόντος
637 1209 673 1285 μή
688 1211 786 1283 ποιεῖν,

68 1294 99 1352 Ὁ
118 1292 145 1350 δὲ
167 1293 310 1368 μέδιμνος,
335 1294 402 1372 ἔφη,
421 1298 473 1352 τῶν
489 1292 607 1372 κέγχρων
631 1295 787 1354 καταπεσὼν

67 1380 134 1437 ποιεῖ
146 1379 233 1459 ψόφον
252 1378 325 1451 ἤιέ,
339 1385 385 1437 τοῦ
400 1379 426 1439 δὲ
439 1381 529 1460 ψοφεῖν
546 1382 661 1462 εἰπόντος
677 1381 720 1439 τδν
738 1383 787 1459 μέ-

68 1468 172 1542 διμνον,
188 1465 227 1525 Τί
243 1456 303 1537 οὖν,
319 1465 369 1544 ἔφη
383 1468 397 1523 ὁ
413 1466 523 1542 Ζήνων,
535 1469 583 1525 οὐκ
592 1466 647 1526 έστι
656 1468 731 1546 λόγος
742 1473 788 1526 τοῦ

68 1553 189 1628 μεδίμνου
202 1556 255 1611 τῶν
269 1553 387 1632 κέγχρων
400 1552 464 1632 πρὸς
478 1554 522 1613 τὸν
536 1553 581 1612 ἵνα
597 1558 643 1613 καί
656 1555 685 1612 εδ
698 1578 786 1635 μυριο-
818 1566 820 1572 “

70 1640 125 1697 στὀν
139 1644 185 1698 τοῦ
201 1641 273 1714 ἑνός;
289 1640 374 1699 τοῦδέ
390 1642 517 1722 φήσαντος
531 1632 609 1714 εἶναι,
619 1641 654 1702 Τί
664 1634 723 1715 οὖν,
736 1643 784 1722 έφη
829 1699 830 1702 ,

69 1731 80 1782 δ
93 1726 198 1798 Ζήνων,
209 1729 294 1787 οὔκαὶ
305 1733 356 1787 τῶν
366 1727 455 1810 ψόφων
464 1729 568 1788 ἔσονται
581 1731 653 1807 λόγοι
661 1730 724 1809 πρὸς
738 1733 786 1788 διλ-

68 1814 157 1884 λήλους
171 1817 195 1874 οἱ
212 1816 304 1888 αὐτοί,
318 1819 353 1881 ὡς
364 1815 414 1895 γδιρ
427 1816 461 1874 τδι
476 1820 625 1895 ψοφοῦντα,
640 1817 685 1875 καὶ
699 1819 723 1875 οἱ
736 1819 784 1897 ψό·

71 1923 125 1979 φοι·
140 1899 235 1961 τούτου
257 1901 285 1960 δὲ
305 1902 385 1969 οὕτως
403 1903 520 1982 ἔχοντος,
533 1904 556 1961 ιδ
574 1907 588 1962 ὁ
604 1904 726 1979 μέδιμνος
741 1909 787 1964 τοῦ

70 1988 176 2068 κέγχρου
190 1991 287 2068 ψοφεῖ,
303 1988 414 2069 ψοφήσει
432 1989 477 2048 καὶ
491 1992 505 2046 δ
521 1981 557 2056 εἷς
575 1988 684 2069 κέγχρος
698 1989 742 2049 καί
756 1989 786 2048 τδ

71 2075 202 2151 μυριωπὸν
216 2081 264 2134 τοῦ
279 2075 402 2154 κέγχρου.

107 2161 115 2239 ή
129 2161 301 2238 Simplicius
319 2165 350 2220 in
363 2162 451 2239 Phys.
467 2163 516 2221 toi.
532 2164 588 2220 255
603 2182 630 2220 a.
648 2163 692 2222 Cf.
716 2163 784 2221 dri-

73 2259 133 2305 atot.
146 2245 236 2324 Phys.
255 2247 320 2320 VH,
339 2248 387 2324 5.)

41 2373 47 2385 .
75 2332 174 2398 Δεικνὺς
184 2332 236 2412 γδρ
247 2333 302 2406 ότι,
314 2335 337 2392 εἰ
348 2333 434 2394 πολλὰ
451 2334 520 2404 ἔστι,
529 2331 563 2392 τδ
581 2332 649 2393 αὖτδ
667 2355 785 2412 πεπιρα·

75 2418 149 2492 ομένιι
164 2419 219 2479 tart
234 2419 282 2478 καὶ
296 2420 409 2498 άπειρα,
420 2423 513 2502 γράφει
529 2427 611 2480 ταῦτα
629 2421 697 2480 κατὰ
718 2419 785 2488 λέξιν

75 2509 86 2561 ό
98 2503 199 2572 Ζήνων·
212 2530 225 2556 ε
241 2507 278 2566 Εἰ
290 2507 376 2565 πολλὰ
387 2508 471 2579 ἔστιν,
481 2509 582 2585 ἀνάγκη
596 2513 709 2568 τοσαῦτα
719 2498 786 2566 εἶναι

75 2587 194 2659 dotari,
214 2591 261 2650 καί
281 2591 456 2652 miraremini«
471 2597 556 2653 αὐτῶν
570 2594 628 2654 οὔτε
645 2595 783 2653 έλάττονα.

77 2678 105 2736 Εἰ
119 2675 143 2734 δέ
160 2683 278 2736 τοσαῦτα
301 2678 371 2738 ἔστιν
385 2681 434 2739 ὅσα
455 2681 526 2752 ἔστι,
545 2681 730 2759 πεπερασμένα
751 2679 783 2739 δν

76 2761 146 2834 εἴη.»
167 2765 221 2822 Καὶ
237 2764 360 2823 πάλιν·ε
379 2768 410 2823 Εἰ
426 2765 512 2826 πολλὰ
533 2766 615 2840 ἔστιν,
637 2767 733 2847 έπειρει
751 2768 783 2826 εδ

77 2848 130 2906 ὄντα
139 2850 220 2908 ἐστίν·
236 2851 280 2909 ἀεὶ
292 2853 343 2932 γάρ
358 2851 434 2933 έτερα
447 2851 544 2930 μεταξὺ
557 2856 609 2913 τῶν
625 2854 706 2914 όντων
728 2856 783 2914 ἔστι

76 2934 114 2992 καί
133 2936 211 2994 πάλιν
236 2936 342 2996 ἐκείνων
368 2935 442 3018 έτερα
469 2938 578 3014 μεταξύ.
624 2941 678 3000 Καὶ
702 2939 784 3009 οὕτως

78 3021 164 3102 άπειρα
176 3022 209 3078 εδ
223 3021 287 3082 ὄντα
299 3022 366 3081 έστί.
380 3051 393 3076 1·
409 3024 463 3084 idat
476 3025 545 3084 οὕτω
557 3024 607 3101 μέν
621 3025 650 3083 εδ
666 3026 733 3085 κατὰ
753 3028 782 3086 ιδ

76 3107 162 3176 πλῆθος
173 3108 280 3188 ἄπειρον
295 3113 324 3168 έκ
334 3114 380 3181 τῆς
394 3111 543 3190 διχοτομίας
560 3111 648 3180 ἔδειξε.
690 3114 731 3174 Τὸ
753 3112 781 3171 δέ

892 867 923 924 διν
937 865 997 941 εἴη,
1013 869 1149 940 έπάγει·ο
1172 867 1208 928 Ei
1227 869 1254 928 δέ
1279 870 1348 928 ἔστιν
1355 908 1369 943 ,ι
1382 870 1484 948 άνέγκη
1499 871 1610 935 ἕκαστον
1657 880 1661 886 ’

891 953 970 1011 αὐτοῦ
991 952 1098 1030 μέγεθός
1113 978 1141 1012 τε
1158 955 1226 1034 έχειν
1250 955 1295 1014 καὶ
1318 956 1420 1034 πάχος,
1437 958 1482 1016 καὶ
1500 961 1608 1038 άπέχειν

890 1039 919 1097 τὸ
933 1039 1018 1119 ἕτερον
1029 1041 1081 1100 άπὸ
1094 1047 1138 1101 τοῦ
1149 1041 1246 1121 ἑτέρου.
1285 1043 1338 1101 Καὶ
1349 1045 1408 1123 περὶ
1421 1052 1467 1103 τοῦ
1481 1047 1609 1126 προῦχον-

890 1133 956 1196 τοςδ
972 1129 1048 1194 αὐτὸς
1059 1129 1145 1208 λόγος·
1160 1129 1204 1188 καί
1219 1131 1270 1209 γὰρ
1287 1134 1369 1190 έκεῖνο
1382 1133 1432 1200 έξει
1444 1133 1549 1211 μέγεθος
1563 1138 1608 1194 καὶ

889 1216 990 1298 προέὶει
1003 1220 1080 1276 αὐτοῦ
1094 1241 1129 1275 τι.
1152 1218 1265 1294 Ὅμοιον
1281 1217 1308 1276 δδ
1321 1225 1397 1278 τοῦτο
1413 1219 1482 1288 ἅπαξ
1491 1245 1519 1280 τε
1530 1225 1610 1280 εἰπεῖν

891 1304 936 1362 καὶ
949 1307 990 1364 ἀεί
1003 1303 1106 1382 λέγειν·
1118 1305 1191 1364 οὐδὲν
1206 1304 1257 1383 γὰρ
1272 1308 1351 1366 αὐτοῦ
1366 1312 1480 1366 τοιοῦτον
1495 1310 1605 1386 ἔσχατον

894 1390 982 1460 έστοι,
993 1389 1145 1470 οὗτεέτερον
1156 1391 1220 1471 πρδς
1229 1392 1315 1472 ἕτερον
1329 1397 1376 1452 οὐκ
1391 1393 1475 1454 ἔσται.
1517 1395 1609 1462 Οὕτως

892 1480 915 1536 εἰ
929 1477 1014 1536 πολλδι
1033 1477 1101 1536 ἔστιν
1112 1522 1120 1549 ,
1133 1478 1232 1555 ἀνάγκη
1256 1479 1323 1538 αιίτδι
1338 1481 1418 1559 μικρά
1432 1504 1461 1539 τι
1476 1472 1544 1540 εἶναι
1562 1483 1608 1540 καί

892 1565 1008 1642 μεγάλα·
1021 1565 1102 1644 μικρδ
1119 1564 1181 1639 μέν,
1193 1564 1262 1623 ὥστε
1284 1565 1320 1641 μὴ
1336 1566 1405 1645 ἔχειν
1426 1566 1547 1645 μέγεθος,
1560 1591 1607 1644 με·

887 1650 959 1726 1γάλα
972 1649 1017 1723 δέ,
1031 1647 1098 1708 ὥστε
1118 1650 1213 1728 άπειριε
1229 1641 1305 1712 εἶναι.
1322 1680 1333 1702 .

929 1719 1116 1813 (Simplicius
1133 1737 1163 1795 in
1176 1736 1264 1813 Phys.
1280 1737 1329 1794 fol.
1343 1737 1380 1794 30
1392 1736 1474 1798 mci.
1487 1737 1605 1798 Eadem.

890 1824 966 1901 apud
978 1823 1111 1901 Simplic.
1130 1824 1161 1882 in
1176 1823 1265 1900 Phys.
1282 1824 1333 1884 soi.
1349 1825 1384 1882 30
1397 1829 1444 1902 a.)

845 1952 854 1971 .
889 1909 925 1969 ‘0
939 1908 1059 1980 Ζήνωνος
1075 1909 1151 1985 λόγος
1166 1913 1280 1988 ἀναιρεῖν
1295 1909 1378 1968 ἐδόκει
1388 1910 1431 1968 τόν
1449 1909 1528 1970 τόπον
1543 1911 1606 1990 έρω-

888 2001 939 2055 τιῖιν
957 1996 1084 2063 otene-u
1112 1998 1144 2056 Ei
1164 1995 1233 2056 ἔστιν
1248 1999 1261 2054 ό
1276 1996 1366 2068 τόπος,
1384 1999 1410 2054 έν
1432 1998 1483 2055 τίνι
1510 1999 1604 2070 έσταις

888 2092 941 2141 πᾶν
950 2081 1039 2162 γὰρδι
1052 2082 1078 2140 έν
1087 2105 1145 2140 τινι·
1156 2083 1185 2141 εδ
1195 2082 1222 2140 δέ
1233 2083 1257 2140 έν
1268 2085 1371 2143 τινικαὶ
1381 2086 1406 2142 έν
1416 2083 1499 2162 τόπῳ.
1510 2081 1609 2143 Ἔσται

892 2170 943 2247 άρα
958 2169 1002 2228 καὶ
1018 2167 1119 2236 δτόπυς
1132 2172 1159 2229 έν
1176 2169 1264 2249 τόπῳ,
1279 2169 1324 2227 καί
1337 2177 1411 2230 τοῦτο
1426 2171 1468 2226 έπ’
1488 2166 1606 2248 ἄπειρον.

888 2257 947 2316 Οὐκ
963 2255 1015 2334 δρα
1029 2256 1124 2314 έοτινό
1142 2253 1229 2320 τόπος.
1244 2279 1256 2305 ν

928 2333 1115 2414 (Simplicius
1129 2333 1216 2410 Phys.
1232 2333 1282 2393 iol.
1303 2335 1357 2390 130
1373 2332 1404 2393 b.
1420 2332 1464 2390 Gi.
1484 2333 1606 2390 Aristot.

889 2420 976 2494 Phys.
990 2419 1038 2489 lv,
1057 2440 1083 2489 ε,
1102 2421 1147 2494 3.)

846 2552 852 2565 .
890 2508 1020 2586 Τέτταρες
1032 2507 1054 2564 δ’
1070 2507 1119 2563 εἰσὶ
1137 2506 1207 2583 λόγοι
1222 2507 1283 2583 περὶ
1296 2505 1423 2576 κινήσεως
1439 2503 1559 2575 Ζήνωνος
1581 2507 1607 2564 οἱ

889 2592 1046 2673 παρέχοντες
1055 2593 1102 2659 τὰς
1114 2594 1251 2659 δυσκολίας
1261 2593 1313 2658 τοῖς
1323 2591 1436 2652 λύουσιν·
1449 2595 1550 2670 πρῶτος
1560 2594 1607 2667 μέν

888 2682 1041 2762 όπερὶμοῦ
1056 2679 1093 2756 μὴ
1117 2679 1241 2737 κινεῖσθαι
1266 2677 1309 2736 διδι
1322 2678 1352 2737 τὸ
1374 2677 1498 2755 πρότερον
1521 2680 1556 2742 είς
1577 2675 1607 2734 τὸ

889 2764 971 2838 ήμισυ
986 2763 1038 2824 δεῖν
1055 2765 1192 2844 ἀφικέσθαι
1212 2764 1242 2822 τὸ
1256 2763 1424 2845 φερόμενονή
1441 2763 1504 2842 πρὸς
1518 2763 1548 2821 τὸ
1564 2765 1606 2820 τέ-

888 2853 942 2916 λος.
957 2851 1135 2930 -Δεύτερος
1148 2851 1171 2908 δ’
1186 2852 1200 2907 δ
1217 2849 1378 2926 καλούμενος
1392 2847 1538 2927 Ἀχιλλεύς·
1550 2847 1607 2908 ἔστι

884 2939 907 2995 δ’
923 2927 1012 3014 οὗτος,
1034 2936 1118 2995 ὅτιτὸ
1134 2936 1288 3017 βραδύτερον
1304 2934 1425 2995 οὐδέποτε
1438 2937 1606 3016 καταληφθή-

889 3047 962 3083 οεται
975 3024 1031 3084 θέον
1044 3023 1093 3082 ὑπὸ
1106 3029 1150 3082 τοῦ
1164 3023 1299 3103 ταχίστου,
1308 3023 1454 3102 ἔμπροσθεν
1464 3022 1515 3102 γδιρ
1527 3025 1606 3098 σἰναγ·

888 3118 963 3169 καῖον
984 3113 1066 3170 έλθεῖν
1085 3119 1115 3169 τό
1135 3111 1228 3170 διῶκον
1247 3109 1305 3168 ὅθεν
1317 3105 1427 3189 ὥρμησε
1444 3108 1474 3168 ιδ
1494 3114 1605 3188 φεῦγον,

888 3198 951 3257 ὥστ’
967 3197 1006 3256 ιἰιί
1020 3221 1045 3256 τι
1059 3197 1179 3277 προέχειν
1199 3201 1340 3274 ἀναγκαῖον
1354 3197 1383 3256 τδ
1400 3195 1605 3276 βραδέειρον....

891 3328 1058 3346 ..............
1060 3284 1144 3363 τρίτος
1160 3281 1361 3353 δὲ.........ότιή
1381 3283 1465 3348 δῖσιδς
1475 3282 1605 3363 φερομένη

77 3193 135 3250 κατέ
143 3194 244 3272 μέγεθος
255 3195 378 3276 πρότερον
385 3196 505 3269 κατδιήν
516 3197 596 3270 αὐτὴν
608 3199 778 3279 έπιχείρησιν·

77 3279 198 3355 προδείξας
210 3283 262 3360 γάρ
276 3281 332 3360 ὅτι,
347 3285 369 3341 εἰ
383 3281 420 3360 μή
436 3283 492 3362 έχοι
505 3284 611 3362 μέγεθος
624 3286 655 3344 τὸ
667 3285 712 3358 όν,
726 3286 779 3344 οὐδ’

59 3450 76 3490 i.
85 3445 165 3495 Idcirco
179 3447 352 3510 (Aristotelea)
365 3451 437 3499 etiam
451 3452 552 3501 zenonis
565 3452 654 3501 itioatat
668 3453 784 3502 rationem
831 3453 901 3511 Quod
913 3455 994 3503 autem
1011 3451 1172 3514 magnitudine
1183 3450 1301 3501 infinitum
1315 3453 1353 3501 eat
1367 3452 1434 3512 prino
1446 3448 1529 3498 eadem
1539 3461 1607 3510 argu·

39 3528 135 3595 diuidit,
145 3536 174 3585 de
191 3551 237 3600 qua
256 3541 408 3602 Protagoram
420 3540 551 3602 sophistam
561 3541 724 3602 interrogarit.
742 3541 786 3591 Dio
830 3539 1098 3589 mentatiouooatendii.
1132 3540 1192 3587 tiam
1212 3540 1338 3600 postquam
1355 3535 1540 3599 probarit‚nisi
1555 3546 1605 3582 ma-

39 3614 96 3678 niii,
109 3618 190 3684 inquit,
203 3637 217 3672 υ
233 3627 376 3685 Protagora,
391 3638 449 3675 nom
461 3639 536 3676 υινιιιιι
553 3627 612 3676 mitit
630 3639 730 3687 granum
741 3626 785 3676 de·
830 3627 956 3688 quitudine
967 3625 1096 3687 praeditum
1110 3626 1143 3676 ait
1155 3637 1210 3687 oua,
1225 3625 1248 3673 id
1261 3637 1310 3672 nou
1324 3635 1393 3684 eaeo,
1406 3621 1529 3683 aobjrrugit
1542 3639 1570 3668 a«
1581 3620 1606 3669 si

37 3699 109 3763 Ιοειουι
120 3719 200 3758 aarum
221 3711 310 3761 ottioiat
331 3713 368 3762 ret
386 3712 464 3763 dedeo
483 3713 608 3763 millesima
629 3727 684 3777 pare
708 3715 784 3775 grani.
831 3713 952 3771 remeet,
973 3714 1124 3760 decesserat
1149 3721 1343 3772 unamquamque
1364 3719 1415 3757 reru
1439 3705 1604 3768 magnitudine

38 3787 145 3843 ittoautem
154 3795 244 3848 dioeuto
256 3811 305 3847 noo
316 3798 419 3860 atiioera,
430 3801 461 3850 at
471 3799 614 3863 medimnus,
625 3801 713 3863 iuquit,
723 3801 783 3850 milii
829 3797 953 3860 praeditam
964 3809 1017 3847 εεεε
1028 3802 1052 3847 et
1068 3796 1238 3858 crassitudine,
1256 3801 1328 3858 ⁸²q¹¹⁰
1346 3793 1428 3845 *W
1440 3793 1470 3841 ¹¹¹
1486 3793 1537 3855 ἰΙ)οδ
1549 3794 1605 3840 ¹¹¹¹·

39 3869 127 3937 datorem
139 3881 240 3934 eidoitne
257 3897 344 3933 sonam
358 3897 402 3935 uec
427 3889 471 3935 ne?
493 3889 618 3937 latorem
638 3887 785 3937 medimnum
829 3895 902 3946 qnam
914 3883 1048 3933 aiidaliam.
1082 3883 1172 3933 ttadem
1181 3886 1218 3932 eat
1228 3882 1288 3932 ratio
1295 3865 1535 3944 promtoeodaimm
1544 3876 1604 3926 iliud

40 3971 106 4011 rorare
119 3963 220 4029 dicento,
231 3970 296 4030 Quid
316 3971 396 4033 igitar,
417 3971 587 4035 inquinem,
600 3986 678 4023 nonna
688 3975 725 4024 oet
736 3987 786 4024 me·
828 3969 1016 4033 magnitudinem
1028 3969 1126 4020 habebit
1139 3969 1268 4032 imumque
1281 3967 1431 4029 aliquatenna
1442 3963 1604 4026 superemine-

40 4045 98 4097 &tani
109 4053 161 4102 mitti
173 4055 255 4107 relatio
274 4059 306 4107 ad
320 4071 395 4108 auom
414 4059 475 4109 miiii
496 4073 597 4122 granum
611 4062 636 4111 et
655 4060 687 4110 ad
707 4061 786 4112 dooiea
829 4057 871 4108 ott.
906 4057 1067 4107 ldemautem
1083 4058 1120 4106 eoi
1141 4056 1215 4126 manet
1235 4056 1281 4105 Ιιοο
1302 4053 1381 4104 dloere
1396 4057 1526 4114 ommi)er
1539 4063 1606 4113 ΝΡθ·

41 4133 164 4189 uiiieaimam
177 4147 266 4204 partam
280 4145 365 4206 mouit
383 4146 465 4196 Altero
479 4159 530 4197 ειεε
545 4146 652 4208 dicente,
666 4147 729 4205 Quid
743 4149 785 4210 igi-
828 4149 899 4198 tere:
925 4146 984 4196 nihii
997 4145 1062 4195 anim
1082 4145 1135 4206 eine
1152 4146 1199 4195 taio
1214 4145 1350 4194 extremum
1368 4142 1427 4204 erit,
1447 4153 1525 4204 noque
1541 4138 1605 4188 atiud

40 4219 77 4278 ¹¹¹¹,
88 4222 154 4286 iuquit
165 4230 238 4289 zeno,
251 4243 330 4282 noune
340 4245 454 4282 tonorum
463 4246 560 4296 quoqne
569 4234 652 4284 eadem
661 4245 785 4298 eompara-
828 4228 1114 4280 oontraaitndnonerit.
1147 4230 1183 4278 Ita
1195 4227 1216 4277 εἰ
1231 4225 1307 4276 muita
1325 4227 1399 4286 anot,
1411 4235 1507 4275 υεοεεεε
1524 4225 1560 4272 εει
1575 4235 1603 4271 ea

41 4303 66 4352 tio
76 4308 128 4359 iotor
142 4315 235 4365 reeritt
250 4319 283 4366 Ut
296 4318 361 4366 euim
373 4317 496 4379 tonantia,
509 4317 543 4366 ita
554 4318 626 4367 otiam
643 4319 709 4382 aoui;
721 4318 785 4380 quod
829 4330 904 4382 parra
914 4331 966 4368 esee
978 4319 1002 4367 et
1018 4330 1118 4379 magna,
1134 4327 1206 4378 parra
1217 4315 1338 4378 quidem„
1349 4314 1384 4364 ita
1401 4318 1428 4362 nt
1441 4310 1604 4374 magnitudino

43 4401 101 4448 ioum
112 4395 141 4444 tta
162 4413 186 4450 aa
206 4402 305 4463 tabeat,
323 4404 343 4453 εί
367 4403 503 4453 martimum
524 4405 583 4455 mitit
597 4410 679 4464 sonat,
692 4404 787 4455 donabit
829 4408 938 4466 careant,
950 4416 1115 4466 moqmrero,
1128 4405 1155 4452 nt
1169 4400 1328 4451 infinitaaiut.
1346 4422 1358 4446 ο

42 4475 97 4527 dian
107 4493 172 4534 noum
184 4487 240 4538 milii
263 4501 362 4552 manum
374 4491 399 4540 et
410 4489 488 4541 deciae
502 4489 629 4540 mittoaima
639 4491 707 4552 graui
721 4503 783 4554 para.
860 4497 883 4542 a.
897 4491 1000 4541 dedomo
1018 4491 1079 4539 ratio
1091 4491 1175 4539 toliere
1195 4489 1322 4538 ridebatur
1340 4486 1444 4550 epatium
1457 4485 1492 4535 oio
1504 4485 1604 4535 interro·

67 4566 85 4608 ²-
97 4564 254 4623 Demomtrana
268 4574 385 4634 enim,ai
403 4575 481 4624 muita
497 4575 560 4633 aiut,
578 4575 662 4626 adem
678 4575 744 4632 tinita
760 4578 785 4625 et
829 4577 925 4641 gando:
944 4597 957 4622 ι
974 4579 999 4627 st
1013 4579 1116 4640 epatium
1128 4580 1177 4638 eat,
1189 4578 1214 4627 in
1226 4589 1277 4639 quo
1288 4576 1352 4626 erit?
1364 4587 1434 4626 omno
1449 4576 1514 4625 enim
1528 4575 1604 4623 orsio

45 4643 117 4698 irdoita
128 4665 189 4716 ειιε,
200 4657 251 4708 haec
272 4661 302 4710 ad
317 4641 518 4712 verbumssribit
536 4665 619 4712 zeno:
637 4681 649 4706 a
664 4663 690 4713 Si
710 4663 785 4712 molta
828 4665 909 4729 atiquo
918 4667 954 4714 εει
964 4682 971 4724 t
982 4665 1047 4728 quod
1062 4669 1144 4715 antam
1159 4665 1183 4714 in
1193 4665 1274 4727 atiquo
1285 4665 1322 4714 eat
1331 4699 1338 4725 ,
1348 4664 1384 4712 eat
1394 4661 1466 4711 etiam
1480 4662 1505 4710 iu
1517 4660 1602 4722 spatio.

46 4739 99 4794 ⁸⁰²¹,
109 4749 191 4792 necatae
201 4748 237 4795 εει
247 4747 284 4796 tot
300 4760 352 4797 esea
367 4751 428 4810 quot
439 4749 508 4808 aaut,
526 4760 555 4797 ao
571 4761 649 4811 neque
661 4749 729 4812 ptura
741 4762 786 4799 neo
830 4751 882 4802 Erit
904 4752 976 4814 igitur
994 4752 1100 4814 apetium
1111 4751 1183 4802 ettam
1201 4751 1226 4802 iu
1239 4752 1333 4814 spatio,
1344 4749 1418 4811 idque
1434 4748 1459 4798 in
1473 4745 1602 4797 infinitum.

47 4819 141 4874 madore.
170 4829 193 4878 st
206 4843 262 4882 roro
275 4836 390 4894 toteuut,
404 4835 463 4895 quot
474 4837 543 4894 aaut,
558 4833 625 4885 iinita
636 4835 692 4884 aiut.
709 4855 721 4878 ι
755 4839 785 4886 m
829 4835 1132 4898 ttoneatigituranatium.
1144 4855 1157 4878 υ

48 4901 183 4960 δίδωθι·
204 4919 228 4968 St
243 4921 316 4971 muita
334 4914 407 4981 aunt,
426 4920 518 4970 infinita
537 4924 574 4971 est
595 4934 675 4971 rernm
695 4921 783 4986 eopia:
859 4925 883 4970 t.
898 4924 1018 4980 Quattuor
1028 4921 1131 4971 zenonta
1142 4919 1173 4970 do
1182 4922 1249 4971 motu
1260 4921 1426 4970 rotiooeaount
1436 4930 1491 4980 quae
1501 4915 1604 4966 difficul-

50 4996 188 5050 se'titranim
207 5003 229 5052 iu
248 5005 317 5056 reboo
336 5007 389 5056 atim
403 5009 460 5057 aaut
473 5011 498 5057 et
510 5021 593 5058 ruram
613 5009 639 5058 tn
656 5009 703 5059 iiiia
720 5010 783 5060 atim.
829 5010 891 5058 tates
901 5006 1087 5058 dissolventibus
1099 5007 1210 5058 atterunt.
1245 5005 1430 5068 Primaquidem
1448 5016 1495 5066 qua
1511 5003 1604 5052 tottitur

50 5073 109 5134 Mtte
121 5081 151 5130 ita
163 5085 246 5138 induite
263 5095 298 5142 aet
317 5105 396 5142 rernm
412 5093 490 5155 copia.
513 5113 526 5136 ν
544 5094 585 5143 Sto
600 5095 696 5157 quidem
720 5095 784 5158 quod
829 5099 908 5146 motus
922 5101 1019 5155 earet,
1036 5097 1093 5159 quia
1114 5096 1180 5158 priua
1191 5095 1221 5144 ad
1240 5093 1344 5144 medium
1360 5105 1431 5155 quam
1443 5093 1473 5141 ad
1490 5093 1561 5141 finem
1580 5093 1604 5141 id

52 5159 175 5220 multitudino
187 5173 298 5227 infinitum
307 5183 344 5228 εει
353 5179 464 5242 bipartita
478 5179 593 5232 dirioione
604 5182 783 5232 demonstrarit.
830 5183 896 5245 qaod
911 5183 986 5233 terior
1006 5184 1129 5246 pervenire
1152 5183 1254 5244 oportet.
1275 5207 1305 5217 —
1321 5179 1431 5231 Secunda
1446 5192 1503 5230 vero
1518 5181 1554 5229 eat
1576 5193 1604 5230 ea

784 5283 958 5350 aaa,¹
