3838 5926
527 387 739 489 casuruuu
761 429 810 490 rr
831 429 1032 492 nrcroaou
1056 431 1265 506 anxious.

114 581 135 620 t.
156 561 257 626 ΙΙέντες
270 557 323 637 γδρ
337 555 414 636 γαίης
425 579 453 616 τε
468 555 513 616 καὶ
528 556 620 626 idaco<
637 557 822 637 έκγενόμεσθα.

104 669 137 708 ιο.
158 649 198 716 Γῆ
209 647 255 706 καλ
268 645 340 726 ὕδωρ
354 644 431 704 πένθ’
442 644 508 704 droa
523 644 640 724 γίνονται
652 645 699 717 ἠδέ
709 646 832 726 φύονται.

107 755 140 795 ιι.
163 733 244 812 Πηγὴ
259 733 281 792 δ’
296 733 354 792 luri
367 731 478 792 θέλασσ’
488 731 653 799 ὖδοτος......

106 842 139 883 u.
161 821 244 892 Γαέης
258 820 307 898 μέν
319 819 382 878 τόδε
390 826 482 897 πεῖρας
494 818 548 877 οἷνω
558 817 613 900 τδρ
625 817 719 880 ποσσὶν
739 821 833 898 δρᾶται

151 907 237 989 αῑθέμι
248 907 435 1022 πμοοπλόξον,
450 906 484 964 τὰ
497 907 604 966 κάτοιδ’
617 908 642 974 ές
655 905 761 988 ἄπειρον
776 906 870 968 ἱκάνει.

104 1016 138 1058 ιε.
158 995 215 1056 Ἦν
224 997 248 1054 τ’
276 999 332 1076 Ipu
346 993 485 1066 καλέουσι,
496 993 572 1074 νέφος
584 994 631 1053 καλ
643 999 721 1054 τοῦτο
734 994 834 1075 πέφυκε

150 1080 299 1162 πορφύρεον
311 1081 357 1140 κοιλ
368 1081 495 1162 φοινίκεον
509 1082 555 1140 καλ
567 1080 670 1160 χλωρδν
684 1079 792 1142 ἰδέσθαι.

105 1190 136 1230 ιι.
161 1159 872 1248 Κσὶτδμδνοδνσαφέςοῦτιςδνὴργένιτόδδέτιςέσται

148 1254 239 1330 sidric,
254 1255 323 1336 ἀμφὶ
334 1257 399 1314 θοῶν
413 1277 442 1313 τι
455 1253 502 1312 καλ
516 1253 585 1314 dosa
595 1254 666 1334 λέγει
679 1255 740 1334 περὶ
750 1257 872 1315 πόντιον·

148 1341 236 1422 εἰγδιμ
246 1339 293 1399 καὶ
308 1339 341 1399 τὰ
355 1339 470 1416 μάλιστα
481 1338 557 1419 τύχοι
568 1339 751 1417 τετελεσμένον
766 1340 860 1414 εἰπών,

148 1430 229 1494 αὐτὸς
246 1429 319 1503 ὅμως
333 1431 380 1486 οὐκ
396 1417 464 1488 οἶδε·
478 1427 550 1496 δόκος
563 1430 587 1487 δ’
602 1429 645 1487 έπλ
658 1437 725 1488 πᾶσι
737 1429 869 1489 τέτυκται.

97 1535 131 1576 ιε.
152 1520 180 1576 Τ
181 1523 250 1576 aar«
261 1517 416 1584 δεδόξασται
426 1515 473 1592 μέν
484 1517 588 1576 ἐοικότα
597 1521 650 1584 τοῖς
664 1515 792 1594 έτόμοιοι.

97 1625 129 1664 ιι
153 1602 239 1664 Οὗτοι
250 1605 297 1661 ἀπ’
310 1607 394 1683 ἀρχῆς
406 1604 492 1662 πέντε
506 1604 558 1663 θεολ
570 1604 669 1675 θνητοῖς
683 1603 837 1683 ὑπέδειξαν,

146 1691 219 1750 tm
236 1691 325 1772 χρόνῳ
336 1695 471 1764 ζητοῦντος
485 1690 678 1772 ἐφευρίσκοοσιν
693 1692 813 1769 ἄμεινον,

125 1880 181 1942 Ἐκ
192 1881 277 1962 πυρός
287 1905 318 1960 γι
331 1881 366 1940 rh
377 1882 463 1942 πάντα
476 1881 522 1941 κοιλ
536 1883 572 1948 al<
581 1887 633 1961 πῦρ
649 1881 737 1940 πάντα
748 1883 868 1962 τελευτᾷ.

77 2026 188 2098 Itaque
202 2025 283 2080 hunc
302 2045 415 2082 versum
428 2036 460 2082 ut
482 2026 611 2102 spurium
638 2036 687 2080 aut
707 2026 806 2082 saltem
824 2045 874 2082 su-

78 2121 221 2184 spectum
234 2113 318 2169 uncis
332 2113 445 2170 inclusi.

121 2215 158 2270 9.
175 2195 234 2252 Hic
245 2215 343 2254 versus
357 2198 393 2253 ab
404 2198 504 2269 iisdem
516 2199 619 2254 citatur
632 2200 798 2256 auctoribus
808 2201 829 2256 l.
843 2199 875 2270 1.,

76 2301 94 2338 a
111 2285 208 2339 Sexto
233 2285 326 2340 altero
348 2287 433 2342 etiam
449 2287 513 2342 loco
533 2287 599 2342 adv.
615 2288 703 2344 Mau.
720 2287 776 2361 IX,
800 2285 874 2357 361,

75 2373 158 2426 item
173 2371 212 2426 ab
228 2373 376 2430 Eustathio
389 2373 426 2428 ad
436 2375 468 2430 ll.
480 2395 509 2443 η,
525 2393 563 2448 99
574 2394 605 2449 p.
620 2375 689 2434 668.
704 2375 875 2449 Xenophani

75 2460 271 2532 suppositum
285 2479 343 2516 esse
352 2460 473 2516 credidit
482 2463 644 2518 hleinersius
653 2464 672 2522 l.
683 2482 708 2522 c.
721 2463 777 2518 Sed
787 2483 876 2536 quum

75 2547 193 2602 Sextus
212 2549 373 2620 Empiricus
395 2545 539 2620 Pyrrhou.
564 2552 639 2624 Hyp.
662 2551 704 2621 11,
727 2551 763 2607 30
778 2562 876 2624 aperte

74 2633 168 2688 dicat
180 2634 394 2708 Xenophanem
410 2645 514 2691 terram
536 2647 565 2692 et
580 2656 682 2711 aquam
702 2657 799 2694 rerum
820 2639 876 2695 ele·

74 2714 186 2778 menta
199 2725 342 2796 posuisse,
356 2721 387 2778 id
397 2723 476 2796 quod
484 2725 568 2780 simul
577 2743 642 2780 cum
651 2727 780 2799 sequenti
793 2744 875 2781 versu

73 2812 243 2884 congruit,
256 2829 351 2883 neque
361 2829 501 2884 prorsusa
513 2813 757 2870 verisimilitudine
770 2813 875 2869 ahhor-

75 2909 150 2952 reat
169 2897 379 2971 philosophum
399 2899 608 2973 Colophonium
625 2911 754 2975 tempore
768 2919 875 2974 proce-

75 2982 174 3038 dente
189 2983 298 3055 placita
309 3001 360 3038 sua
372 2985 533 3041 immutasse
544 2996 573 3041 et
582 2987 662 3062 prius
672 2987 795 3063 probata
807 2988 875 3060 reje-

76 3071 157 3125 cisse
170 3089 177 3124 τ
190 3069 272 3124 hunc
282 3088 399 3144 quoque
407 3089 523 3130 versum
532 3076 639 3131 ceteris
648 3074 804 3152 adjungere
814 3093 875 3130 nou

75 3158 197 3231 gravati
210 3175 318 3213 sumus.

127 3263 178 3304 to.
195 3246 327 3302 Affertur
339 3245 386 3300 hic
400 3264 496 3302 versus
508 3265 524 3302 a
538 3247 684 3322 Simplicio
701 3248 738 3304 ad
752 3250 871 3309 λείοισι.

79 3327 174 3404 Phys.-
197 3331 215 3390 I
231 3351 262 3408 p.
280 3331 348 3404 258,
362 3335 392 3404 E,
408 3333 458 3392 iol.
471 3343 520 3405 ηε,
544 3353 573 3405 a,
588 3347 704 3410 atquea
721 3337 788 3396 Joh.
806 3339 875 3392 Phi-

81 3417 199 3493 lopono
213 3421 251 3477 ad
261 3421 393 3478 eumdem
406 3424 501 3481 locum
513 3423 564 3479 sol.
586 3443 611 3499 1,
625 3442 651 3480 a.
665 3426 751 3500 Apud
762 3428 876 3500 Simpli-

83 3511 165 3563 cium
179 3528 239 3583 pro
253 3505 423 3582 Ἀναξιμένην
437 3529 471 3566 ex
489 3512 651 3585 Philopono
665 3516 776 3588 corrige
791 3513 875 3572 Ξενο-

83 3595 183 3672 φέιοιν.
219 3601 350 3674 Uterque
375 3603 531 3656 Aristotelis
559 3603 697 3674 imerpres
724 3604 754 3658 iu
781 3622 814 3660 ea
844 3621 875 3660 re

86 3685 247 3760 Porphyrii
265 3689 433 3744 auctoritate
459 3690 557 3745 utitur.
576 3689 661 3760 Quod
677 3690 753 3764 apud
778 3692 875 3747 Philo·

86 3789 200 3846 ponum
216 3773 395 3830 claudicante
409 3787 501 3831 metro
515 3777 650 3850 scripturn
669 3789 710 3832 est
726 3793 740 3831 :-

129 3909 170 3977 Γῆ
182 3907 232 3966 καλ
247 3905 318 3988 ὕδωρ
331 3908 412 4006 πένττ
429 3910 483 3967 έοθ’
493 3907 541 3968 δσα
554 3909 661 3990 φύονται
671 3910 718 3982 ἠδέ
729 3912 852 3989 γίνονται,

92 4047 216 4104 Ιίθτατὶἰε
229 4049 366 4121 imputari
376 4051 517 4106 convenit.

137 4154 183 4190 ιε.
202 4137 320 4190 Exstant
332 4136 391 4192 haee
407 4137 586 4206 Xenophanis
605 4139 692 4194 rerba
708 4140 785 4212 apud
809 4142 873 4197 Sto·

96 4221 187 4306 baum
213 4224 244 4278 in
273 4224 418 4300 Florilegii
443 4225 601 4299 appendice
628 4227 674 4284 ed.
697 4227 780 4286 Gaist'.
797 4239 818 4283 t.
836 4229 875 4287 1v

98 4329 127 4385 p·
139 4311 185 4458 ιΰό.
210 4396 381 4454 Laudentur
401 4399 432 4454 hi
447 4418 542 4458 versus
561 4401 597 4456 ah
620 4402 731 4462 Achille
747 4405 829 4459 Tatio
846 4408 875 4462 in

103 4485 216 4562 Isagoge
230 4485 269 4540 ad
283 4489 402 4542 Aratum
416 4487 493 4543 edita
504 4489 534 4543 in
547 4489 652 4546 Petavii
672 4493 772 4546 Doctr.
790 4494 875 4548 Tem·

101 4591 163 4646 por.
177 4573 233 4631 rol.
250 4571 297 4630 111
310 4592 341 4646 p.
358 4575 405 4646 76.
420 4578 537 4633 Versum
550 4577 705 4632 secuudum
725 4579 775 4653 qui
789 4581 875 4655 vulgo

102 4659 136 4714 sic
150 4660 272 4734 legitur:

139 4785 190 4847 llsl
203 4791 242 4866 ῥεῖ
256 4789 442 4866 προσπλάζον,
453 4789 528 4849 κότω
541 4789 608 4884 δἐλς
620 4791 726 4872 ἄπειρον
736 4793 861 4875 ἱκνεῖται,

104 4923 257 4982 mesdavit
267 4925 442 4986 Karstenius.

143 5077 184 5134 ιδ.
202 5077 265 5136 IIoc
279 5077 470 5154 fragmentum
484 5081 599 5141 laudant
614 5085 773 5144 Eustathius
783 5087 820 5144 ud
837 5089 872 5146 ll.

105 5165 181 5238 l,27
197 5187 229 5243 p.
256 5167 328 5240 8²7,
352 5169 448 5228 Schol.
471 5170 609 5244 Leydens.
635 5192 682 5250 ap.
707 5177 875 5269 l'alclrenar.

1639 449 1693 499 103

936 573 960 618 9.
981 571 1090 631 Namque
1102 583 1117 618 e
1131 572 1227 620 terrast
1238 582 1300 632 aqua
1313 583 1398 620 ornnes
1412 572 1459 620 οιιί
1469 586 1558 624 sumus

923 660 959 704 ιο.
981 657 1053 704 Terra
1067 659 1092 706 et
1101 668 1165 717 aqua
1177 660 1236 707 sont
1252 658 1334 707 omnia
1347 671 1403 720 qua
1418 658 1480 709 hunt
1492 663 1518 710 et
1528 668 1668 714 ιιιοοιιιιιιιτ.

921 747 958 792 ιι.
981 745 1047 792 Mars
1063 743 1116 792 lons
1134 746 1173 794 est
1186 744 1265 794 omnis
1278 757 1357 806 sque.

922 835 958 880 tt.
978 829 1700 899 Tellurisquidemlroeceesuperficlesantepedesconsptciurr

979 915 1062 965 artiori
1072 916 1213 979 imminens,
1228 917 1351 968 inferiores
1361 921 1442 968 sutem
1453 923 1533 982 partes
1545 922 1570 972 in
1580 922 1701 974 infinitum

921 1009 957 1054 lt.
979 1005 1056 1062 Quam
1068 1002 1158 1056 iridem
1168 1006 1268 1064 ιοοεοι,
1277 1017 1306 1056 οι
1315 1017 1411 1068 quoque
1422 1005 1498 1058 nubes
1509 1007 1563 1073 estl
1572 1011 1699 1072 pertinent.

980 1103 1098 1152 purpurea
1107 1095 1131 1140 st
1143 1090 1244 1153 punicea
1260 1092 1285 1142 et
1299 1091 1387 1155 pallitta
1403 1096 1513 1155 aspectu.

920 1181 957 1228 ιθ.
979 1179 1028 1228 Nec
1037 1177 1082 1226 luit
1090 1177 1219 1240 qusquam
1230 1191 1309 1240 neque
1320 1177 1416 1228 tuturus
1429 1181 1516 1242 estqui
1527 1185 1594 1232 certo

979 1265 1039 1314 sciat
1049 1263 1171 1327 heuque
1180 1264 1211 1315 de
1218 1263 1264 1314 dlis
1274 1267 1299 1318 et
1307 1265 1338 1316 do
1347 1278 1428 1316 rerunt
1437 1267 1594 1318 unisorslttts
1601 1269 1699 1333 loquor3

979 1363 1035 1402 nasu
1045 1349 1190 1412 licetsllquis
1197 1363 1270 1413 quam
1279 1351 1475 1401 msrlmorerum
1482 1356 1609 1417 ratumque
1618 1354 1700 1418 dicat,

979 1437 1003 1487 ld
1014 1442 1093 1487 tamen
1103 1437 1223 1500 ἰοεοΙιιοδ
1232 1441 1299 1488 certo
1308 1438 1353 1488 scit
1363 1451 1370 1482 ε
1381 1439 1451 1501 (sola)
1462 1442 1543 1502 opinio
1553 1442 1666 1493 omnibus
1677 1443 1702 1494 in

921 1531 957 1574 ts.
978 1525 1037 1576 llas
1048 1506 1107 1576 mihi
1121 1526 1171 1575 reri
1183 1524 1269 1575 slmlllt
1282 1526 1335 1576 tiss
1349 1529 1415 1576 suot.
1524 1527 1534 1586 l
1542 1529 1615 1578 rebus
1628 1529 1700 1580 valet.

922 1616 958 1662 ιο.
980 1613 1033 1662 lton
1042 1611 1123 1662 statim
1132 1611 1164 1662 ab
1173 1610 1241 1660 initio
1248 1611 1369 1661 omniadii
1381 1611 1522 1662 mortalibus
1533 1613 1700 1674 ostenderunt,

981 1697 1134 1760 sedtempore
1139 1696 1280 1760 procedente
1286 1697 1330 1759 ipsi
1335 1697 1566 1760 εοοΙιοεεηιιαταοδο
1571 1711 1702 1762 repperere.

923 1883 1012 1938 Diatr.
1022 1879 1153 1957 Euripid.
1169 1899 1200 1954 p.
1209 1929 1211 1934 ,
1221 1879 1275 1954 195
1291 1891 1320 1937 et
1332 1881 1427 1937 Schol.
1440 1881 1553 1940 Villois.
1567 1881 1604 1937 ad
1617 1880 1700 1940 Iliad.

922 1969 941 2026 l.
954 1970 987 2037 1.,
1004 1968 1055 2023 ubi
1068 1969 1099 2022 in
1112 1968 1210 2041 priore
1219 1985 1299 2022 versu
1311 1985 1367 2040 pro
1381 1965 1426 2022 καὶ
1435 1969 1535 2024 νὶιίοοο
1544 1969 1649 2042 legitur
1660 1965 1699 2041 δέ,

921 2075 976 2131 pro
991 2074 1050 2130 quo
1066 2054 1184 2110 fortasse
1196 2054 1421 2110 substituendum
1439 2052 1481 2122 δή.

967 2149 1013 2209 rl.
1029 2143 1089 2198 llos
1100 2152 1238 2215 quattuor
1260 2160 1356 2198 versus
1377 2141 1460 2196 affert
1476 2143 1576 2197 Sextus
1591 2144 1700 2216 Empir.

921 2227 1089 2286 adullath.
1112 2227 1178 2296 VII,
1205 2233 1285 2300 49et
1308 2245 1382 2298 ειο,
1408 2226 1487 2296 VIII,
1515 2228 1583 2285 326.
1611 2232 1700 2284 Porro

921 2317 993 2372 duos
1016 2314 1129 2390 priores
1144 2333 1241 2371 versus
1263 2317 1331 2370 citat
1352 2315 1495 2373 Plutarch.
1518 2317 1595 2373 dud.
1617 2329 1696 2391 poet.

921 2425 950 2481 p.
973 2403 1054 2472 15,E
1076 2403 1151 2478 (rol.
1172 2405 1209 2458 VI
1223 2423 1252 2477 p.
1276 2403 1310 2459 61
1336 2405 1468 2477 Μελ),
1487 2405 1597 2458 initium
1611 2423 1700 2477 usque

921 2494 958 2550 ad
982 2489 1055 2556 εἰδώς
1068 2494 1154 2566 Diog.
1176 2494 1269 2547 Laert.
1297 2491 1354 2558 lx,
1377 2511 1426 2560 72,
1449 2510 1561 2546 versum
1587 2495 1699 2547 tertium

922 2583 1046 2654 itemque
1061 2589 1194 2652 quartum
1217 2580 1297 2652 Orig.
1320 2576 1484 2652 philosoph.
1515 2597 1542 2636 c.
1557 2579 1622 2637 XIV
1649 2579 1700 2637 t.l

920 2687 949 2741 p.
968 2667 1024 2741 892
1040 2666 1084 2724 ed.
1107 2667 1247 2740 Datame,
1267 2666 1391 2722 Galenus
1410 2666 1446 2723 (Ie
1468 2666 1613 2722 Different.
1628 2668 1700 2739 puls.

921 2754 977 2826 Ill,
997 2774 1009 2811 t
1027 2765 1048 2811 t.
1063 2755 1130 2810 VIII
1149 2772 1178 2827 p.
1194 2753 1230 2809 6ο
1244 2752 1308 2827 (οδ.
1325 2753 1452 2809 Charter.
1465 2751 1488 2828 l,
1501 2754 1599 2808 ultima
1613 2755 1699 2810 verba

922 2842 987 2898 inde
1000 2861 1017 2898 a
1031 2839 1104 2904 δόκος
1120 2842 1220 2896 Sextus
1235 2843 1342 2915 Empir.
1358 2834 1500 2914 Pyrrhon.
1518 2843 1695 2915 llypotypos.

920 2928 960 2987 II.
988 2929 1040 2994 183
1070 2930 1185 2984 Procius
1216 2928 1252 2983 ad
1274 2929 1408 2984 Timaeum
1431 2947 1461 3002 p.
1492 2926 1544 2997 78,
1574 2927 1701 2983 Stohaeus

922 3017 1038 3091 Eclogg.
1052 3017 1104 3074 Ph.
1122 3017 1150 3070 11
1165 3035 1193 3089 p.
1213 3022 1245 3080 τέ
1262 3015 1307 3071 ed.
1323 3017 1410 3073 Heer.
1423 3017 1513 3072 Versu
1532 3014 1627 3088 primo
1643 3033 1697 3088 pru

920 3100 1002 3178 γένετ’
1016 3101 1096 3175 quod
1108 3113 1148 3156 est
1157 3102 1234 3175 apud
1246 3101 1426 3158 Plutarchum
1437 3103 1537 3156 Sextus
1550 3111 1578 3156 et
1594 3103 1699 3175 Dioge·

920 3207 970 3244 nes
982 3189 1088 3245 habent
1101 3185 1164 3247 ἴδεν.
1181 3191 1269 3244 Versu
1286 3188 1413 3244 secundo
1430 3185 1499 3244 ἅσσα
1519 3188 1596 3243 Sexti
1613 3189 1698 3243 lectio

921 3288 978 3346 est,
1001 3278 1143 3332 Plutarchi
1168 3273 1245 3332 δοοοι.
1268 3277 1396 3332 Fortasse
1415 3276 1488 3332 hanc
1511 3277 1698 3350 Xenophanis

920 3363 1085 3418 senteutiam
1099 3364 1189 3436 tangit
1202 3364 1363 3418 Aristoteles
1377 3361 1458 3419 Poet.
1478 3381 1503 3421 c.
1521 3359 1575 3437 οὔ,
1591 3361 1640 3418 sed
1659 3363 1699 3416 ibi

921 3451 1027 3503 incerta
1044 3459 1084 3503 est
1106 3448 1194 3506 codd.
1215 3449 1366 3522 scriptura.
1380 3451 1490 3505 Tertius
1509 3467 1604 3504 versus
1623 3447 1700 3522 apud

920 3535 1057 3591 Galeuum
1070 3535 1144 3590 male
1155 3537 1195 3590 sic
1209 3536 1358 3590 exhibetur
1373 3553 1380 3589 ι

959 3692 1012 3754 Ἦν
1023 3693 1074 3771 γδρ
1084 3693 1128 3751 καλ
1143 3692 1176 3752 sd
1189 3693 1302 3770 μέγιστα
1316 3692 1384 3774 τύχῃ
1395 3694 1567 3771 τετελεσμένα
1582 3694 1672 3754 εἰπών.
1764 3709 1777 3726 “

920 3878 1056 3935 caererum
1075 3875 1257 3952 τετελεσμένον
1281 3879 1480 3954 accipiendum
1494 3882 1572 3937 utin
1593 3884 1699 3937 canui-

920 3963 1002 4017 nibus
1024 3963 1183 4018 Homericis
1207 3961 1241 4020 Il.
1267 3983 1296 4036 α,
1319 3981 1388 4034 ura,
1406 3960 1427 4033 ξ,
1445 3970 1512 4040 195,
1534 3966 1589 4026 0d.
1605 3988 1630 4036 ε,
1647 3988 1696 4042 9ο.

921 4049 965 4108 Cf.
982 4051 1126 4123 Apollonii
1140 4053 1209 4106 Lex.
1225 4053 1310 4106 Hom.
1331 4069 1361 4125 p.
1382 4051 1593 4117 643ed.'r011.
1610 4058 1700 4112 Versu

921 4148 1030 4210 quarto*
1039 4138 1118 4192 nulla
1131 4137 1259 4194 lectionis
1272 4139 1391 4194 varietas
1408 4149 1450 4194 est
1464 4140 1516 4195 nisi
1530 4141 1611 4214 quod
1629 4145 1699 4218 Epi·

919 4225 1040 4299 phanius
1054 4224 1125 4280 Adv.
1140 4223 1256 4280 haereses
1269 4225 1290 4280 l.
1301 4223 1348 4282 111
1355 4225 1414 4283 νὀΙ.
1429 4224 1444 4282 l
1457 4245 1486 4299 p.
1507 4227 1579 4298 1087
1593 4230 1699 4286 evitato

920 4313 1038 4384 antiquo
1053 4310 1197 4367 vocabulo
1212 4308 1286 4375 ddxot
1308 4313 1474 4368 seutentiam
1490 4314 1529 4368 ita
1544 4315 1613 4370 citat
1631 4334 1638 4370 τ
1656 4315 1701 4372 δό-

920 4417 995 4466 κησις
1005 4394 1027 4453 δ’
1038 4394 1081 4452 ἐπὶ
1096 4402 1161 4454 πᾶσι
1170 4395 1300 4458 τέτυκται.

965 4483 1011 4543 15.
1033 4485 1088 4540 Hic
1101 4484 1254 4539 versiculus
1269 4483 1402 4542 laudatur
1415 4505 1431 4542 a
1444 4487 1597 4544 Plutarcho
1615 4485 1699 4562 Sym·

920 4589 984 4647 pos.
1000 4570 1042 4627 IX
1056 4590 1084 4645 p.
1102 4570 1170 4644 746,
1186 4572 1219 4626 B.
1235 4572 1291 4626 Pro
1304 4569 1454 4639 δεδοξάσθαι
1468 4592 1532 4629 curn
1548 4577 1699 4632 Karstenirs

921 4657 1018 4732 scripsi
1037 4655 1201 4722 δεδόξασται.
1222 4658 1373 4714 Probabile
1387 4670 1430 4714 est
1445 4661 1652 4736 Xenophanem
1670 4665 1699 4720 iu

921 4744 976 4800 fine
991 4745 1123 4800 carminis
1131 4743 1191 4800 haec
1204 4746 1289 4801 verba
1302 4748 1439 4820 posuisse.

965 4831 1011 4889 16.
1029 4833 1123 4887 Exstat
1133 4831 1180 4886 hic
1190 4833 1270 4888 locus
1278 4833 1354 4906 apud
1364 4835 1506 4890 Stobaeum
1517 4835 1546 4889 iu
1562 4837 1697 4912 Florilsg.

922 4919 964 4974 tit.
980 4919 1093 4988 XXIX,
1107 4925 1140 4985 δε
1157 4917 1203 4975 ed.
1217 4918 1301 4978 Gaiss.
1315 4931 1343 4976 et
1356 4922 1387 4976 in
1400 4923 1515 4997 Eclogg.
1527 4923 1648 4996 physicis
1662 4924 1696 5000 Ι,

922 5024 952 5079 p.
966 5011 1033 5071 ταῖς.
1049 5006 1105 5060 Pro
1125 5002 1261 5071 ὑπέδειξαν
1276 5007 1323 5061 alii
1349 5004 1498 5079 ἐπέδειξαν,
1521 5009 1567 5063 alii
1581 5005 1700 5086 uspt'hu·

923 5089 986 5165 ξονς
1002 5103 1139 5166 praeterea
1148 5095 1178 5148 in
1194 5094 1304 5168 Eclogis
1313 5092 1480 5172 surripiatur,
1494 5095 1568 5152 unde
1582 5095 1698 5156 Grotius

922 5191 1013 5236 metro
1027 5182 1204 5238 consulturus
1217 5180 1307 5237 edidit
1318 5177 1468 5260 lpciprsso'r
1482 5202 1507 5238 τι
1522 5179 1637 5258 ἄμεινον.
1695 5245 1699 5254 ,
