3764 5922
737 392 1086 468 tituteottaottttu
1109 393 1158 456 ET
1178 395 1357 456 attonuit

308 536 421 606 narius,
443 531 521 612 quod
535 531 628 591 dividi
652 551 711 589 non
736 545 847 610 posset,
867 529 1023 610 perfectior

308 621 431 700 ideoque
444 621 565 679 deorum
579 619 737 678 coelestium
753 619 893 696 majestati
914 635 1023 674 conve·

308 709 433 767 nientior
446 706 635 784 Pythagoreis
647 707 726 764 visus
742 708 804 784 est.)

279 840 286 855 .
309 793 356 866 lii
372 795 489 853 σπένδειν
504 797 568 859 θεοῖς
581 792 607 860 ἐξ
620 791 745 868 ἀμπέλων
760 789 894 868 ἀκμήτων.

1127 527 1240 588 narium
1257 547 1406 586 nanterum
1419 525 1540 586 Dianam
1554 525 1788 604 aPythagoreis
1802 549 1848 587 το-

1127 615 1186 674 cari
1205 613 1301 675 tradit.
1321 611 1378 672 Sed
1398 633 1456 672 non
1477 615 1549 673 male
1571 615 1715 674 Daoerius
1738 614 1803 672 haec
1818 618 1849 672 de

1085 770 1087 776 y
1127 699 1241 760 duobus
1255 701 1424 780 principiis,
1434 701 1494 762 Deo
1508 716 1536 762 et
1547 703 1684 776 materia,
1697 703 1783 762 dicta
1793 724 1846 761 esse

1127 791 1280 850 existimat.
1294 787 1340 849 Cf.
1357 789 1440 864 Diog.
1457 790 1550 850 laert.
1563 787 1648 863 Vlll,
1664 791 1732 867 ²5.)

348 881 528 960 (Plutarchus
536 881 694 959 Numcap.
711 890 757 953 ri,
768 880 828 941 rol.
843 877 896 956 lp.
912 897 966 950 κρυ
978 876 1023 936 ed.
1067 899 1105 940 ss.
1129 878 1175 948 itt
1189 876 1338 936 luthuvici
1351 875 1451 956 δίφρου.

309 969 439 1046 liutten.)

278 1097 285 1112 .
307 1052 383 1132 Ἄτερ
396 1054 511 1136 ἀλφίτων
527 1054 565 1132 μὴ
581 1053 659 1114 θύειν.

1167 963 1352 1043 (Plutarchus
1367 963 1403 1022 de
1417 962 1494 1023 laide
1506 963 1620 1023 etOsir.
1633 983 1701 1042 cap.
1721 985 1772 1038 ιο,
1782 979 1843 1025 torn.

1128 1053 1176 1114 lit.
1189 1071 1255 1132 pag.
1274 1072 1328 1110 ira
1340 1053 1385 1112 ed.
1402 1053 1533 1132 liutten.)

349 1143 529 1220 (Plutarchus
543 1142 628 1202 Num.
643 1161 705 1220 cap.
728 1150 780 1214 ri,
802 1133 903 1218 quide
921 1137 976 1194 hoc
997 1149 1025 1194 et
1067 1161 1105 1204 ες,
1128 1139 1242 1202 Φοίνικα
1258 1137 1296 1215 μὴ
1312 1137 1442 1218 φυτεύειν.

309 1228 481 1306 praecedenti
494 1227 629 1304 symbolo
644 1228 684 1285 ait
700 1247 706 1284 :
722 1231 807 1284 ταῦτα
824 1225 872 1297 τὴν
895 1225 942 1303 (ht
964 1221 1024 1293 ίξη-

309 1317 422 1422 μίρωσιν
451 1316 518 1374 ίοικε
547 1314 685 1387 διδάσκειν,
708 1315 742 1380 ὡς
774 1311 864 1392 μόριον
894 1309 1025 1376 εύσιόιίας

278 1533 285 1549 .
308 1406 467 1567 ίῖόόῖίιίθνεῖν
482 1485 737 1566 περιστρεφομένους.

1166 1227 1353 1307 (Plutarchus
1368 1226 1405 1284 de
1417 1224 1493 1290 iside
1506 1238 1535 1284 et
1547 1225 1626 1283 Osir.
1636 1245 1704 1304 cap.
1723 1249 1769 1296 ιο,
1780 1240 1839 1284 tom.

1127 1315 1165 1373 ix
1179 1335 1210 1394 p.
1230 1334 1284 1371 ιια
1298 1312 1344 1372 ed.
1357 1311 1487 1390 liutten.)

1097 1447 1104 1464 .
1127 1401 1216 1461 Φντδν
1230 1399 1328 1476 ἥμερον
1343 1397 1410 1473 μήτε
1425 1397 1521 1476 φθίνειν
1538 1395 1604 1472 μήτε
1619 1397 1748 1460 σίνεσθαι,
1769 1437 1778 1454 .

1167 1490 1319 1568 (Diogenes
1333 1486 1464 1546 Laertius
1477 1487 1530 1547 lib.
1546 1484 1627 1558 Vlll,
1641 1488 1704 1562 23.)

349 1574 530 1652 (Plutarchus
546 1574 631 1635 Num.
646 1593 710 1651 cap.
727 1581 760 1638 ri
781 1572 842 1630 haec
858 1571 998 1648 adjiciens
1015 1593 1022 1628 ι
1067 1599 1103 1638 ιι.
1126 1574 1287 1656 Ἐχεμνθίαν
1302 1574 1401 1632 ἀσκεῖν.

308 1663 325 1730 ἡ
341 1661 368 1719 δέ
388 1660 546 1740 περιστροφὴ
560 1663 612 1718 τῶν
634 1658 845 1735 προσκυνούντων
860 1658 963 1734 λέγεται
977 1655 1025 1732 μὲν

308 1747 472 1824 ἀπομίμησις
483 1737 549 1805 εῖναι
560 1751 606 1818 τῆς
616 1753 660 1806 τοῦ
670 1746 768 1821 κόσμου
779 1753 934 1824 περιφορᾶς·
944 1743 1025 1814 δόξειε

1144 1661 1312 1826 ἀμὲεργρεριε
1333 1659 1549 1720 Alexandrinus
1572 1660 1680 1720 Strom.
1703 1660 1726 1716 V
1746 1682 1777 1739 p.
1792 1663 1841 1738 559

1127 1768 1172 1808 e.
1209 1769 1227 1826 y
1263 1791 1271 1806 .
1321 1793 1325 1800 .

308 1833 329 1890 δ’
345 1833 376 1892 δν
391 1837 491 1910 μᾶλλον
506 1837 520 1890 δ
533 1837 697 1912 προσκυνῶν,
711 1833 768 1892 luti
788 1831 852 1912 πρὸς
871 1829 907 1889 io
919 1835 971 1890 τῶν
985 1835 1024 1890 ia·
1067 1857 1105 1896 st.
1128 1834 1238 1914 Ἰχθύων
1254 1832 1292 1907 μὴ
1306 1833 1437 1912 γεύεσθαι.

309 1922 360 1997 ρῶν
381 1919 530 1998 βλεπόντων
550 1919 732 1998 ἀπέστραπται
747 1917 811 1997 πρδς
822 1917 868 1984 τδις
883 1915 1023 1991 ἀνατολοίς,

309 2007 484 2083 μιταύοίλλειν
512 2005 601 2065 ἑαυτὸν
624 2007 750 2077 ἐνταῦθα,
778 2005 824 2063 καλ
846 2005 1024 2084 περιστρίφειν

1169 1920 1546 2084 (ἓίεὲοφιχεγλίεκιοάτῖιιυε
1569 1919 1717 1980 Strumv
1737 1941 1771 1998 p.
1792 1921 1842 1997 559

1167 2027 1215 2068 e.
1251 2030 1270 2085 y
1306 2052 1314 2068 .

308 2094 351 2153 ίπῖ
365 2093 408 2152 τὸν
422 2095 487 2166 θεόν,
501 2093 594 2152 κύκλον
604 2094 685 2150 ποιῶν
697 2091 742 2151 καί
754 2090 890 2150 συνοίπτων
907 2090 953 2161 rhu
968 2095 1025 2151 έπι·
1067 2117 1104 2157 κς,
1128 2094 1191 2156 Ἐπί
1202 2097 1249 2171 γῆς
1264 2094 1301 2171 μὴ
1315 2095 1401 2151 πλεῖν.

307 2179 439 2240 τελείωσινΙ
462 2185 508 2251 τῆς
524 2183 601 2258 εὐχῆς
621 2180 655 2238 δι’
677 2183 782 2258 ἀμφοῖν.
807 2179 839 2238 El
859 2176 896 2254 μὴ
920 2176 952 2249 νὴ
973 2177 1024 2238 Δία

308 2276 362 2333 τοῖς
377 2267 527 2341 Αἰγυπτίοις
538 2266 640 2345 τροχοῖς
654 2263 796 2324 αῖνίττεταί
808 2286 834 2321 τι
847 2264 892 2322 καῖ
908 2263 1024 2322 διδάσκει

308 2354 493 2434 παραπλήσιον
507 2359 524 2425 ἡ
537 2351 672 2430 μεταάολὴ
686 2357 731 2412 τοῦ
743 2350 895 2429 σχήματος,
908 2353 943 2417 ὡς
956 2351 1024 2410 οθδε·

182 2501 185 2510 ,
307 2443 349 2508 νδς
364 2445 474 2507 ἑστῶτος
484 2445 535 2499 τῶν
546 2439 722 2517 ἀνθρωπίνων,
735 2440 793 2498 ἀλλ’
806 2437 875 2504 ὅπως
886 2435 917 2495 ἀν
927 2436 1024 2516 στρέφῃ

307 2528 353 2587 καί
368 2528 487 2607 ἀνιλίττρ
509 2528 551 2586 τὸν
574 2526 628 2605 βίον
644 2529 749 2604 ἡμῶνθ
770 2525 839 2600 θείς,
859 2527 964 2604 ἀγαπᾶν
979 2524 1025 2584 καὶ

309 2615 429 2694 δέχεσθαι
443 2617 597 2694 προσῆκον.)

278 2747 285 2762 .
309 2705 448 2772 Καθῆσθαι
462 2701 704 2781 προσκυνήσαντας.

349 2788 530 2864 (Plutarchus
543 2788 635 2846 Numa
646 2807 710 2866 cap.
725 2796 759 2855 ri
772 2807 779 2843 ι
794 2785 825 2844 τδ
835 2784 863 2844 δί
877 2784 1025 2854 καθίζεσθαι

308 2874 542 2952 προσκυνήσαντας
561 2874 697 2951 οίωνισμδν
718 2863 784 2932 ε’ίναι
799 2871 903 2950 λέγουσι
916 2876 961 2930 τοῦ
977 2877 1023 2952 βε·

309 2959 436 3032 θαιότητα
456 2961 512 3028 ταῖς
530 2962 620 3039 εύχαῖς
636 2963 681 3018 καί
705 2956 828 3036 διαμονὴν
851 2957 904 3024 τοῖς
923 2960 1026 3034 ἀγαθοῖς

1167 2182 1309 2257 (Clemens
1329 2179 1544 2239 Alexandrinus
1565 2179 1673 2239 Strom.
1698 2179 1723 2234 v
1743 2200 1775 2257 p.
1792 2181 1841 2256 559

1128 2271 1175 2330 ed.
1191 2269 1274 2346 Sylb.
1297 2267 1364 2326 Ἐπὶ
1384 2271 1431 2344 γῆς
1445 2266 1482 2339 μὴ
1497 2268 1572 2325 πλεῖν
1593 2265 1773 2345 Πυθαγόριιύν
1795 2270 1840 2325 ἐστι

1128 2357 1272 2434 σύμύολον·
1285 2357 1360 2427 δηλοῖ
1373 2354 1401 2412 δέ
1414 2353 1448 2412 τίκ
1460 2353 1523 2426 τέλη
1537 2354 1583 2413 καί
1595 2353 1630 2412 τὰ
1644 2355 1725 2430 ὅμοια
1741 2357 1792 2411 τῶν
1804 2379 1839 2430 μι-

1128 2445 1283 2522 σθωμάτων,
1296 2441 1439 2523 ταραχώδη
1450 2442 1495 2500 καί
1508 2441 1610 2500 οῖστατα
1623 2443 1703 2512 ὄντα,
1717 2447 1839 2520 παροικεῖ·

1128 2539 1188 2594 σθαι
1201 2534 1263 2591 δεῖν.
1274 2528 1325 2592 Διά
1335 2529 1411 2588 τοῦτό
1422 2551 1462 2588 τοι
1474 2534 1489 2590 ὁ
1501 2527 1576 2608 λόγος
1587 2530 1646 2597 τούς
1654 2529 1770 2597 τελόινας
1779 2529 1839 2605 λέγει

1128 2619 1257 2684 δυσκόλως
1268 2617 1450 2692 σωθήσεσθαι.)

996 2709 999 2716 ’
1068 2728 1106 2768 αν.
1127 2704 1196 2766 Οίιδῖ
1212 2708 1248 2771 είς
1262 2702 1474 2785 περιρραντήριον
1486 2702 1644 2780 ἀμύάπτιιν,
1657 2703 1717 2762 otii
1729 2705 1757 2762 έν
1769 2707 1840 2783 βαλε-

1127 2790 1188 2871 νςίιρ
1199 2789 1330 2848 λούεσθαι.

1130 2875 1359 3040 Κίξφγηριίῖοίνιιε
1380 2875 1434 2934 vit.
1454 2875 1541 2952 Pyth.
1557 2895 1620 2954 cap.
1638 2878 1718 2954 ιθρ.
1736 2878 1788 2949 178
1798 2877 1837 2936 ed.

308 3045 476 3125 ίπιγίνιοθαι.
503 3047 615 3126 Λέγουσι
639 3047 666 3104 δέ
688 3045 734 3105 καί
755 3044 874 3125 πράξεων
893 3044 1026 3122 διορισμὸν
1069 3072 1107 3113 tu.
1130 3048 1207 3112 Μετὰ
1218 3053 1304 3130 φωνῆς
1317 3049 1450 3128 εὔχεσθαι.

227 3203 233 3213 ι
308 3124 374 3194 εῖναι
396 3134 444 3206 τὴν
466 3134 622 3194 ἀνάπαυσιν·
636 3135 670 3199 h<
685 3124 729 3191 ούν
750 3130 910 3212 τῇπροτίρφ
933 3132 1025 3209 πράξει

308 3221 389 3300 πίρας
402 3221 561 3287 ἐπιτιθέντας
575 3221 732 3289 καθίζεσθαι.
740 3218 813 3297 παρά
824 3227 878 3287 τοῖς
891 3224 973 3290 θεοῖς,
983 3219 1026 3277 ῖνα

309 3308 400 3386 έτίρας
414 3308 491 3367 πόλιν
504 3307 589 3388 ἀρχὴν
603 3309 666 3387 παρ’
680 3305 783 3365 ίκείνων
797 3305 924 3365 λοίύωσιν.
940 3305 1026 3366 Δύνα-

308 3417 353 3453 ται
368 3394 395 3454 δῖ
415 3397 460 3455 καί
480 3402 556 3456 τοῦτο
569 3397 622 3462 τοῖς
642 3394 786 3476 αίρημένοις
806 3395 952 3472 ὁμολογεῖν,
976 3393 1027 3451 έθί-

309 3485 393 3550 ζοντος
406 3485 476 3558 ἡμᾶς
490 3487 535 3542 τοῦ
548 3484 688 3560 νομοθέτου
702 3481 740 3559 μὴ
760 3487 890 3540 ποιεῖσθαι
903 3480 949 3547 τάς
962 3479 1027 3558 πρὸς

308 3570 338 3628 τὸ
356 3575 422 3628 θεῖον
437 3568 558 3638 ίντεύξεις
571 3573 597 3630 ἀν
616 3571 729 3648 ἀσχολίᾳ
745 3570 790 3628 καὶ
807 3567 959 3648 παρέργως,
973 3559 1025 3626 οἷον

308 3656 478 3734 σπεύδοντας,
489 3659 547 3716 ἀλλ’
559 3655 621 3716 όταν
634 3656 726 3736 χρόνον
743 3655 845 3736 ίχωμιν
863 3656 908 3715 καῖ
928 3653 1026 3734 σχολὴν

309 3742 434 3822 immi

248 3851 285 3891 ot.
306 3829 397 3890 Ὀταν
413 3835 524 3912 βροντᾷ,
540 3833 588 3908 γῆν
600 3831 689 3908 θιγεῖν.

349 3916 539 3996 (lamblichus
552 3921 605 3978 rit.
619 3917 703 3994 Pyth.
720 3936 783 3996 cap.
800 3919 860 3994 aa.)

249 4023 285 4063 σι.
308 4002 370 4075 Ἐν,
385 4003 441 4064 δύο.

350 4093 540 4171 (lamblichus
565 4093 585 4152 l.
610 4111 636 4148 c.
660 4090 831 4150 Plutarchus
852 4091 888 4150 de
909 4089 986 4149 Iside
999 4103 1027 4148 et

310 4179 388 4238 Osir.
404 4198 469 4255 pag.
487 4201 552 4253 ιιο,
568 4179 619 4257 qui
633 4179 771 4238 unitatem
786 4178 969 4256 Apollinem,
980 4177 1024 4235 bi·

282 4523 321 4568 si.
339 4517 460 4568 livitibus
470 4531 517 4568 nou
530 4519 621 4582 putatis
631 4521 679 4571 noli
690 4520 736 4572 dlis
745 4520 831 4572 libare.

282 4615 325 4658 it.
342 4607 396 4658 Noli
405 4607 456 4657 alne
467 4607 541 4656 latina
553 4607 695 4658 sacrificare.

282 4699 318 4746 59.
338 4695 500 4745 eircnmactoa
512 4694 613 4745 adorare
625 4698 727 4758 oportet.

281 4788 319 4832 σο.
339 4781 451 4832 Precibus
462 4781 577 4832 absolutis
587 4783 718 4834 sedendum
732 4785 779 4834 est.

281 4875 321 4918 et.
338 4871 399 4918 cum
411 4871 491 4931 unat,
503 4872 592 4920 terram
603 4871 701 4934 tangito.

280 4962 320 5006 et.
339 4959 435 5016 Unum,
448 4957 504 5008 duo.

282 5049 320 5094 ti.
337 5049 364 5094 in
376 5059 447 5095 curru
462 5059 492 5096 ne
505 5045 632 5106 comedite.

282 5133 321 5186 οί.
337 5133 443 5184 Palmam
457 5146 488 5184 ne
497 5135 614 5195 plantato.

1168 3137 1312 3216 (Clemens
1332 3135 1545 3195 Alexandrinus
1567 3133 1675 3196 Strom.
1691 3135 1729 3192 lv
1744 3157 1774 3213 ρ.
1790 3137 1836 3202 iii

1128 3225 1173 3283 ed.
1191 3221 1271 3300 sylb.
1295 3223 1330 3283 Τί
1345 3223 1429 3280 τοίνυν
1452 3223 1475 3278 oi
1502 3220 1672 3300 Πυθαγόρειοι
1698 3221 1838 3298 βουλόμενα

1130 3307 1197 3386 μετά
1214 3314 1299 3389 φωνῆς
1314 3309 1435 3388 εὔχεσθαι
1448 3307 1606 3380 κιλεύουσιν;
1621 3308 1681 3386 ίμοῖ
1698 3309 1785 3379 δοκεῖ,
1799 3313 1838 3386 οὐχ

1132 3395 1173 3454 ὅτι
1187 3395 1217 3454 τὸ
1228 3396 1295 3454 θεῖον
1308 3395 1388 3476 ᾤοντο
1402 3393 1440 3471 μὴ
1455 3393 1579 3453 δύνασθαι
1590 3400 1642 3454 τῶν
1661 3400 1750 3473 ἡσυχῇ
1770 3402 1839 3476 φθεγ-

1130 3483 1248 3562 γομένων
1262 3483 1374 3554 ίπαίειν,
1386 3481 1494 3540 ἀλλ’ὅτι
1512 3481 1614 3550 δικαίας
1635 3482 1773 3540 ίόούλοντο
1784 3473 1839 3540 εῖναι

1129 3570 1174 3637 τάς
1183 3571 1272 3715 εύδχτοίς,
1281 3570 1310 3737 ἀρ
1319 3573 1365 3630 οὐκ
1375 3570 1406 3628 ἀν
1416 3593 1455 3636 τις
1465 3567 1594 3640 αἰδεσθείη
1604 3573 1734 3628 ποιεῖσθαι
1745 3571 1838 3628 nciliis

1130 3679 1199 3716 συνιι
1247 3681 1291 3716 ιον.
1694 3676 1697 3685 “

1069 3765 1104 3808 rt.
1127 3743 1198 3804 Ἕνα
1212 3743 1332 3822 γενίσθαι
1353 3743 1398 3802 καῖ
1412 3743 1456 3802 τὸν
1473 3743 1606 3822 ἄνθρωπον
1621 3743 1669 3802 δεῖ.

1171 3831 1315 3907 (Clemens
1346 3829 1561 3888 Alexandrinus
1594 3829 1702 3889 Sinoni.
1736 3831 1787 3890 lib.
1810 3831 1839 3887 ll'

1130 3939 1160 3996 p.
1177 3917 1233 3975 535
1251 3937 1259 3977 ε
1277 3919 1407 3993 μυστικῶς
1420 3915 1465 3974 καῖ
1487 3915 1518 3974 τὸ
1532 3917 1709 3995 Πυθαγόρειον
1728 3919 1838 3993 ἐλέγετο,

1125 4005 1170 4064 ἵνα
1185 4003 1304 4082 γενέσθαι
1319 4003 1418 4062 καὶτὸν
1432 4003 1567 4082 ἀνθρωπον
1581 4005 1646 4062 δεῖν.
1662 4003 1782 4062 Videtur
1796 4025 1837 4062 au·

1131 4104 1186 4150 tem
1209 4109 1299 4150 unum
1331 4091 1476 4168 appellare
1499 4091 1591 4149 Deum
1614 4103 1644 4147 et
1666 4105 1798 4150 mentem.
1811 4092 1837 4149 ln

1130 4178 1205 4236 hanc
1219 4181 1387 4236 sententiam
1401 4179 1547 4253 Diogenes
1559 4176 1695 4235 Laertius
1715 4177 1767 4235 lib.
1778 4175 1833 4233 titi

1102 4527 1141 4572 65.
1159 4521 1267 4571 Plantam
1281 4521 1382 4570 sativam
1393 4517 1701 4582 nequeeroidcauameare
1710 4531 1837 4582 οσςοεεοι·

1072 4609 1237 4669 rumpendam.

989 4730 990 4734 ,
1103 4703 1145 4747 οο.
1163 4697 1288 4746 silentium
1298 4696 1387 4746 obtine.

1102 4782 1239 4832 ti.·l³lsces
1250 4793 1280 4831 ua
1288 4783 1393 4842 gustato.

1102 4875 1142 4919 os.
1158 4872 1186 4920 In
1201 4869 1264 4918 terra
1277 4880 1308 4917 ne
1323 4867 1428 4928 naviges.

1102 4959 1142 5007 ον.
1161 4957 1242 5006 Neela
1253 4951 1512 5017 aqualiintingaaduu,
1522 4965 1567 5002 nec
1581 4951 1605 5000 in
1619 4951 1836 5003 balneolaranian.

1103 5047 1142 5094 7⁰.
1160 5043 1230 5093 clara
1242 5055 1300 5091 voce
1309 5040 1463 5103 omnium.

1102 5133 1141 5182 71.
1157 5133 1236 5181 unum
1250 5128 1344 5191 οροτίει
1358 5127 1480 5178 homiuem
1494 5139 1589 5190 quoque
1604 5125 1670 5176 fieri.
