3838 5926
283 399 337 452 aa
876 409 880 416 ·
944 385 1253 451 COMMENTARIUS

336 523 384 586 Vs.
394 532 502 600 taosq.
518 522 565 593 τήν
576 515 799 600 οίγίθοεόίεσσιν
809 517 878 600 κτλ]
888 519 930 580 De
942 521 1076 578 incruen·
1121 516 1304 596 Porphyrius
1323 513 1550 578 et.lamblichus
1568 533 1684 574 sensum
1699 515 1815 574 illorum
1834 531 1886 575 ver·

249 623 253 634 '
297 613 337 672 tis
358 612 519 690 priscorum
542 610 693 668 horminum
712 607 862 667 sacrificiis
877 627 941 685 qua
961 606 1079 685 Orpheo
1122 625 1205 663 suum
1220 616 1397 683 exponentes
1411 603 1471 661 baec
1485 602 1706 679 adjiciunta'sh
1719 602 1887 683 γδρπεριίν

297 701 384 757 etiam
408 699 580 777 placuerunt
600 696 662 754 hac
687 695 840 754 traduntur
862 714 880 752 a
899 695 1019 754 Platone
1043 692 1080 751 de
1123 691 1247 752 arenul
1275 695 1336 750 τῶν
1361 691 1465 751 ὄντων
1490 689 1835 751 λεύοσεσκινίκαοτα
1852 693 1888 750 καὶ

297 785 499 863 Legg.Vl‚aa,
531 779 1080 862 .76οοιΟύδέβοδςίτολμῶμενγεύεσθαι
1122 780 1297 860 πραπίδων
1327 782 1469 839 πλοῦτον
1493 778 1539 837 καί
1558 776 1591 836 rh
1619 777 1734 855 ἐοικότα,
1758 779 1888 859 ἔμφαντικθ

298 870 404 948 θύματά
413 893 441 929 τι
451 873 499 930 οθκ
507 805 541 942 δν
550 871 602 936 τοῖς
615 869 682 935 θεοῖς
696 870 762 948 ζῷα,
773 867 881 928 πέλανοι
893 868 921 927 δέ
935 868 980 929 καὶ
995 867 1080 942 μέλιτι
1125 869 1240 946 μάλιστα
1255 872 1302 940 τῆς
1320 856 1458 948 ίξαιρέτσυ
1477 866 1522 924 καί
1542 859 1729 947 θκριθεστέρος
1751 865 1822 945 πορθ
1842 867 1889 932 τούς

297 957 396 1038 καρποί
420 955 569 1035 δεδευμένοι
587 955 633 1014 καί
653 960 761 1017 τοιαῦτα
781 954 850 1014 όλλα
868 955 937 1034 θγνδ
957 956 1079 1032 θύματα,
1124 959 1218 1022 ἄλλους
1233 956 1427 1034 διοργανόισεοις
1449 953 1475 1014 έν
1497 979 1527 1014 τε
1548 958 1586 1034 τῷ
1607 957 1670 1036 δρᾷν
1684 954 1731 1012 καί
1744 957 1782 1034 τῷ
1801 957 1889 1014 ἀκούειν

298 1046 404 1125 σαρκῶν
417 1047 442 1102 δ’
455 1043 595 1122 ἀπείχοντο
603 1047 643 1110 a<
656 1043 707 1122 οὐχ
721 1040 791 1100 ύσιον
805 1040 832 1100 δν
846 1043 939 1103 ἐσθίειν
951 1041 1009 1101 otti
1024 1039 1081 1106 τοὺς
1124 1045 1169 1104 καί
1183 1048 1221 1125 τῷ
1240 1045 1307 1104 νοεῖν
1324 1049 1371 1102 τοῦ
1396 1042 1560 1122 Πυθαγόρου.
1580 1043 1665 1112 Quod
1681 1043 1823 1120 reliquum
1837 1059 1888 1118 est,

298 1135 350 1190 τῶν
365 1133 428 1190 θεῶν
440 1129 544 1210 βωμούς
558 1127 652 1208 alneu
662 1129 786 1207 μιαίνειν,
800 1127 868 1188 ant
885 1127 1005 1208 Ὀρφικοί
1015 1149 1082 1192 τινας
1124 1133 1263 1214 πραπίδων
1282 1136 1394 1193 πλοῦτον
1420 1133 1527 1208 legitur
1548 1133 1634 1189 etiam
1656 1150 1746 1208 supra
1765 1151 1809 1192 vs.
1832 1133 1889 1202 387.

298 1218 432 1296 λεγόμενοι
448 1217 500 1298 βίοι
515 1215 644 1294 έγίγννντο
663 1215 804 1292 rhythmis
817 1213 886 1288 τίτί,
908 1213 1018 1294 ἀψύχων
1033 1213 1080 1286 μὲν
1125 1221 1280 1298 Sequentia
1304 1221 1347 1278 sic
1373 1220 1517 1278 cohaerent
1541 1235 1549 1279 t
1571 1215 1605 1275 τθ
1628 1216 1745 1292 μάλιστα
1768 1217 1891 1296 ίπιήρανος

299 1305 419 1386 ίχόμενοι
432 1303 548 1375 πόντων,
557 1300 683 1382 έμψύχων
699 1301 726 1361 dl
735 1301 882 1362 τούναντίον
892 1301 998 1360 πόντων
1012 1305 1081 1360 dm·
1126 1305 1258 1368 παντοίων
1271 1309 1357 1385 σοφῶν
1372 1304 1468 1385 ίργων,
1484 1318 1517 1364 nt
1530 1303 1598 1384 σοφδ
1614 1303 1678 1382 ίργα
1697 1303 1756 1363 sint
1768 1304 1891 1361 doctrinae

299 1393 417 1472 χύμενον.
436 1392 480 1450 hd
501 1409 587 1468 quem
609 1391 704 1448 locun
727 1409 818 1468 pauca
839 1389 952 1448 notavit
972 1389 1079 1448 Assius.
1126 1395 1231 1454 studia.
1256 1394 1398 1452 Similiter
1421 1393 1474 1452 lon
1500 1392 1577 1470 apud
1603 1389 1773 1448 Athenaeum
1791 1390 1840 1447 lib.
1862 1390 1890 1461 t,

301 1480 441 1558 Apposite
454 1478 490 1536 ad
500 1477 574 1536 banc
584 1496 645 1534 rem
657 1477 829 1535 Plutarchus
838 1477 937 1535 delisu
947 1496 1028 1538 carn.
1041 1476 1080 1548 ll,
1127 1503 1155 1559 p·
1167 1490 1221 1555 ll7
1231 1481 1261 1541 F·
1273 1484 1360 1540 καλῶν
1374 1480 1497 1559 {wilm
1508 1479 1601 1556 letw-
1609 1477 1719 1555 ScflP⁵i
1732 1489 1823 1534 Μέθῃ]
1835 1499 1888 1535 ⁰⁰¹¹¹

300 1565 497 1644 vol.llp.152
509 1564 556 1626 ed.
565 1563 663 1623 Reislr.
676 1563 972 1641 ιτδδίΠυθαγόρουκαλ
982 1563 1083 1636 Ἑμπε·
1126 1570 1250 1645 llerglrio
1265 1569 1423 1626 Commeat.
1444 1568 1481 1626 de
1505 1567 1587 1643 Emp.
1610 1584 1736 1642 γιεοαιιιι.
1760 1584 1790 1641 p.
1814 1585 1847 1620 aa
1866 1565 1892 1622 τδ

301 1655 421 1720 δοκλέους
435 1652 553 1730 δόγματα
567 1650 643 1726 νόμοι
658 1655 710 1710 τῶν
723 1654 844 1710 παλαιῶν
857 1643 924 1722 ἦσαν
934 1649 1079 1722 Ἑλλήνων.
1127 1656 1243 1732 μάλιστα
1268 1674 1357 1731 quum
1380 1655 1469 1730 vulgo
1491 1675 1519 1711 τε
1541 1653 1659 1727 μύλιοτα
1675 1652 1815 1726 legeretur
1827 1653 1891 1726 quod

300 1741 385 1811 Quod
400 1740 544 1817 reliquum
563 1751 622 1810 est,
640 1739 807 1798 Diodorlius
823 1737 853 1797 in
869 1737 998 1796 Athenaei
1013 1757 1082 1795 con·
1127 1742 1198 1800 adeo
1207 1741 1380 1820 displicebat
1392 1741 1465 1799 viris
1477 1741 1570 1798 doctis
1580 1752 1612 1796 ut
1624 1738 1792 1796 Karstenius
1800 1739 1891 1795 πάντων

302 1841 382 1887 textu
394 1827 526 1903 vulgavit
539 1825 664 1905 γραπτοῖς
683 1824 724 1898 δέ,
739 1825 816 1903 apud
829 1825 1025 1903 Porphyrium
1040 1825 1082 1883 le·
1127 1829 1151 1884 τ’
1164 1818 1195 1899 hv
1206 1828 1321 1903 μάλιστα
1333 1828 1435 1905 reponi
1446 1827 1544 1898 vellet,
1559 1825 1616 1883 nisi
1630 1836 1754 1881 metrum
1769 1822 1890 1892 obstaret,

301 1917 381 1990 gitur
392 1912 600 1989 δαιδαλεόομοις,
611 1915 688 1991 apud
699 1912 867 1974 Athenaeum
878 1912 1081 1988 δαιδαλεόδμοις.
1127 1914 1255 1975 Steiuius
1266 1915 1421 1982 versatili
1431 1927 1460 1972 et
1471 1922 1529 1989 [ιαμ
1539 1923 1749 1988 transponeret.
1760 1910 1894 1966 Qmmen·

199 2063 201 2068 ,
301 2003 346 2062 Cl.
360 2003 458 2060 llerm.
473 2001 580 2079 0pusc.
593 1999 628 2072 V,
643 2020 711 2058 αιο.
1128 1999 1213 2058 datur
1221 2019 1293 2057 vero
1303 1996 1337 2057 τύ
1352 1999 1468 2072 μάλιστα
1481 2018 1536 2076 pro
1548 1998 1673 2075 simplici
1689 1995 1814 2068 μάλιστα,
1825 2014 1856 2052 ne
1865 1996 1893 2052 de

343 2090 388 2148 Vs.
404 2098 460 2157 ίηαα
481 2107 526 2166 sq.
545 2087 662 2166 σμύρνης
681 2085 704 2144 τ’
713 2083 962 2164 θιιρήτοο-ξουθῶν
974 2107 1002 2144 τε
1012 2085 1083 2164 κτλ]
1129 2103 1222 2160 prosae
1236 2084 1428 2162 scriptoribus
1449 2084 1556 2154 dicam,
1569 2083 1656 2141 simul
1677 2081 1804 2158 AEschyli
1816 2093 1894 2138 aucto

302 2178 457 2235 Athenaeus
470 2173 597 2254 ἀκρήτου,
608 2173 791 2252 Porphyrius
802 2171 927 2250 clepsisse.
938 2172 1016 2231 ldem
1027 2171 1083 2240 ξου·
1129 2172 1214 2230 ritate
1228 2173 1306 2251 Sept.
1323 2172 1388 2233 adr.
1403 2170 1497 2232 Theb.
1514 2192 1558 2232 vs.
1577 2191 1660 2243 1⁰7⁰·
1681 2169 1823 2226 Praeterea
1836 2167 1893 2224 l‘or·

303 2267 354 2322 θῶν
389 2264 512 2339 μελιτῶν,
545 2279 634 2338 quum
662 2260 816 2318 Athenaeus
846 2257 944 2327 ξανθῶν
972 2259 1091 2333 μελίτων·
1129 2259 1251 2338 phyrius
1267 2259 1384 2319 exhibet
1397 2257 1833 2336 πόαῃσι,1οιιι1ιίίο1ιιιιποίοαιοι.

303 2349 438 2428 praebeat.
469 2347 510 2406 Ex
534 2361 661 2424 utroque
682 2347 773 2421 igitur
799 2347 877 2404 fonte
898 2346 1018 2424 petitum
1043 2351 1093 2405 est'
1169 2346 1230 2405 Vss.
1246 2349 1389 2415 til-all.
1417 2338 1483 2417 ἦσαν
1504 2340 1691 2424 γδρ-δεδήιι]
1711 2342 1808 2400 laudat
1821 2341 1894 2398 Scho-

304 2436 382 2513 quod
394 2435 516 2494 carmini
531 2433 617 2492 intuli
633 2432 728 2500 ξουθῶν
739 2432 867 2508 μελίτων.Ι
877 2433 1019 2492 Praeterea
1030 2454 1086 2511 pro
1130 2433 1225 2492 liastes
1238 2434 1376 2493 Nicandri
1399 2433 1434 2492 ad
1453 2433 1541 2490 Ther.
1563 2452 1607 2493 vs.
1636 2432 1692 2501 rsa
1708 2449 1774 2507 pag.
1791 2430 1840 2486 186
1857 2429 1893 2486 ed.

303 2520 570 2597 vulgarirocabulo
582 2519 714 2600 ῥίπτοντες
726 2519 805 2596 quod
818 2520 849 2578 in
865 2519 993 2578 Athenaei
1002 2518 1087 2578 libris
1130 2521 1230 2582 Didot.
1245 2542 1252 2579 ι
1263 2519 1301 2580 ,τί
1312 2521 1390 2580 κτίλα
1402 2521 1446 2579 tat
1457 2523 1507 2578 τῶν
1520 2519 1626 2597 ἡμέρων
1637 2518 1682 2576 καὶ
1696 2519 1824 2575 τιθασοῶν
1836 2516 1895 2573 τίθε-

304 2609 453 2668 invenitur
465 2607 644 2685 Porphyrius
658 2604 775 2663 exhibet
788 2609 944 2684 percrebuere.
1130 2631 1233 2668 ται.....
1245 2607 1430 2684 Ἐμπεδοκλῆς
1444 2606 1489 2664 ent
1504 2609 1556 2665 τῶν
1568 2601 1672 2684 ἡμέρων
1687 2602 1733 2661 καί
1748 2601 1855 2680 πραέων

344 2695 392 2756 Vs.
412 2702 479 2762 dal.
501 2693 603 2770 ταύρων
624 2689 646 2750 θ’
672 2691 809 2770 ἀκρήτοισι
827 2690 922 2772 φόνοις]
945 2691 1086 2752 Eusebius

305 2781 451 2861 διερύτοισι,
465 2779 651 2857 Porphyrius
667 2791 696 2836 ct
711 2779 840 2856 Cyrillus
859 2779 997 2858 δκρίτοισι,
1011 2780 1088 2838 unde

306 2869 435 2944 Scaliger
449 2867 562 2945 primus
573 2865 670 2923 effecit
685 2864 831 2942 ἀκρήτοισι.
848 2865 996 2923 Sententia
1007 2867 1087 2924 simi·

306 2957 345 3015 lis
355 2967 398 3014 est
409 2955 436 3013 ei
447 2953 625 3031 quaelegitur
636 2951 712 3029 apud
721 2951 1025 3030 Sextnmlimpiricum
1036 2953 1087 3025 tx,
1132 2957 1254 3019 sedhic
1277 2958 1366 3033 vulgo
1387 2958 1493 3033 legitur
1514 2955 1557 3028 ἠδ’
1578 2945 1646 3027 dm
1659 2952 1737 3013 κοίλη
1760 2951 1842 3010 πάντα
1861 2948 1896 3007 nl

309 3045 365 3102 128
377 3062 384 3101 :
396 3040 589 3122 (Pythagorei)
604 3038 708 3100 ἇσδὸεἶν
720 3037 834 3120 έραθκθν
849 3041 908 3106 τοὺς
920 3039 1069 3120 ἀνθρώπους
1133 3047 1276 3128 ἀνθρώποις
1295 3049 1415 3124 προσηνῆ
1430 3043 1508 3125 pipp&
1522 3046 1555 3102 τ’,
1570 3043 1603 3100 {n
1621 3043 1712 3100 altem
1730 3059 1817 3099 versu
1829 3037 1896 3094 Stup-

691 3149 695 3156 '
1134 3137 1196 3193 aius
1219 3153 1274 3212 pro
1297 3131 1430 3212 ἄνθρωποι
1455 3143 1532 3189 recte
1551 3129 1702 3189 substituit
1719 3127 1814 3186 οίοινοί.
1831 3125 1895 3181 hiem

1135 3222 1209 3279 male
1226 3219 1400 3300 φιλοφροσύνη
1423 3217 1456 3274 in
1473 3215 1648 3295 φιλοφροσύνῃ
1672 3217 1822 3273 convertit.
1844 3213 1896 3269 llas

348 3318 398 3378 Vs.
416 3319 472 3386 425
487 3336 550 3396 seq.
572 3305 641 3376 θλλθ
653 3314 823 3392 μύσος-ήία
838 3313 921 3392 γυῖα].
940 3316 998 3374 Pro
1015 3315 1090 3376 ἔσκεν
1134 3327 1251 3387 quoque
1264 3327 1328 3366 curu
1346 3304 1535 3383 sequentibus
1546 3305 1583 3363 ad
1601 3322 1717 3363 auream
1733 3315 1839 3360 aetatem
1859 3317 1895 3355 cut

308 3404 437 3482 cyrillus
449 3401 787 3484 ίσρον.-δπορραίσαντες
806 3400 926 3478 ίέδμεναι
947 3401 1090 3462 Eusebius
1135 3413 1187 3453 ver
1208 3407 1346 3452 aeternum
1369 3404 1399 3450 et
1420 3391 1611 3449 animantium
1629 3389 1762 3448 omnium
1785 3399 1896 3445 martuum

308 3513 394 3570 quem
420 3504 581 3569 sequuntur
602 3489 765 3568 Stephanus
796 3501 826 3546 at
844 3488 989 3564 Scaliger3
1017 3491 1091 3548 male
1136 3483 1212 3540 inter
1225 3499 1257 3540 se
1273 3498 1400 3538 amorem
1426 3478 1533 3537 tribuit
1553 3477 1743 3555 Empedocles
1771 3474 1897 3555 pertinere

309 3579 468 3659 Porphyrii
494 3576 822 3658 οοθὶοεεθπορρέζαντας
845 3575 978 3651 θίλμιναι.
1004 3577 1092 3635 Deni-
1136 3569 1167 3626 in
1183 3579 1320 3645 promptu
1331 3577 1386 3625 est.

308 3685 366 3744 que
386 3665 456 3724 libri
477 3684 564 3724 manu
586 3667 695 3723 exarati
712 3662 819 3722 habent
843 3663 890 3734 ἤϊα
909 3671 981 3740 γυῖα,
1004 3683 1090 3740 qnam
1176 3646 1898 3730 θνα.135·ίι36·δίνδρεν-ίνιαντθν]”1θθονθῐθθ“ὓ

309 3754 481 3831 scripturam
492 3752 625 3813 lleiskius
636 3752 744 3812 mutari
757 3749 874 3809 volebat
889 3751 922 3809 in
935 3749 1003 3820 alma
1013 3751 1086 3828 γυῖα,
1136 3744 1172 3803 de
1186 3743 1272 3804 Cous.
1285 3741 1374 3820 plant.
1385 3739 1411 3815 1,
1429 3741 1463 3799 ιδ
1475 3741 1533 3817 (ιη)
1549 3740 1604 3798 :El
1617 3736 1645 3797 δί
1654 3738 1698 3795 καί
1714 3737 1847 3814 ευνιχῶςο
1858 3730 1898 3806 θήρ

310 3838 429 3898 Praestat
452 3853 548 3898 tamen
569 3839 733 3898 llnhnleuii
761 3851 791 3897 et
815 3837 915 3914 Vigeri
941 3837 1090 3895 inventum
1136 3828 1291 3899 ἀκολουθοίη
1304 3825 1405 3893 τούτοις
1421 3828 1485 3904 (τοῖς
1498 3824 1631 3905 δένδροις),
1644 3822 1707 3890 ίσοις
1722 3824 1782 3882 etet
1796 3820 1827 3879 τί
1839 3819 1897 3896 περί

310 3925 361 4000 alia
378 3935 450 4005 γυῖα.
464 3926 624 4004 Hesychius
640 3946 648 3982 ι
664 3926 725 3998 ἠέα,
737 3925 832 4005 ἀγαθοί.
1136 3923 1189 3978 τῶν
1201 3918 1317 3988 ποιητῶν
1331 3915 1460 3992 λεγόμενα
1479 3913 1574 3982 δόξειεν
1594 3910 1626 3970 δν
1648 3909 1750 3989 ἀλόγως
1764 3909 1842 3987 ίχειν,
1853 3901 1898 3962 etl

228 4003 233 4016 ⁸
350 4013 412 4073 Vsa.
433 4015 575 4085 4²7·l32·
598 4005 630 4082 ἤν
647 4011 675 4070 δέ
693 4011 920 4088 τις-αἰύνεσσιν]
935 4013 1005 4070 citat
1015 4011 1094 4070 Por·
1137 4003 1362 4080 ὡςἘμπιδοκλῆς
1374 3998 1503 4080 θείφυλλα
1519 4000 1566 4059 καί
1580 3996 1770 4076 ίμπεδόιιαρπεέ
1782 4015 1841 4074 φησι
1853 3991 1899 4049 lul·

315 4100 440 4179 phyrius
452 4101 506 4158 vit.
523 4097 646 4176 Pythag.
664 4099 701 4155 δυ
718 4098 821 4166 :neate
834 4101 856 4174 (θ
871 4097 1035 4177 Πυθαγόρας)
1047 4101 1094 4168 τῆς
1137 4095 1191 4152 λειν
1201 4093 1308 4170 καρπῶν
1322 4088 1461 4168 δφθονίῃσι
1475 4089 1534 4146 κατ’
1546 4087 1610 4166 ἠέρα
1625 4082 1702 4146 πέντ’
1716 4080 1899 4151 ίνιαυτόν,θτο·

266 4189 269 4198 ¹
312 4191 359 4246 τοῦ
380 4185 479 4252 παντδς
498 4183 624 4265 ἁρμονίας
641 4187 765 4264 ἠκροᾶτο,
792 4185 875 4251 συνεὶς
896 4187 942 4254 τῆς
956 4185 1094 4253 καθολικῆς
1137 4177 1267 4254 τιθέμενός
1286 4198 1345 4236 τινα
1369 4179 1414 4234 τοῦ
1431 4174 1506 4256 ἀέρος
1520 4185 1612 4254 κρδσιν
1632 4172 1681 4244 τήν
1709 4169 1800 4248 ἠρινλν
1817 4163 1898 4234 κοινήν,

312 4277 364 4332 τῶν
382 4276 498 4352 σφαιρῶν
513 4271 559 4330 καί
573 4276 626 4332 τῶν
636 4271 707 4330 κατδ
726 4271 823 4338 ταύτας
843 4271 999 4347 κινουμένων
1016 4261 1095 4328 ἀστέ-
1138 4267 1215 4326 unde
1224 4265 1405 4323 Hermannus
1414 4263 1491 4340 apud
1498 4262 1644 4320 Sturzium
1657 4280 1686 4338 p.
1700 4262 1758 4327 θοή
1769 4256 1842 4313 hunc
1851 4269 1900 4306 rer·

290 4391 293 4398 ·
315 4385 366 4440 ρυιν
382 4360 551 4441 ἁρμονίας...
571 4357 672 4424 τούτοις
694 4357 740 4417 καί
757 4358 942 4433 Ἐμπεδοκλῆς
958 4363 1093 4436 μαρτυρεῖ,
1139 4374 1202 4413 sunt
1219 4351 1403 4412 concinnavit
1422 4371 1429 4407 :
1454 4349 1560 4428 δένδρεα
1584 4350 1607 4406 δ’
1623 4347 1760 4426 αίείφυλλα
1774 4343 1817 4402 καὶ
1828 4343 1901 4414 έμπι-

313 4449 397 4528 λέγων
414 4447 476 4528 περί
499 4451 588 4507 αὐτοῦ·
608 4439 641 4518 ἦν
658 4445 686 4504 δι’
700 4469 738 4512 τις
752 4447 807 4504 κτλ
832 4444 903 4504 ltem
918 4444 1094 4504 lamblichus
1139 4441 1258 4519 δόκαρπα
1279 4437 1383 4510 τέθηλε.
1405 4438 1511 4496 Verum
1537 4455 1554 4494 e
1578 4435 1724 4494 Plutarchi
1754 4432 1817 4490 loco
1832 4427 1901 4502 Sym·

313 4539 372 4596 vir.
395 4536 517 4615 Pythag.
536 4537 573 4608 67
593 4554 600 4591 ι
616 4535 702 4593 Τοῦτο
720 4530 839 4612 φαίνεται
852 4532 898 4589 καί
911 4531 1095 4605 Ἐμπεδοκλῆς
1138 4549 1201 4607 pos.
1215 4527 1269 4605 lll,
1282 4548 1298 4585 a
1313 4547 1379 4605 pag.
1398 4527 1458 4602 6⁴9
1475 4547 1482 4582 ι
1502 4523 1532 4582 ab
1546 4525 1568 4582 δ’
1581 4522 1697 4588 ἀειθαλὲς
1716 4525 1793 4580 τοῦτο
1805 4510 1901 4580 aristis

314 4625 375 4703 περὶ
389 4627 467 4683 αὐτοῦ
486 4620 656 4692 αἰνίττεσθαι,
676 4617 721 4677 καί
739 4623 787 4690 τῆς
802 4616 931 4698 ίξαιρέτου
942 4619 989 4676 καί
1001 4619 1095 4676 θεοδω·
1140 4639 1218 4696 φησιν
1230 4614 1426 4691 Ἐμπεδοκλῆς,
1442 4610 1649 4690 ίμπεδόφυλλον,
1664 4611 1711 4667 ota
1721 4607 1778 4668 έστι
1791 4601 1901 4683 θερμότη-

315 4709 393 4789 piem
407 4707 473 4786 ὑπὲρ
483 4706 540 4774 eabe
553 4707 646 4772 ἄλλους
659 4703 862 4785 διοργανιίιοιως,
876 4708 902 4764 lv
915 4695 952 4770 οἷς
962 4725 1049 4782 φησιν·
1062 4695 1094 4776 ἦν
1139 4726 1190 4775 τος,
1204 4703 1345 4779 conjicias
1363 4699 1565 4780 Empedoclem
1580 4697 1732 4774 scripsisse
1748 4716 1755 4752 ι
1770 4692 1869 4768 δένδρεα
1884 4685 1901 4741 δ

315 4795 394 4864 δύτις
402 4799 461 4854 κτλ.
475 4794 581 4852 Versus
591 4801 647 4865 4²7
662 4805 691 4850 et
707 4795 765 4858 tall
777 4791 863 4851 habet
884 4793 970 4850 etiam
990 4792 1095 4866 Dioge·
1142 4789 1328 4869 ίμπεδόφυλλα
1341 4788 1386 4846 καί
1400 4786 1589 4862 ίμπεδόκορπα
1603 4785 1715 4856 τεθήλει,
1729 4783 1762 4840 in
1778 4799 1835 4858 quo
1846 4777 1901 4834 ultr·

316 4903 368 4944 nes
382 4882 512 4941 Laertius
523 4878 603 4951 vul,
618 4880 666 4946 54.
682 4882 789 4939 Omnes
799 4877 970 4956 Pythagora
982 4878 1094 4937 laudem
1142 4897 1218 4935 ιιιαιιι
1231 4896 1332 4935 vocem
1342 4874 1445 4944 τεθήλει
1459 4893 1524 4932 cum
1534 4871 1646 4930 Steinic
1656 4889 1718 4928 esse
1733 4869 1825 4940 volui,
1838 4875 1901 4922 ratus

316 4972 354 5030 iis
365 4969 505 5030 celebrari
518 4968 619 5042 aiunt,
633 4967 691 5025 nisi
705 4966 783 5045 quod
795 4967 923 5041 Diogene
940 4976 1009 5024 teste
1024 4985 1095 5023 non·
1140 4962 1193 5024 hos
1216 4983 1318 5022 versus
1332 4983 1348 5021 a
1362 4975 1448 5040 poeta
1462 4962 1500 5019 iis
1519 4979 1592 5036 quos
1611 4978 1628 5018 e
1647 4955 1784 5016 Nicandri
1802 4967 1901 5012 enarra·

316 5059 389 5118 nulli
403 5054 586 5116 Parmenidis
595 5054 733 5113 virtutem
746 5053 801 5112 hac
816 5052 971 5110 verborum
987 5051 1097 5126 magni·
1142 5064 1204 5110 tore
1215 5050 1323 5130 protuli
1337 5069 1400 5108 esse
1412 5047 1594 5124 subjunctos.
1607 5046 1739 5104 Sturzius
1757 5045 1847 5100 minus
1856 5038 1899 5095 ele·

318 5147 432 5204 licentia
461 5155 659 5222 exaggeratam
685 5161 748 5225 esse
781 5155 928 5221 putarunt.
953 5141 1095 5200 Caeterum
1142 5151 1242 5216 gauter
1265 5137 1384 5217 scripsit
1405 5135 1522 5197 ι’θαλλει
1540 5135 1645 5215 δένδρεα
1673 5131 1851 5211 έμπεδίφολλα
1866 5119 1898 5186 καί

1171 2732 1237 2813 ἦσαν
1251 2741 1302 2820 γδρ
1316 2739 1394 2798 κτίλα
1406 2739 1495 2798 πάντα
1509 2737 1553 2796 καί
1567 2733 1727 2814 ἀνθρώποισι
1742 2737 1857 2812 προσηνῆ
1891 2743 1894 2750 ’

1172 2827 1248 2906 θῆρές
1260 2830 1284 2886 τ’
1299 2825 1432 2906 ἄνθρωποί
1439 2850 1470 2886 τι
1483 2822 1657 2906 φιλοφροσύνη
1666 2845 1695 2880 τε
1706 2821 1802 2893 δεδήει.

386 3179 481 3256 Βωμθν
495 3177 644 3259 ίρεύθοντας
656 3175 782 3257 μακάρων
797 3178 914 3258 θερμοῖσι
927 3177 1035 3258 φόνοισι.
