3740 5916
284 419 339 470 288
537 411 542 422 “
882 411 1128 474 ARISTOTELIS
1147 413 1261 472 Ltnntt

274 541 371 626 pou-ri
384 540 411 600 δὲ
421 539 596 622 ὅμοιονὲτέρῳ
609 538 708 617 ὅμοιον,
718 538 787 600 ὥστε
801 537 968 610 δύοῆπλεέω
977 540 1050 616 ὄντα,
1097 543 1168 600 ὄντα.
1209 539 1274 602 Ἔτι
1284 542 1306 599 εἰ
1321 539 1402 599 eliditis
1418 563 1445 598 rs
1460 541 1506 598 καὶ
1519 537 1625 618 ἄπειρόν
1645 540 1714 610 ἐστι,
1729 537 1868 614 associas&

272 633 319 691 οὒκ
335 629 367 690 ἂν
393 629 419 688 ἓν
432 634 486 690 οὐδ’
502 629 608 707 ἄπειρον
628 621 705 690 εἶναι.
748 629 816 688 Ἀλλ’
830 627 892 696 ἴσως
908 631 939 688 τὸ
964 629 1053 706 ὅμοιον
1100 627 1126 686 ἓν
1141 627 1275 704 σῶμαόνς
1294 628 1378 706 εἰμὲν
1403 626 1456 707 γὰρ
1469 626 1598 704 ἀνομοίων
1612 631 1700 705 μερῶν
1720 625 1779 698 εἴν,
1797 625 1868 694 solli

274 719 338 800 πρὸς
352 719 382 778 τὸ
396 719 459 777 αὐτὸ
478 717 550 795 λε’-ρει
564 717 609 776 καί
622 741 700 795 φησιν
723 718 785 776 αὐτὸ
804 717 892 793 ὅμοιον
913 708 979 776 εἶναι
991 727 1053 790 πᾶν,
1099 715 1143 773 καὶ
1169 716 1244 782 αὐτὸς
1267 715 1298 773 ἂν
1325 716 1458 794 γίγνεσθαι
1474 713 1551 783 ἀξιοῖ.
1594 716 1618 772 εἷ
1637 715 1665 774 δὲ
1684 713 1758 772 ἅπαν
1773 715 1868 800 iloni

271 809 311 868 ὅτι
323 807 494 885 ὁμοιομερές,
506 805 575 885 ὕδωρ
588 805 617 865 ὃν
629 805 699 864 ἅπαν
715 806 732 874 ἢ
755 811 803 883 γῆν
817 805 834 876 ἢ
850 805 874 864 cl
891 829 918 865 τι
936 811 1053 865 τοιοῦτον
1100 805 1170 862 ἅπαν
1189 803 1263 882 pigi,
1278 803 1303 878 ὅ,
1324 826 1350 862 τι
1369 802 1401 873 δὴ
1421 801 1452 860 τὸ
1464 799 1493 861 ὃν
1503 803 1573 860 τοῦτ’
1589 803 1654 873 ἐστι,
1672 801 1762 861 πολλὰ
1776 801 1807 859 ἂν
1826 803 1868 880 ἔχοι

272 894 345 953 ἄλλο.
386 896 471 964 Δῆλος
484 893 535 972 γὰρ
549 892 629 960 οὕτως
644 893 722 962 ἀξιῶν
733 885 799 950 εἶναι
811 893 838 951 ἓν
853 897 905 952 τῶν
922 892 954 965 δὴ
968 895 1053 972 μερῶν
1100 891 1180 970 μέρη,
1196 895 1231 956 ὡς
1245 889 1291 949 καὶ
1304 889 1395 960 Ζήνων
1416 890 1543 967 ἐπιχειρεῖ
1564 887 1593 946 ὃν
1605 887 1739 947 δεικνύναι
1756 890 1788 948 τὸ
1802 889 1868 964 οὗπερ

231 999 258 1036 ao
274 982 383 1042 ἕκαστον
397 985 475 1058 σῶμα
489 979 529 1053 ὄν,
545 979 559 1039 8
573 983 620 1039 οὐκ
634 980 740 1060 ἄπειρόν
763 983 830 1040 ἐστι.
873 980 913 1040 Τὸ
926 981 978 1060 γὰρ
994 981 1054 1040 ὅλον
1100 978 1177 1039 istu.
1192 976 1243 1049 El»,
1258 969 1302 1036 οὗν
1317 976 1570 1036 &restrictorem
1589 980 1669 1034 αὐτοῦ
1686 976 1771 1056 μέρη,
1790 973 1868 1052 τὰμλ

273 1067 578 1151 &respondentium
596 1069 714 1146 περαίνει
738 1067 802 1148 πρὸς
819 1067 924 1141 ἄλληλα
939 1067 1054 1146 ἀγένητα
1100 1066 1226 1124 ἐλάττονα
1239 1064 1274 1124 ελ
1287 1064 1314 1124 dl
1330 1064 1454 1141 μείζονα,
1480 1064 1573 1124 illiniri
1591 1088 1621 1124 τε
1638 1065 1726 1144 ποίνιῃ
1735 1109 1745 1142 ,
1760 1067 1784 1123 sl
1801 1066 1868 1148 ταύιρ

274 1157 1868 1224 ----.----.--ἐ

272 1287 396 1347 propterea
415 1283 545 1333 notabilem
563 1287 658 1342 censet,
680 1285 793 1344 qrroaiam
809 1283 864 1333 inde
881 1296 1052 1343 cognoscamus
1101 1282 1154 1332 aliis
1173 1283 1258 1344 placet,
1274 1281 1340 1330 alteri
1352 1280 1459 1341 οιιίιέιιιιι)
1471 1279 1536 1343 quod
1552 1280 1625 1330 etiam
1640 1284 1795 1341 Anaxagoras
1803 1283 1868 1336 οεέιαι

270 1359 437 1415 Anaxagoram
450 1351 664 1402 contradictionum
678 1351 820 1414 disputasse.
838 1356 898 1410 Quae
912 1353 931 1400 ri
943 1353 976 1400 ita
989 1354 1055 1400 certa
1101 1353 1145 1414 dit,
1159 1353 1278 1400 inlinitum
1288 1353 1324 1399 sui
1333 1351 1411 1400 simile
1420 1350 1562 1411 easesatqm
1574 1349 1595 1398 st
1604 1349 1663 1410 qnid
1672 1349 1753 1400 εἰιιιὶΙε
1763 1341 1868 1424 emelim

270 1429 360 1482 essem,
372 1425 399 1471 ut
410 1425 466 1472 strui
483 1427 553 1471 acute
563 1425 588 1472 el
603 1423 724 1484 ingenioso
741 1422 885 1484 excogitata,
899 1421 957 1472 nilsil
970 1421 1055 1470 melius
1101 1427 1138 1470 est
1150 1422 1237 1482 simile,
1252 1423 1284 1470 ita
1294 1424 1321 1469 ut
1335 1420 1383 1468 duo
1396 1421 1434 1468 rel
1451 1421 1518 1479 ptnrn
1533 1419 1582 1467 siut
1595 1420 1669 1478 cutia,
1685 1433 1734 1468 non
1750 1433 1829 1468 nuum
1841 1429 1868 1470 su

214 1529 220 1544 .
273 1493 318 1542 trac
332 1491 550 1554 ilerglriiseotentia
564 1493 631 1541 toret
665 1493 1055 1556 Asprimumquidomridsropso
1101 1503 1148 1552 que
1163 1491 1290 1539 inlinitum.
1323 1489 1369 1538 Sed
1396 1487 1497 1538 tortasse
1516 1487 1593 1536 simile
1607 1487 1667 1537 dicit
1683 1489 1794 1549 eiusdem
1816 1475 1868 1554 (ssi

272 1575 303 1612 ex
318 1567 463 1623 Anaxagorae
479 1562 570 1624 placitis
591 1563 700 1623 ἀνόμοιον
717 1576 769 1612 esse
783 1564 844 1612 suit.
877 1566 905 1612 ln
918 1575 1054 1625 quounum
1102 1560 1152 1622 per)
1166 1560 1349 1610 trituratione
1361 1557 1541 1620 contenditque,
1552 1557 1849 1617 ipsumsimileessetotu

239 1623 246 1650 ³
272 1632 381 1682 desidero
394 1631 459 1693 qrrod
469 1632 789 1694 gravissimumesseomnes
801 1633 940 1692 largientur.
973 1633 1054 1687 Quum
1102 1633 1184 1693 utpote
1201 1629 1334 1691 aequalibus
1353 1631 1466 1677 constans
1480 1627 1600 1688 partibus,
1620 1628 1679 1688 qiua
1696 1629 1839 1678 universum
1863 1633 1865 1638 '

272 1701 337 1750 enim
350 1697 409 1749 ‘dno
425 1701 508 1762 ἄπειροι
529 1703 681 1760 Andragoras
702 1703 830 1759 statueret,
845 1694 948 1750 alterum
964 1703 1054 1763 ὅμοιον,
1100 1714 1162 1762 aqua
1173 1700 1209 1750 νεΙ
1217 1702 1280 1750 terra
1292 1701 1330 1750 nel
1342 1698 1502 1760 quodcunque
1510 1697 1576 1748 aliud
1592 1698 1665 1756 trojus
1677 1699 1778 1758 generis.
1793 1719 1807 1742 s

271 1771 381 1832 ἀνόμοιον
392 1770 503 1829 alterum,
523 1771 680 1832 qurercudum
694 1776 760 1827 erat,
774 1773 856 1819 utrum
875 1771 904 1820 iis
920 1771 951 1820 de
968 1769 1056 1833 quibus
1135 1773 1171 1819 ttt.
1191 1773 1265 1828 Δῆλος
1278 1772 1322 1832 γὰρ
1338 1768 1404 1825 οὗτος
1421 1768 1596 1824 secerdotes
1609 1773 1656 1815 τῶν
1674 1768 1776 1830 διμεριῐνν
1788 1769 1868 1842 haam

252 1873 253 1876 κ
272 1841 311 1890 iric
323 1841 401 1902 egitur
415 1840 563 1899 corrueuiret,
573 1839 637 1902 quod
648 1853 662 1888 a
675 1840 774 1900 Bergtrio
784 1852 831 1889 uon
843 1853 896 1890 esse
908 1841 997 1890 tactum
1010 1839 1054 1888 do·
1102 1847 1172 1902 σῶμα
1180 1841 1217 1902 ἐν,
1228 1839 1272 1889 οὐκ
1281 1840 1374 1902 ἄπειρόν
1386 1841 1457 1888 ἐστιν.
1491 1841 1526 1887 tta
1539 1837 1672 1900 sulgolsmc
1683 1839 1759 1888 rerba
1771 1840 1828 1888 ειίν·
1837 1864 1841 1879 .
1850 1868 1863 1881 .-

272 1911 356 1960 Ιοιιιιιε.
389 1912 434 1959 Est
445 1909 618 1970 ιειοάνὸμοιον
630 1909 688 1958 illud
699 1910 947 1972 ἐπιιρονλιιιιιειςοιεε
955 1911 1055 1960 minima
1101 1913 1149 1970 tur,
1164 1911 1195 1960 de
1210 1923 1313 1971 utrorum
1332 1908 1544 1969 obscuritatejure
1562 1913 1708 1969 conquestus
1725 1913 1762 1958 ast
1777 1911 1862 1970 spuo

271 1981 378 2030 materie
395 1991 459 2042 pars,
477 1979 660 2042 uiexitsqnae
676 1991 749 2041 suprs
765 1979 1054 2042 laudatasuutatqueex
1101 1981 1162 2040 gius.
1194 1985 1224 2028 At
1239 1979 1329 2028 iucud.
1346 1978 1411 2038 lips.
1425 1981 1462 2026 est
1481 1979 1554 2033 οῦιως
1571 1978 1744 2032 &rescissis
1760 1980 1868 2044 οἶὴμαῖνχ

270 2050 324 2099 aliis
335 2049 473 2111 imgmentis
482 2048 594 2109 uincitur,
602 2049 690 2098 reluta
704 2049 781 2110 primo
793 2062 846 2110 pag.
856 2055 889 2098 s's
897 2049 936 2098 ed.
950 2049 1053 2098 Sdsaub.
1101 2048 1165 2109 qrsod
1180 2048 1261 2096 omisit
1273 2047 1391 2096 otcarius.
1423 2049 1542 2104 Quocirca
1553 2047 1656 2097 lieclrius
1664 2049 1746 2097 tocrrna
1759 2049 1794 2096 ita
1805 2050 1858 2098 dist

271 2119 335 2182 (pag.
357 2122 383 2168 tl
399 2117 437 2168 ed.
456 2119 568 2180 Schnrn.)
584 2121 643 2182 ὁμοῦ
659 2119 735 2169 πάντα
750 2121 859 2183 χρήματα
869 2121 907 2181 ἦν,
920 2122 1004 2184 ἄπειρα
1015 2124 1054 2170 aui
1100 2119 1140 2176 gul
1155 2120 1250 2168 solebat
1263 2137 1270 2168 ι
1284 2119 1494 2181 Δῆλοςγὰροῡεως
1506 2119 1575 2173 ιἰἐιῶν
1587 2119 1646 2166 εἶναι
1660 2119 1693 2172 ἐν,
1706 2123 1754 2166 τῶν
1768 2121 1798 2178 δὴ
1813 2117 1868 2182 paesi

270 2191 356 2247 πλῆθος
368 2191 408 2238 est
416 2190 624 2254 europus-urrani
636 2189 681 2253 γὰρ
695 2191 723 2238 τὸ
733 2191 831 2254 αριιιιρὸν
841 2191 936 2250 ἄπειρον
945 2191 982 2252 ἦν.
1021 2194 1055 2241 lle
1101 2191 1208 2249 imerus,
1222 2195 1292 2250 σῶμα
1301 2191 1336 2248 ἐν,
1346 2191 1389 2238 οὺιι
1399 2190 1493 2255 ἄπειρόν
1506 2192 1564 2239 ἐστι.
1582 2189 1730 2239 sedunum
1741 2190 1825 2239 addito
1840 2216 1845 2233 ι
1862 2218 1866 2231 ν

266 2258 466 2310 'dissimilitudine
475 2265 516 2308 τοῦ
528 2264 628 2324 σμικροῦ
637 2262 676 2308 οιαὶ
689 2260 786 2322 ἀπείρονι
798 2260 856 2308 uiuit
869 2259 967 2322 adjicio,
979 2274 1054 2323 quum
1101 2261 1197 2309 nomine
1206 2261 1306 2308 relativo
1317 2260 1350 2308 tta
1361 2261 1439 2308 scribo
1452 2274 1459 2308 :
1475 2263 1548 2318 Δῆλος
1564 2261 1609 2323 γὰρ
1618 2261 1691 2316 οὕτως
1701 2261 1773 2317 diros
1787 2249 1868 2394 etms

271 2331 465 2392 esupepioribus
478 2330 536 2378 satis
551 2332 638 2390 pateat.
671 2330 778 2378 Alterum
790 2331 895 2393 ἀπειρον,
903 2331 966 2391 ιμιοιέ
975 2331 1055 2390 ὅμοιον
1102 2329 1274 2390 sustinueris
1296 2329 1524 2390 immerentium,
1543 2329 1556 2378 ὃ
1574 2329 1797 2393 οιλνιιίαειρὸνέειι.
1815 2333 1839 2380 S'
1867 2395 1868 2398 ρ

271 2399 504 2461 machinabatur,
518 2398 777 2462 ipsamenstsioclest.
811 2401 1052 2461 Namqueiragm.itt
1101 2396 1156 2445 liter
1162 2396 1212 2458 jum
1224 2397 1375 2460 Spaldiugius
1387 2400 1428 2465 ὅγε
1442 2400 1568 2461 legendum
1581 2400 1727 2462 conjecerat.
1760 2405 1815 2451 caet
1867 2403 1868 2406 ’

272 2468 327 2518 lnit.
340 2482 363 2530 p.
378 2468 583 2517 nonodecimus.
598 2467 632 2529 (p.
644 2473 672 2518 tt
685 2468 723 2517 ed.
737 2469 847 2530 scituro.)
860 2471 912 2518 tinec
926 2471 1053 2531 leguntur:
1101 2465 1233 2516 Aristotelis
1256 2468 1379 2517 conclusio
1400 2469 1554 2518 veliementer
1575 2474 1690 2530 repugnat
1705 2471 1782 2531 ipsius
1800 2473 1851 2520 llel'

270 2538 351 2600 nuptu
362 2539 422 2586 ἄλλα
431 2539 517 2594 παντὸς
527 2544 608 2601 μοῖραν
622 2539 722 2600 μετέχει,
735 2539 820 2594 νόοςόέ
839 2540 888 2588 ἐστι
912 2541 1054 2604 ἄπειρονκαὶ
1101 2539 1211 2599 decretis,
1224 2538 1266 2599 qni
1283 2539 1325 2601 (cl.
1338 2539 1421 2599 fragm.
1437 2541 1474 2600 tu)
1488 2539 1601 2589 dixerat:
1616 2542 1644 2590 El
1661 2543 1701 2604 μὲν
1714 2543 1753 2590 ἐὸν
1774 2543 1836 2602 ἐπι,
1850 2545 1868 2608 dt

271 2607 409 2670 αὐτοκρατὲς
417 2609 458 2656 οιαὶ
469 2610 577 2670 μέμιατοι
585 2608 661 2656 ὀὐδενὶ
669 2609 779 2669 χρήματι,
789 2609 846 2656 tiis
854 2615 938 2670 μοῦνον
950 2611 1007 2659 αὐτὸ
1017 2611 1054 2659 ἐπ’
1101 2607 1156 2657 stru
1168 2610 1191 2657 ἓν
1204 2609 1275 2658 εἶναι·
1292 2610 1317 2658 ἓν
1328 2611 1352 2658 ll'r
1366 2611 1405 2660 ἐὸν
1421 2611 1456 2659 δεῖ
1473 2611 1531 2660 αὐτὸ
1547 2617 1619 2672 σῶμα
1636 2614 1668 2673 μή
1683 2614 1760 2672 ἐχειν·
1770 2615 1827 2662 sset.
1838 2613 1868 2688 ἔρρ’

271 2675 360 2725 lucrm
369 2677 428 2737 ἐστι,
440 2683 465 2724 et
473 2677 520 2723 sub
532 2675 717 2737 tinsmciusdem
729 2677 862 2736 tragmeutt,
876 2683 903 2726 nt
912 2679 985 2728 modo
995 2679 1055 2728 ridi·
1100 2679 1186 2741 πάχος,
1199 2679 1250 2742 ἐχοι
1260 2681 1288 2728 ἐν
1305 2680 1375 2742 μόρια
1385 2683 1425 2727 ναί
1435 2680 1512 2729 otnero
1520 2682 1549 2729 ἐν
1560 2681 1596 2738 siu
1605 2681 1639 2732 ἐν.
1671 2683 1700 2730 ln
1708 2696 1739 2730 eo
1751 2690 1834 2731 antem

273 2757 336 2808 mus,
346 2745 398 2800 νόος
409 2745 434 2794 ti
443 2749 487 2800 πᾶς
496 2744 576 2806 ὅμοιός
585 2747 633 2794 ἐστι
644 2748 683 2794 καὶ
695 2748 839 2807 dulcorant
851 2747 986 2799 ὁὲλοὶοοιον.
999 2752 1054 2799 lesu
1090 2749 1204 2805 ,tollendo
1214 2748 1238 2798 id
1252 2749 1402 2810 potissimum
1414 2753 1505 2811 spectat
1517 2751 1666 2811 Aristotelen,
1679 2755 1707 2800 nt
1722 2689 1868 2814 ςιιοιιίαπιίλλ

273 2825 332 2864 reru
350 2815 490 2878 Aristotcles
508 2815 595 2864 Melissi
613 2815 750 2877 opinionem
771 2819 962 2877 impugnaturus,
975 2819 1017 2878 qui
1030 2819 1054 2867 ld
1101 2817 1300 2868 rrutrersumesse
1313 2818 1613 2878 lulruitnmaitirmsserat,
1627 2824 1705 2882 partes
1717 2813 1868 2894 mutasset

271 2883 336 2947 qnod
350 2884 382 2934 sit
393 2884 513 2934 inlinitum
528 2897 580 2933 esse
598 2883 694 2934 dixerat
710 2883 797 2946 partim
810 2886 968 2936 Parmenionis
981 2888 1056 2938 utitur
1100 2887 1225 2949 significet,
1239 2889 1351 2950 quaestui
1364 2889 1563 2947 asportantium
1576 2896 1656 2938 tamen
1671 2890 1734 2940 iuter
1748 2893 1839 2939 sedni.
1867 2899 1868 2942 ξ

271 2954 337 3003 scitis
354 2955 439 3014 partim
450 2950 598 3015 Anaxagora
610 2955 743 3003 doctrinam
759 2959 939 3004 commemorat.
973 2959 1055 3014 Quum
1133 2967 1171 3010 22.
1183 2960 1441 3025 Εῑμὶνγὰρένομοίων
1456 2959 1548 3022 ἐιμερῶν
1560 2959 1699 3019 ελππνλλάν
1711 2963 1752 3010 sei
1764 2963 1835 3015 nore:
1845 2951 1868 3024 ol

199 3037 200 3042 ¹
272 3027 352 3072 autern
367 3024 518 3073 Parmenides
530 3025 567 3073 aui
578 3023 657 3073 simile
668 3024 749 3072 diceus
759 3025 898 3074 uuiversum
913 3025 1054 3088 eotpsoin·
1100 3031 1235 3088 τιογέίνει
1252 3032 1321 3087 ἀξιοῖ.
1353 3033 1412 3080 llsec
1428 3029 1569 3091 neutiquam
1583 3043 1640 3078 cum
1657 3031 1687 3079 iis
1700 3031 1732 3080 da
1745 3025 1868 3096 ossibusti

271 3091 420 3152 noctuam
437 3092 616 3142 universitatem
630 3092 737 3153 partibus
751 3097 876 3151 consiste,
893 3096 1008 3157 quoniam
1021 3097 1055 3145 sl·
1101 3101 1235 3163 disputatur
1257 3099 1379 3160 conciliari
1403 3102 1511 3162 possum.
1548 3101 1681 3149 Feliciones
1701 3105 1773 3152 rcrtst
1794 3118 1802 3151 ε
1819 3124 1830 3146 ι
1848 3099 1868 3152 ,λ’

272 3161 384 3210 mititudo
406 3162 458 3212 sine
479 3161 509 3211 lis
527 3175 583 3222 uum
603 3161 665 3210 inter
685 3173 711 3210 se
731 3167 902 3225 comparentur
916 3166 1054 3226 neoogitari
1102 3169 1188 3220 lsrecsi
1211 3172 1329 3219 eremum
1350 3173 1375 3219 et
1392 3168 1513 3218 inlinitum
1527 3169 1568 3228 sit,
1584 3183 1634 3230 orso
1655 3176 1725 3232 pacto
1744 3185 1800 3222 esse
1815 3187 1846 3220 ιιιι

272 3225 376 3293 quidem
396 3235 483 3292 potest,
501 3235 568 3281 ostra
582 3230 720 3280 universnm
735 3235 817 3280 autem
836 3233 894 3283 nitrlt
912 3236 970 3285 est:
990 3235 1055 3297 qttud
1101 3252 1188 3301 corpus
1209 3242 1306 3301 potest?
1327 3253 1382 3288 nam
1399 3241 1418 3287 st
1443 3230 1482 3287 sit'
1496 3239 1648 3288 dissimilium
1676 3241 1796 3302 pertisum,
1819 3258 1844 3292 er

273 3301 457 3364 purteslubeat,
472 3299 662 3351 idesscitnitnm
674 3301 815 3352 Aristoteles
825 3304 922 3366 colligit.
955 3309 987 3356 At
996 3305 1054 3354 illud
1101 3309 1219 3366 multant
1233 3311 1282 3370 lpse
1296 3322 1393 3372 qnoque
1404 3309 1438 3357 ita
1451 3309 1645 3358 existimatote
1656 3311 1729 3368 igitur
1747 3312 1852 3374 legiter

271 3377 421 3434 Anaxagorae
432 3372 527 3436 ἄπειρον
539 3369 604 3433 quod
622 3371 646 3419 in
666 3371 771 3420 minimis
784 3385 865 3422 rerrsm
883 3374 991 3434 partibus
1005 3388 1055 3424 cer·
1100 3379 1145 3444 γὰρ
1162 3379 1279 3440 ἀνομοίων
1293 3384 1369 3443 μερῶν
1387 3379 1432 3436 sio.
1466 3381 1493 3430 ln
1510 3379 1624 3441 lipsiensi
1647 3381 1710 3430 lituo
1727 3386 1787 3432 est:
1809 3383 1868 3452 elul

272 3442 339 3492 nitur
353 3455 410 3491 cum
424 3441 535 3491 Melissae
551 3441 651 3505 ἀπείρῳ,
660 3439 724 3503 qnod
736 3445 773 3490 ast
781 3442 927 3504 universum,
937 3457 984 3493 uon
993 3450 1056 3494 recto
1101 3449 1273 3512 ἀνομοιομιρῶν
1286 3449 1334 3510 (rel
1351 3450 1529 3512 ἐνομοιομερές,
1547 3462 1602 3498 uam
1612 3452 1785 3512 compendium
1803 3455 1826 3502 io
1840 3455 1868 3510 uo

272 3511 395 3570 contendi,
410 3510 500 3562 nemini
510 3510 613 3560 dubium
626 3515 670 3560 snt
686 3511 817 3561 obscurum
833 3513 959 3564 videbitur.
991 3520 1054 3574 Quo·
1101 3517 1274 3569 dubitationem
1284 3519 1349 3577 tacit)
1362 3519 1408 3578 ιίη,
1419 3521 1540 3568 nonnosi
1550 3520 1805 3580 strenuosissimus
1867 3511 1868 3530 ’

271 3581 336 3631 circa
347 3581 533 3644 confugiendum
551 3583 598 3631 erit
618 3581 649 3632 ad
668 3583 770 3643 alterum
786 3585 889 3649 ἄπειρον,
911 3586 971 3635 illud
988 3589 1054 3637 suro·
1102 3589 1150 3650 rige
1165 3607 1172 3637 ε
1188 3592 1217 3638 Et
1227 3589 1268 3650 μλν
1278 3589 1323 3653 γὰρ
1336 3587 1452 3650 ἀνομοίων
1469 3594 1545 3650 μερῶν
1563 3589 1607 3650 stu,
1626 3591 1702 3638 πολλὰ
1718 3593 1758 3639 sel
1772 3527 1868 3862 ads}

271 3651 423 3716 νρνινέςςιιοιέ
429 3651 520 3702 serulae
527 3663 607 3700 rernm
618 3650 717 3712 digessit
725 3651 767 3713 (el.
774 3652 857 3714 tregru
869 3656 936 3712 xvii
946 3658 1055 3705 etlllttll
1100 3659 1218 3719 γίγνεσθαι
1229 3658 1296 3713 ἀξιοῖ.
1327 3658 1403 3719 negat
1415 3657 1555 3708 Aristoteles
1561 3658 1629 3721 quod
1639 3661 1759 3710 aeternum
1771 3668 1796 3710 ct
1809 3663 1831 3710 io

272 3735 297 3784 p.
312 3725 393 3771 ittet
406 3727 449 3772 122
462 3720 628 3783 edsctrenb.)
641 3733 670 3770 sc
687 3723 765 3770 totum
780 3723 904 3773 suisimtte
918 3728 962 3774 est.
997 3727 1056 3776 tude
1101 3727 1206 3788 tumsit,
1230 3725 1253 3774 td
1276 3738 1352 3774 uuum
1373 3739 1425 3778 esse
1446 3739 1515 3789 posse
1528 3729 1637 3790 corporis
1655 3733 1768 3779 uatsram
1787 3731 1816 3778 tu

271 3793 436 3855 musequitnr,
451 3795 479 3842 ut
497 3791 589 3842 intinita
603 3803 681 3854 mens,
700 3805 774 3854 quam
793 3799 944 3854 Anaxagoras
964 3798 1055 3858 primus
1101 3798 1162 3853 Qun
1173 3809 1250 3858 quum
1262 3795 1296 3844 ite
1309 3795 1366 3857 sint,
1379 3799 1473 3858 qrrmrat
1484 3797 1581 3860 aliquis,
1597 3797 1658 3860 qnid
1671 3799 1753 3848 obsim
1766 3805 1813 3849 ate
1842 3801 1847 3810 ”

271 3861 353 3912 animo
364 3861 547 3924 comprehendit
556 3861 586 3910 ad
600 3861 772 3911 confutandum
780 3875 824 3912 eus
831 3864 977 3926 llcttsseum,
989 3867 1054 3928 quud
1101 3865 1203 3914 unitati?
1222 3867 1295 3914 Recte
1313 3877 1370 3914 reru
1385 3864 1536 3927 Spaldiogius
1552 3867 1586 3916 ait
1600 3867 1640 3916 tric
1661 3881 1710 3916 non
1730 3881 1783 3917 essa
1798 3865 1868 3930 erspi

271 3931 569 3982 lntinltumciuulvsrsum
581 3937 627 3994 est,
638 3933 703 3981 nullo
716 3933 988 3997 modoaccommodate,
998 3951 1054 3987 cum
1101 3933 1201 3984 cunctos
1214 3934 1267 3983 illos
1281 3935 1379 3996 laqueos
1392 3934 1480 3995 quibus
1494 3936 1561 3985 Plato
1577 3936 1757 3986 Parnsenidesm
1770 3938 1835 3986 nnita

273 4001 366 4062 placitis
377 4001 466 4053 Melissi
478 4001 509 4052 ab
525 4000 654 4051 Aristotele
669 4003 765 4052 tantum
780 4008 945 4064 componatur.
977 4007 1055 4056 litml·
1101 4003 1125 4052 in
1138 4005 1248 4066 sophista
1259 4007 1284 4054 et
1296 4004 1438 4054 Parmenido
1451 4005 1568 4066 adoritur,
1583 4005 1624 4054 ulsi
1636 4019 1684 4055 noo
1697 4007 1801 4068 amplius

273 4071 352 4118 eumd
368 4071 517 4134 Ἀναξαγόρας
531 4071 621 4135 ἐλέγχει
634 4071 673 4120 tric
688 4071 892 4121 convertendum
909 4073 1054 4136 redomuit,
1101 4075 1147 4123 scit
1163 4088 1236 4123 rrnum
1251 4077 1377 4138 propterea
1390 4074 1453 4136 qraod
1471 4075 1565 4126 dicatur
1579 4089 1634 4126 esse
1656 4077 1716 4126 illud
1731 4081 1773 4140 (ὡς
1791 4078 1844 4124 ritis
1867 4065 1868 4082 ¹

273 4139 385 4201 resctlit,
399 4142 576 4204 ntseepeatlas,
588 4141 631 4191 sod
646 4141 1055 4206 demonstrat,ostendit,utapud
1101 4148 1214 4206 σημαῖνον
1224 4145 1251 4194 ri
1273 4147 1323 4194 ἐστι
1337 4149 1378 4194 τοῦ
1393 4145 1437 4207 ἐν).
1459 4145 1524 4195 [λιιι
1543 4146 1607 4195 euim
1624 4147 1709 4197 endem
1730 4141 1868 4212 usumin]

273 4210 398 4260 Platonem
414 4214 507 4274 Protng.
522 4217 577 4273 ast,
591 4217 609 4262 e
625 4233 631 4262 ε
645 4215 709 4263 ὥστε
726 4213 802 4276 τούτῳ
820 4228 848 4275 γι
863 4217 898 4276 τῷ
916 4213 997 4276 τρόπῳ
1011 4215 1055 4262 sev
1102 4213 1154 4263 loco
1169 4215 1243 4277 possit
1255 4215 1335 4276 negari
1348 4229 1423 4264 uuuru
1438 4228 1492 4264 esse
1503 4215 1527 4264 id
1537 4217 1575 4265 cui
1587 4217 1637 4265 drro
1650 4217 1805 4276 mutuantur,
1820 4238 1863 4257 «ss

272 4283 347 4326 ταῦτα
357 4279 469 4341 ἐλέγχοις,
483 4281 503 4329 εί
513 4281 615 4342 βούλοιο,
631 4285 663 4338 ὡς
674 4281 765 4331 ἅπαντα
779 4281 845 4331 ἐστιν
856 4281 1048 4344 ὀμοιαέλλήλοις.
1101 4283 1164 4332 ultas
1177 4287 1202 4333 ct
1216 4283 1328 4343 introitio,
1342 4297 1371 4332 eo
1384 4288 1464 4334 tamen
1481 4285 1578 4335 inclinat
1586 4287 1693 4350 animus,
1708 4291 1738 4336 nt
1747 4300 1803 4335 cum
1815 4287 1844 4332 s·

274 4347 359 4409 ltaque
371 4349 444 4398 rerba
464 4363 541 4408 greca
561 4351 596 4400 sio
610 4352 711 4400 emendo
725 4355 749 4401 et
763 4352 923 4412 interpretor:
941 4353 1014 4417 Ιἐὶχον
1031 4354 1055 4402 tl
1101 4352 1182 4415 dingio
1196 4354 1299 4408 credam.
1319 4355 1397 4404 obiter
1417 4356 1495 4404 solum
1509 4358 1636 4406 memorari
1651 4359 1678 4408 τέ
1699 4359 1783 4416 ἀίδιον,
1799 4356 1867 4414 respt

274 4417 346 4479 μέσον
357 4419 397 4466 καὶ
407 4419 506 4481 ἔσχατα,
518 4421 588 4482 πέρας
598 4421 646 4484 ἔχει
657 4421 808 4483 ἐιγένηιονέν,
820 4422 870 4470 ἐπεὶ
882 4423 903 4470 rt
913 4422 963 4486 καί,
974 4425 1007 4479 ὡς
1017 4424 1056 4472 air
1101 4427 1181 4473 antem
1195 4424 1220 4473 lu
1238 4423 1446 4485 argumentatione
1459 4427 1529 4475 unice
1545 4427 1572 4476 ri
1588 4427 1693 4491 ἄπειρον,
1708 4427 1771 4490 qnod
1789 4425 1868 4472 otnoeu

273 4485 313 4541 τὸς
323 4485 394 4547 λέγειν
407 4486 432 4535 ἐν
444 4487 504 4548 ἔστι,
516 4489 632 4539 καὶτοῦτο
641 4496 720 4552 σῶμα,
730 4490 778 4553 ἐχιι
787 4493 846 4539 ἀλλα
856 4493 939 4540 ἐαυτοῦ
951 4494 1007 4556 μέρη
1017 4497 1055 4541 καὶ
1102 4497 1188 4546 uuttsti
1205 4497 1324 4558 stagiritae
1347 4509 1487 4558 persuasum
1510 4500 1570 4546 erat.
1603 4496 1665 4546 lllud
1690 4510 1747 4546 sero
1768 4495 1861 4555 impsisn

271 4557 429 4620 εοιῡτιιόμοιοι
439 4558 524 4607 πάντα.
556 4560 653 4622 Κεέγίιρ
662 4559 742 4622 ὅμοιον
752 4561 814 4608 οὕτω
825 4559 885 4620 λέγει
893 4562 920 4609 τὸ
930 4566 977 4611 πᾶν
987 4563 1054 4622 εἶναι,
1102 4567 1310 4628 manifestassent,
1325 4579 1422 4616 omnem
1438 4566 1542 4629 lapidem
1564 4579 1662 4617 morere
1682 4566 1840 4620 Aristotelem,
1863 4584 1866 4605 ι

269 4625 324 4688 ον’νχλ
342 4628 374 4682 ὡς
389 4626 454 4676 ἄλλοι
469 4627 539 4690 tripu
552 4629 604 4689 τινί,
618 4629 724 4692 ἐπιριιιί
741 4629 891 4693 Ἀναξαγόρας
903 4631 1000 4693 ἐλέγχει,
1018 4632 1054 4681 ἐτι
1102 4636 1190 4686 laisum
1204 4650 1257 4688 esse
1271 4637 1419 4687 demonstret
1432 4637 1457 4686 id
1468 4638 1533 4700 quod
1546 4637 1657 4687 Melissus
1670 4635 1828 4687 mntendebst

267 4695 349 4758 tunsos
355 4697 382 4746 ri
390 4698 494 4760 ἄπειρον·
502 4697 650 4761 τὸδέὅμοιον
657 4699 727 4764 tripu
737 4699 896 4761 iperandas
905 4701 946 4750 δύο
958 4704 1055 4760 notato
1101 4719 1180 4769 nequa
1191 4721 1277 4770 corpus
1289 4707 1377 4759 habere
1392 4719 1471 4769 neusse
1490 4711 1570 4772 partes
1583 4708 1723 4774 (dissipares
1740 4708 1795 4757 εἶναι
1808 4709 1868 4762 σὺν

272 4766 340 4830 dura,
350 4767 429 4816 οὐιιὰν
439 4767 462 4816 ἓν
471 4767 519 4816 οὐδ’
527 4768 621 4830 ἄπειρον
631 4769 698 4818 εἶναι.
733 4769 790 4819 Ἀλλ’
798 4770 856 4825 laroc
865 4772 892 4820 τὸ
903 4771 983 4833 ὅμοιον
998 4773 1054 4836 πρὸς
1101 4776 1145 4825 oda
1158 4778 1230 4840 ἐχον).
1867 4811 1868 4816 =

273 4835 562 4900 τὸαύτὸλέγιινοίρηαιν
573 4837 718 4900 αίπὸόμοιον
729 4839 896 4900 stuatosum:
910 4845 1053 4908 ὀμοιομιρίς,
1133 4853 1171 4897 26.
1194 4845 1377 4906 manicarent
1391 4845 1486 4896 πλείονα
1504 4846 1576 4896 αὐτοῦ
1592 4846 1648 4910 με’ρη
1665 4845 1791 4895 ἐλαττόνων
1800 4859 1826 4891 τε
1840 4855 1868 4892 ιε

273 4909 336 4970 ὕδωρ
344 4907 370 4957 llo
379 4907 461 4966 ἅπανὴ
470 4912 513 4969 γῆν
523 4908 700 4966 ἡιῐτιτοιοῦτον
709 4910 774 4972 ἄλλο,
784 4909 800 4961 l.
808 4923 845 4959 e.:
857 4911 915 4961 «sed
925 4925 1000 4976 quum
1009 4927 1056 4964 mc·
1102 4919 1251 4981 μιιιροεέρονν,
1262 4917 1351 4967 nouo
1359 4918 1436 4981 πάντῃ
1445 4918 1474 4966 ἐν
1481 4918 1553 4980 ταύτῃ
1563 4919 1656 4966 ἀλλοῖον
1669 4918 1705 4976 ῑλη
1714 4915 1799 4969 tm<
1806 4925 1868 4976 ΠΜ

273 4976 340 5027 dium
358 4976 447 5026 lrabeat
459 4981 483 5026 st
496 4981 612 5041 extrem,
632 4979 703 5028 tinem
720 4980 801 5042 habet,
815 4981 928 5043 quamvis
937 4986 1054 5046 oeternum
1101 4987 1237 5048 γιγνομένου
1247 4987 1356 5049 σώματος
1369 4987 1417 5036 οὐδ’
1433 4987 1626 5050 ἀπογιγνομένου.
1660 4987 1814 5046 iussuque
1829 4993 1868 5032 ms

273 5045 314 5105 sit,
324 5046 448 5108 qnoniam,
459 5047 562 5110 etiamsi,
573 5049 601 5098 ut
611 5048 662 5112 ipse
667 5049 734 5111 dicit,
742 5063 817 5100 unum
824 5052 861 5101 est
873 5051 946 5114 toque
957 5065 1054 5118 corpus,
1102 5069 1173 5118 guam
1184 5059 1276 5120 partem
1284 5057 1365 5120 inepta
1372 5060 1437 5118 sunt,
1446 5070 1521 5121 panca
1533 5057 1611 5107 variat
1619 5057 1741 5120 exemplar
1750 5051 1868 5116 lipsium

274 5115 334 5163 alias
343 5117 380 5170 sut
391 5120 471 5179 partes
491 5129 580 5181 easque
601 5119 692 5170 similes
701 5133 785 5171 omnes
798 5120 880 5172 habat.
912 5123 1006 5173 Etenim
1025 5137 1055 5174 eo
1102 5127 1229 5176 articulum
1243 5127 1274 5176 τὰ
1294 5128 1357 5178 inter
1368 5129 1464 5178 πλείονα
1477 5131 1501 5178 ot
1515 5128 1588 5177 atron
1602 5128 1709 5192 insecus
1718 5129 1742 5177 et
1751 5121 1868 5174 rdirtaiu

275 5182 348 5234 nodo
366 5184 445 5238 dmlls
465 5187 603 5240 unirersum
617 5187 676 5242 dicit
698 5201 759 5254 esse,
774 5190 832 5256 (ιιοιι
850 5191 1056 5256 quemadmodum
1103 5199 1138 5248 ter
1149 5197 1234 5248 ἐλλέἐ
1244 5215 1270 5248 τε
1281 5198 1365 5250 lacuna
1376 5199 1500 5263 mouentia
1515 5203 1603 5262 praeter
1615 5199 1682 5250 otiis
1694 5211 1736 5262 pro
1745 5190 1831 5248 οὐδενὸς
1845 5191 1868 5242 it
