3708 5916
611 308 1099 372 Htauocttscotttteur.1rt
1127 310 1291 372 Adaeum
1317 309 1490 372 GABMEN.

250 448 376 508 όιοαύτωτ
386 445 414 505 δὲ
428 452 480 510 τοῖς
491 443 610 522 μονίμοις
625 445 754 526 αἰθερίοις·
765 443 823 502 οὔτε
843 445 869 503 δὲ
891 443 949 515 alsi,
969 443 1028 502 ούτε
1073 443 1176 516 ταῦταῆ
1192 443 1259 503 κατὰ
1273 443 1315 502 τὸν
1328 432 1637 522 παρόνταλόγονηίόλλδ
1649 443 1679 501 τό
1693 442 1789 522 μέτρον
1799 450 1830 502 τῶ.

250 533 392 606 ὡσαύτως,
408 537 460 600 τοῖς
481 533 686 609 μεταπίπτουοιν
709 531 829 612 αἰθερίοις
852 531 897 590 καί
919 531 961 588 ἐπί
981 535 1029 606 γῆς
1072 531 1166 608 λόγων,
1176 530 1235 590 όσον
1245 522 1297 588 οἶόν
1311 551 1349 600 τε,
1360 529 1423 610 πρὸς
1436 531 1479 588 τὸν
1493 530 1590 588 τούτων
1607 531 1832 601 ποιήσασθαινοῖι,

250 620 432 679 πολιτεύεσθαι
447 619 584 700 πεφυκόσι.
627 619 684 690 Τὴν
697 621 724 678 δὲ
738 620 844 698 πρώτην
859 619 904 678 καί
920 619 1029 698 ἀρίστην
1073 623 1195 677 τοσοῦτον
1210 617 1286 692 μόνον
1305 619 1331 675 ἐν
1345 619 1431 684 αὐτοῖς
1447 616 1663 692 ίξαπλῶσαντας,
1678 617 1743 678 ὅσον
1757 623 1786 676 ἐκ
1799 627 1833 678 αἶα

251 708 375 783 ὁμοίωσιν
395 709 458 787 πρὸς
480 709 535 768 θεδν
550 708 575 766 εί
594 731 633 774 τις
663 713 708 778 τῆς
729 707 851 784 δευτέρας
874 708 918 764 καί
940 707 1030 786 τρίτης
1074 709 1184 764 καθόλου
1199 705 1336 784 δογμάτων
1350 709 1383 784 τῇ
1395 708 1445 762 τῶν
1461 706 1530 764 ἐπῶν
1547 705 1667 783 ἐξηγήσει
1681 709 1836 786 προτνζρμοτ-

252 795 409 862 ἀπεικασίας
429 795 598 877 παρόδειγμα
617 799 736 872 ποιοῖτο,
750 794 767 864 ἦ
789 795 836 866 τὴν
849 794 970 871 δευτέραν
984 799 1030 866 τῆς
1074 815 1128 854 τεν.
1143 791 1220 853 Ἐστι
1234 792 1284 869 γὰρ
1296 791 1368 850 οὐδὲν
1389 791 1496 850 ἄλλατί
1508 791 1559 864 ἔπη
1574 799 1673 863 ταῦτα,
1688 793 1707 862 ἢ
1720 795 1837 851 τελειότε-

251 884 355 960 τρίτης,
365 883 434 959 λέγοι
447 882 477 940 ἃν
492 886 582 962 ὀρθῶς.
623 884 663 939 Οὐ
676 883 726 963 γδιρ
742 883 818 959 μόνον
834 881 1032 958 σκοπδςόμοεω·
1075 904 1117 947 τος
1130 880 1268 958 χαρακτὴρ
1286 879 1448 959 φιλοσοφίας,
1460 879 1504 938 καί
1520 885 1571 939 τῶν
1583 882 1834 956 κεφαλαιωδεοτίρινν

252 974 329 1040 θῆναι
342 973 380 1048 τῷ
398 971 547 1050 δημιουργῷ
566 972 616 1048 θεῷ
628 1015 634 1038 ,
648 969 714 1026 ἀλλὰ
729 968 774 1027 καί
788 971 822 1034 ῶς
836 970 900 1046 πρὸς
914 969 1029 1045 κανόνα,
1076 970 1156 1038 αὐτῆς
1170 968 1305 1043 δογμάτων
1317 967 1445 1042 ἐπιτομή,
1462 967 1507 1025 καί
1522 967 1573 1026 ύπδ
1584 971 1636 1026 τῶν
1651 969 1706 1039 ἤδη
1720 967 1768 1038 τὴν
1781 970 1836 1024 θείαν

252 1055 505 1136 τὴνάρίοτηνῆτήν
520 1055 603 1132 μίσην
618 1056 751 1128 ὁμοίωσιν.
805 1055 1031 1112 Πίδὲοίπολειπό-
1076 1047 1148 1134 οἷμον
1171 1055 1372 1128 εἰναύεύηκότων
1396 1059 1574 1134 ύπογραφεῑτα
1597 1063 1653 1120 τοῖς
1680 1056 1740 1131 μετ’
1768 1058 1839 1120 αὐτούς

254 1167 328 1220 μενοι
338 1144 451 1216 τούτων,
463 1146 626 1224 τυγχάνομεν
640 1140 696 1212 οἵας
708 1143 839 1219 δυναίμεθα
854 1149 954 1222 τυχεῖν,
970 1143 1032 1202 αὐτὸ
1076 1144 1230 1213 παιδευτικὴ
1246 1143 1413 1222 στοιχείωσις·
1427 1143 1444 1200 δ
1458 1143 1490 1214 δὴ
1505 1144 1550 1202 καί
1565 1147 1603 1222 τῷ
1615 1144 1672 1202 όντι
1688 1143 1761 1202 είποι
1773 1169 1805 1208 τις
1816 1147 1837 1200 is

253 1237 330 1290 τοῦτο
341 1231 371 1288 τό
382 1231 450 1289 κατίι
465 1231 540 1308 φύσιν
555 1229 660 1309 ἔχομεν,
675 1231 924 1301 saltereiensis
940 1233 1033 1310 ἀρετῆς
1076 1238 1124 1303 τῆς
1141 1231 1305 1310 ἀνθρωπίνης
1319 1231 1447 1305 εὐγενείας
1461 1220 1527 1289 εἶναι
1545 1233 1684 1308 γνώρισμα
1700 1232 1838 1295 κάλλιστον,

255 1321 281 1376 όν
303 1317 388 1397 τούτῳ
409 1319 594 1396 καρποίμεθα,
616 1320 642 1376 ἐν
659 1322 696 1397 τῷ
715 1317 745 1376 τδ
760 1317 853 1396 μίτρον
877 1322 924 1387 τῆς
945 1317 1034 1384 οὐσίας
1076 1319 1180 1398 κοίοθχ
1194 1319 1325 1385 ἑνόςτινος
1340 1323 1390 1376 τῶν
1405 1318 1588 1397 Πυθαγορείων
1603 1319 1840 1394 ἀπομνημόνευμα,

254 1407 331 1482 ἡμῶν
347 1405 413 1482 μήτε
430 1409 545 1482 ἀγνοεῖν,
570 1404 636 1478 μήτε
655 1403 846 1484 δυσχεραίνειν.
889 1404 1032 1483 Ἄκροτοίτη
1076 1407 1138 1466 δλου
1154 1407 1180 1466 δί
1198 1412 1244 1465 τοῦ
1259 1410 1329 1482 ἱεροῦ
1341 1405 1485 1482 συλλόγου,
1500 1407 1547 1463 καί
1560 1409 1595 1472 ῶς
1607 1404 1642 1462 ἂν
1655 1405 1734 1463 αὐτοί
1752 1407 1838 1476 εἴπατε,

256 1493 284 1552 δὲ
300 1493 380 1572 ἁρετὴ
398 1502 451 1560 τοῖς
465 1517 493 1551 τε
507 1499 552 1564 τῆς
570 1493 738 1570 δημιουργίας
757 1490 824 1572 ὅροις
848 1490 980 1567 ἐμμένειν,
997 1485 1033 1559 οἷς
1078 1501 1122 1554 τοῦ
1135 1493 1229 1571 ὁμοίου
1245 1493 1341 1560 παντός
1353 1493 1508 1571 ἀπόφθεγμα
1519 1492 1616 1552 κοινόν.
1661 1493 1711 1551 Διὸ
1726 1493 1770 1549 καί
1780 1494 1839 1565 νόμος

252 323 310 376 484

255 1580 343 1638 πάντα
358 1583 416 1640 κατ’
439 1571 504 1646 εἶδος
523 1581 699 1658 διακέκριται,
721 1580 766 1638 καί
783 1587 835 1644 τοὶς
849 1585 895 1650 τῆς
910 1579 1034 1658 προνοίας

255 1669 364 1726 ίπταθαι
375 1667 478 1744 νόμοις,
496 1670 528 1725 δι’
548 1665 590 1734 obe
612 1667 644 1724 τόι
659 1667 759 1738 πάντα,
782 1667 850 1726 κατλι
864 1667 912 1737 τὴν
936 1667 1032 1726 οἰκείαν

218 1807 222 1816 .
256 1755 383 1832 δύναμιν,
395 1757 459 1834 πρὸς
470 1753 499 1814 τό
510 1755 658 1832 σύμμετρον
673 1755 768 1831 ἀγαθόν
784 1756 931 1813 οἰκειοῦται.

295 1843 413 1913 ’ίάιαύτη
434 1847 485 1900 τῶν
501 1845 611 1920 Χρυοῶν
627 1842 716 1900 Ἰἰπῶν
733 1847 749 1912 ἡ
768 1841 888 1917 ἐξήγησις
903 1846 967 1916 ἡμῖν
986 1839 1033 1917 γί-

255 1953 332 2008 γονε,
357 1929 516 2010 περιέχουσα
537 1933 563 1988 ἐν
590 1934 656 2006 αύτῇ
682 1930 867 2007 Πυθαγορείων
893 1927 1030 2006 δογμοίτων

256 2019 365 2098 μετρίαν
379 2017 497 2098 σύνοψιν.
539 2019 615 2078 Ἔδει
631 2017 681 2097 γίρ
706 2015 772 2090 μήτε
796 2019 822 2074 ἐν
845 2020 943 2096 τῇτῶν
965 2017 1033 2072 ίπῶν

164 2117 167 2122 ’
258 2106 405 2186 βραχύτητι
422 2111 517 2177 στῆσαι
541 2107 584 2164 τὸν
603 2105 701 2183 λόγον,
729 2103 813 2182 (οὕτω
827 2105 878 2183 γδρ
893 2103 924 2161 δν
948 2101 1034 2160 πολλὰ

258 2194 373 2254 διέλαθεν
391 2193 431 2252 ότι
455 2195 542 2260 καλῶς
559 2191 785 2270 νενομοθέτηται,]
803 2191 869 2266 μήτε
893 2193 928 2257 είς
951 2193 1035 2266 μῆκος

256 2286 391 2341 ἀποτεῖναι
413 2286 460 2353 τῆς
477 2283 541 2353 δλης
562 2281 714 2361 φιλοσοφίας
738 2281 829 2352 αύτόν,
856 2280 960 2356 (μεῖζον
982 2278 1033 2356 γὰρ

257 2471 310 2530 per
321 2473 390 2511 vero
401 2456 521 2522 tantuin,
529 2471 580 2509 nec
590 2465 685 2509 tamen
695 2452 795 2509 eodem
808 2450 895 2508 modo
906 2449 1036 2506 aethereis

257 2556 336 2600 certo
353 2543 417 2600 loco
439 2542 636 2612 manentibus,
652 2553 681 2598 at
695 2559 789 2616 neque
814 2558 928 2616 semper
942 2555 1038 2613 neque

257 2628 356 2686 eodem
372 2629 458 2688 modo
474 2627 605 2686 aethereis
622 2627 775 2686 mutationi
795 2625 948 2695 obnoxiis,
966 2645 1036 2702 quo·

256 2735 320 2772 rum
339 2735 374 2772 ea
393 2727 436 2772 est
450 2729 567 2784 natura,
583 2728 615 2772 ut
635 2716 665 2772 in
683 2715 768 2772 terris
782 2716 892 2770 versari
915 2713 1035 2790 possint.

256 2801 365 2878 Siquis
379 2814 474 2860 autem
495 2805 618 2877 primam
634 2801 956 2876 praestantissimamque
973 2818 1037 2856 cum

257 2889 319 2948 Deo
327 2889 542 2948 similitudinem
553 2887 718 2946 secundaeet
729 2890 818 2944 tertiae
824 2885 1038 2944 assimilationis

225 3007 228 3014 =
258 2977 405 3052 exemplar
418 2977 516 3045 faciat,
534 2989 583 3033 aut
594 2974 746 3033 secundam
760 2975 851 3032 tertiae
858 3019 868 3049 ‚
883 2986 959 3032 recte
973 2991 1037 3030 sen-

259 3069 319 3121 tiat.
328 3064 509 3140 Nequeenim
518 3063 548 3121 id
558 3063 814 3141 solumspectatur,
823 3076 854 3120 ut
865 3060 965 3120 mundi
975 3062 1039 3118 aedi·

259 3154 370 3210 ficarori
383 3154 443 3210 Deo
465 3153 574 3211 similes
589 3152 708 3221 fiamus,
723 3145 872 3208 sedetiam
895 3162 927 3206 ut
947 3147 983 3206 ad
1002 3168 1038 3204 o-

259 3242 379 3318 ptimam
399 3241 446 3300 vel
462 3239 583 3298 mediam
599 3238 834 3308 similitudinem,
849 3251 983 3312 tanquam
1002 3234 1038 3293 ad

259 3328 574 3404 normam,dirigamur.
590 3326 699 3395 Quodsi
707 3326 753 3382 his
763 3323 895 3382 destituti
905 3323 1038 3380 similitu·

260 3417 368 3486 dinem,
382 3418 496 3489 qualern
510 3433 677 3490 possumus,
691 3431 887 3488 assequamur,
904 3409 934 3468 id
948 3411 1040 3487 ipsum

260 3504 338 3578 quod
352 3515 462 3560 namrae
481 3504 617 3558 convenit
634 3501 796 3557 obtinemus
810 3512 838 3556 et
852 3499 883 3556 in
906 3499 962 3553 hoc
976 3516 1040 3572 per·

261 3592 367 3646 sectum
380 3593 494 3648 virtutis
507 3589 629 3648 fructum
642 3587 831 3666 percipimus,
843 3586 921 3664 quod
934 3598 1041 3642 naturae

261 3691 367 3736 nostrae
379 3679 496 3735 modurn
512 3697 564 3734 nec
578 3678 747 3751 ignoramus
763 3695 815 3732 uec
825 3695 899 3750 aegre
915 3673 1039 3730 serimus.

261 3767 377 3825 Summa
401 3779 494 3825 autern
519 3767 613 3824 virtus
635 3779 678 3823 est
701 3778 729 3822 et
751 3764 906 3822 creationis
921 3763 1039 3831 finibus,

1078 1573 1110 1653 ἦν
1124 1581 1203 1641 ἕωθέν
1224 1605 1253 1640 τε
1270 1579 1457 1656 ἀνισταμένους
1479 1580 1572 1646 αὖτοὺς
1593 1581 1743 1658 ἀκροᾶσθαι
1763 1583 1842 1636 ταύτην

1078 1671 1129 1726 τῶν
1152 1672 1231 1740 ἐπῶν,
1252 1667 1341 1745 ῶσπερ
1355 1671 1432 1725 τινῶν
1457 1669 1646 1745 Πυθαγορικῶν
1668 1669 1785 1739 θεσμῶν,
1803 1670 1843 1730 ἐστ

1078 1778 1145 1820 τινος
1161 1753 1434 1833 ύπαναγινῶσκοντος,
1454 1753 1499 1812 καί
1515 1753 1580 1832 πρὸς
1597 1753 1715 1832 ἑσπέραν
1733 1756 1769 1817 εἷς
1782 1753 1842 1808 im

1079 1845 1222 1918 μέλλοντας
1235 1842 1381 1921 τρίπεσθαι·
1397 1840 1466 1906 ὅπως
1479 1840 1510 1899 ἂν
1529 1845 1562 1920 τῇ
1576 1838 1700 1920 συνεχείᾳ
1724 1845 1771 1909 τῆς
1785 1841 1843 1914 μελέ-

1080 1953 1126 2000 της
1141 1933 1192 1988 τῶν
1207 1929 1329 1989 τοιούτων
1344 1927 1427 2006 λόγων
1446 1931 1531 1995 ζῶντα
1547 1931 1572 1986 ἐν
1595 1931 1684 1994 αὐτοῖς
1708 1929 1843 2008 ἀποφήνωσι

1079 2017 1113 2075 τὰ
1125 2017 1254 2092 δόγματα.
1294 2014 1332 2076 Ὃ
1348 2014 1381 2086 δη
1395 2015 1439 2074 καί
1453 2022 1522 2090 ἡμᾶς
1534 2024 1617 2074 ποιεῖν
1633 2014 1748 2086 δίκαιον,
1759 2016 1846 2093 aphri

1081 2104 1248 2174 συναίσθησιν
1271 2107 1318 2174 τῆς
1336 2103 1382 2160 ἀπ’
1397 2103 1481 2161 αὐτῶν
1504 2103 1630 2181 ὠφελείας
1648 2103 1695 2182 dial
1719 2107 1782 2176 γοῦν
1798 2125 1845 2158 τοτε

1082 2192 1239 2263 κτήσασθαι.

1083 2460 1175 2505 torum
1203 2460 1413 2524 praeceptorum
1446 2445 1650 2522 pulchritudo,
1681 2465 1779 2521 neque
1804 2466 1847 2502 ser·

1081 2555 1194 2592 monem
1215 2535 1250 2592 ad
1266 2535 1409 2592 universae
1429 2533 1622 2610 philosophia
1646 2534 1847 2608 amplitudinem

1083 2624 1264 2699 producere,
1289 2621 1329 2696 (id
1350 2623 1428 2679 enim
1452 2619 1547 2698 majus
1565 2621 1635 2696 quid
1652 2621 1757 2679 fuisset
1778 2641 1846 2696 quan

1084 2710 1208 2767 instituti
1237 2711 1325 2766 nostri
1351 2713 1424 2765 ratio
1456 2707 1615 2784 postulat,)
1650 2708 1701 2766 sed
1736 2707 1847 2785 disputa-

1085 2797 1172 2853 tionis
1196 2795 1329 2865 modum,
1356 2795 1453 2871 quoad
1475 2795 1642 2870 potuimus,
1666 2795 1702 2852 ad
1729 2815 1847 2852 νοιταοιο

1085 2897 1209 2941 mentem
1239 2881 1479 2952 accommodare,
1507 2895 1618 2939 tautum
1646 2886 1678 2939 in
1709 2884 1749 2940 iis
1772 2885 1847 2940 solun

1083 2971 1284 3047 explanantes,
1302 2981 1440 3044 quantum
1465 2987 1502 3026 ex
1518 2969 1666 3027 uniuersis
1686 2970 1807 3027 decretis
1822 2971 1847 3026 ul

1083 3075 1182 3114 eorum
1199 3057 1421 3134 explicationem
1446 3069 1543 3133 aptum
1571 3071 1658 3114 esset.
1687 3056 1769 3115 liihil
1789 3063 1846 3114 enin

1083 3148 1163 3205 aliud
1177 3159 1244 3204 suut
1262 3143 1293 3202 hi
1308 3164 1427 3215 versus,
1441 3164 1527 3221 quam
1542 3145 1754 3222 perfectissima
1772 3147 1845 3224 philo-

1084 3237 1194 3312 soplriae
1217 3238 1313 3308 imago
1337 3246 1365 3290 et
1386 3233 1593 3308 primariorum
1611 3232 1676 3308 ejus
1699 3234 1845 3308 dogmatum

1084 3323 1210 3398 epitome
1223 3335 1309 3397 atque
1323 3320 1510 3377 elementaria
1522 3321 1668 3377 institutio
1684 3336 1846 3398 posterorum

1084 3413 1175 3486 gratia
1193 3410 1308 3487 scriptis
1328 3409 1460 3466 mandata
1475 3411 1511 3465 ab
1527 3409 1564 3466 iis
1578 3409 1630 3484 qui
1654 3410 1786 3466 divinam
1803 3411 1847 3485 jau

1086 3497 1163 3554 viam
1172 3497 1357 3554 ascenderant
1368 3517 1374 3551 ι
1387 3516 1462 3572 quos
1474 3495 1591 3571 quidem
1602 3510 1631 3552 et
1640 3499 1848 3572 pulcherrimum

1086 3583 1217 3640 humanm
1244 3585 1424 3656 ingenuitatis
1448 3596 1649 3640 oruamentum
1680 3603 1742 3642 esse
1766 3605 1848 3642 resera

1085 3671 1183 3730 dicere
1205 3672 1313 3746 possis,
1327 3691 1432 3728 acuon
1447 3671 1535 3728 unius
1550 3669 1735 3746 Pythagorici
1757 3673 1849 3730 dictura

1086 3757 1288 3825 memorabile,
1311 3760 1360 3815 sed
1383 3763 1472 3816 totius
1492 3760 1565 3817 sacri
1586 3759 1721 3834 collegii,
1739 3775 1850 3837 atquem

263 3856 370 3932 quibus
393 3855 491 3912 omnia
515 3875 568 3929 prr
586 3855 701 3930 ¹species
723 3853 858 3910 distincta
880 3864 964 3920 sunt,
980 3867 1041 3907 sese
1087 3849 1141 3923 ipsi
1154 3859 1308 3916 vocarent,
1321 3844 1414 3920 όμαίου
1428 3846 1557 3905 universi
1570 3867 1726 3906 commune
1740 3849 1849 3906 effatum.

263 3946 427 4013 continere,
441 3947 470 4002 et
489 3941 682 4018 providentiae
696 3941 808 4014 legibus
822 3939 1040 4012 obtemperare,
1088 3933 1170 3990 Unde
1184 3933 1270 3990 ctiam
1284 3933 1344 3990 illis
1359 3933 1447 3990 moris
1458 3946 1535 4004 erat,
1550 3945 1578 3990 et
1590 3953 1677 3990 ruane
1692 3955 1708 3992 e
1721 3935 1793 3992 lecto
1806 3955 1850 3992 sur·

263 4025 1041 4105 quibusomniaprosuaquaequefacultateadbonum
1087 4035 1186 4097 gentes
1215 4022 1269 4079 hos
1303 4040 1421 4091 versus,
1451 4033 1588 4097 tanquam
1616 4022 1696 4096 leges
1731 4023 1849 4098 quasdm

263 4116 334 4192 ipsis
347 4115 595 4174 accommodatum
611 4115 802 4173 adducuntur.
1088 4109 1311 4185 Pythagoricus,
1337 4110 1477 4166 recitante
1497 4107 1615 4184 aliquo,
1636 4111 1753 4180 audire,
1769 4124 1794 4166 et
1814 4127 1851 4164 se·

306 4201 475 4278 llujusmudi
500 4216 542 4258 est
564 4207 715 4258 Aureurum
740 4206 872 4258 Versuum
888 4201 1042 4276 explicatio
1087 4197 1184 4272 speri,
1202 4216 1290 4272 quum
1304 4216 1406 4254 somno
1416 4215 1446 4254 se
1456 4195 1525 4253 dare
1539 4196 1695 4268 volebant;
1708 4211 1740 4254 ut
1754 4197 1850 4256 assidua

263 4299 379 4364 nostre,
407 4310 471 4365 quse
494 4288 751 4363 Pythagoricorum
783 4292 952 4365 dogmatum
975 4307 1040 4344 nro·
1088 4283 1230 4360 ejusmodi
1261 4301 1426 4340 sermonum
1460 4281 1646 4341 meditatione
1683 4286 1805 4342 viventia
1827 4285 1848 4338 iu

266 4375 364 4433 dicum
389 4389 574 4453 conspectum
597 4379 731 4433 continet.
748 4381 873 4434 Decebat
893 4380 969 4434 enim
990 4393 1043 4430 nos
1088 4372 1345 4429 animaellicerent
1365 4369 1508 4445 dogmata.
1540 4371 1627 4438 Quod
1640 4391 1709 4429 sane
1720 4387 1749 4429 et
1762 4390 1810 4428 nes
1823 4369 1849 4423 la

267 4483 361 4540 neque
389 4464 427 4521 od
454 4464 589 4522 carminis
625 4461 798 4520 brevitatem
832 4463 1041 4537 expositionem
1089 4456 1849 4536 cereaequumest,utsensuutilitatisquaeexiisurl·

267 4563 396 4618 nostram
420 4555 603 4621 contrahere,
622 4551 673 4627 (ita
696 4549 774 4605 enim
806 4551 934 4608 latuisset
969 4549 1042 4605 rnul-
1090 4563 1136 4605 tur
1149 4548 1261 4604 tandem
1279 4545 1435 4622 aliquando
1449 4545 1623 4602 afficiamur.
