3794 5916
576 385 785 448 mentuunt
807 387 1016 462 RELlQlllAE.
1553 403 1609 454 125

64 522 96 588 είς
105 519 177 596 θμόν,
190 517 246 578 οὔτ’
261 517 303 579 ἐόν
316 519 385 576 ἐστιν
395 519 466 586 ὅπως
479 515 519 588 τίη
531 541 575 578 κεν
589 518 673 588 ἐόντος
826 527 856 577 sd
867 528 976 591 equale,
985 540 1064 592 neque
1073 525 1124 578 ieri
1138 529 1228 593 poissi,
1239 532 1268 580 ul
1276 542 1319 582 eus
1327 531 1359 582 sil
1367 531 1429 584 sulit
1437 531 1472 598 (in
1479 533 1611 600 poissiale)

62 613 93 685 τῇ
100 609 209 685 μᾶλλον,
220 611 254 688 τῇ
265 609 288 666 δ’
299 597 394 682 ἧσσον,
411 607 467 665 ἐπεὶ
480 615 533 667 πᾶν
545 608 616 666 ἐστιν
631 607 737 670 ἄσυλον.
826 614 883 665 allbl
895 615 984 678 magis,
999 616 1056 666 alibi
1066 616 1154 678 minue,
1166 615 1223 680 qula
1232 617 1311 668 lotum
1324 619 1361 668 est
1372 617 1500 670 incolume.

61 685 96 754 Ἦ
107 697 156 772 γὰρ
166 695 293 754 πάντοθεν
303 683 363 752 ἶσον
372 697 443 770 θμῶς
458 697 484 754 ἐν
494 693 601 776 πείρασι
612 705 694 777 κυρεῖ.
826 707 888 756 liam
903 704 1021 768 oqusbite
1032 717 1090 756 sans
1104 703 1211 768 undique
1221 705 1292 756 nmul
1302 706 1326 754 in
1337 706 1447 758 terminis
1458 708 1541 758 berei.

7 801 42 840 no
61 783 104 842 Ἐν
119 787 155 861 τῷ
169 780 297 840 σοιπαύςο
311 781 403 840 πιστὸν
419 781 496 859 λόγον
511 781 558 854 ἡδί
570 783 658 859 νόημα
828 793 873 842 llic
886 791 930 840 tibi
940 791 990 852 iam
1002 791 1061 840 finio
1071 791 1119 842 lida
1130 789 1197 840 dicta
1208 793 1232 842 ei
1244 792 1346 856 cogitur

60 870 138 950 ἀμρὶς
150 869 287 942 ἀληθείης·
302 868 376 938 boiae
390 870 414 928 θ’
426 870 478 928 ἀπὸ
493 872 567 930 τοῦδε
585 871 703 952 βροτείας
826 877 857 930 do
866 878 967 930 veritato
978 898 984 928 ι
996 879 1048 928 τίει
1058 877 1145 930 deluoe
1161 879 1270 930 mortalia

59 959 182 1033 μάνθανε,
188 957 289 1035 κόσμον
301 959 373 1035 ίμῶν
385 958 467 1018 ἐπέων
481 961 616 1032 ἀπατηλὸν
628 961 740 1024 ἀκούων,
826 977 956 1028 mussas,
968 965 1080 1016 ldboem
1092 966 1222 1017 verborum
1239 979 1348 1016 meorum
1361 971 1475 1018 ornatum
1489 967 1600 1020 audieus.

337 1045 380 1104 Τὰ
393 1045 458 1123 πρὸς
470 1043 556 1114 δόξαν.
1151 1057 1188 1104 lle
1200 1054 1291 1104 risisei
1303 1054 1464 1116 opinionibus.

60 1130 168 1211 λίορρθς
182 1129 233 1211 γὰρ
252 1131 393 1190 κατέθεντο
404 1132 450 1191 δύο
459 1132 566 1212 γνώμης
575 1132 728 1209 ὀνομάζειν·
751 1157 755 1168 ·
828 1141 894 1190 boas
909 1139 974 1190 euim
990 1152 1071 1190 suum
1092 1139 1182 1192 iormas
1197 1141 1318 1192 mentibus
1334 1144 1472 1192 statuerunt
1489 1140 1611 1205 appellare
1706 1120 1711 1130 ¹

43 1319 73 1374 ν’.
94 1335 158 1388 ¹⁰7·
174 1319 324 1391 vulgatam
338 1318 492 1374 lectionem
504 1315 591 1376 κενεὸν
606 1317 707 1396 ἐόντος,
723 1337 779 1394 pro
826 1319 1058 1393 copulationibus
1073 1329 1107 1375 ut
1122 1320 1217 1374 omnia
1229 1320 1384 1386 orirentur,
1397 1337 1498 1375 eorum
1508 1338 1612 1394 preses

11 1423 59 1476 qua
71 1405 231 1460 Brundisius
244 1417 337 1481 poetae
352 1405 436 1478 hujus
454 1405 575 1462 dictioni
586 1425 689 1480 parum
704 1425 780 1462 con·
826 1405 880 1462 dea
889 1403 990 1464 effecit.
1001 1408 1069 1478 Quae
1078 1418 1338 1482 postquamexsese
1347 1408 1471 1482 primum
1483 1409 1611 1462 omnium

12 1494 147 1548 venienter
161 1493 289 1548 exaravit
305 1490 379 1549 κενὸν
403 1490 476 1556 ὄντος
495 1495 649 1551 Karstenio
663 1505 781 1551 auctore
825 1495 924 1568 genuit
937 1496 1073 1552 Amorem
1092 1505 1265 1568 caeterosque
1284 1495 1353 1552 deos
1367 1497 1558 1568 immortales,
1574 1496 1612 1552 ad

8 1581 125 1634 conserti
139 1582 169 1635 in
184 1600 230 1636 κεν
242 1577 345 1650 ἰόντος,
360 1581 410 1653 qui
426 1590 523 1635 tamen
540 1599 598 1636 uon
611 1587 679 1638 bene
690 1582 781 1636 inter·
826 1583 935 1656 reliqua
949 1583 1130 1656 procreanda
1154 1583 1282 1638 animum
1304 1582 1417 1654 adjecit.
1440 1586 1478 1639 At
1499 1584 1612 1658 reliqua

8 1677 126 1737 pretatur
138 1686 188 1722 ens
200 1679 263 1722 ense
277 1686 330 1722 nec
340 1669 525 1742 praestantius
539 1688 590 1724 nee
600 1671 719 1724 ‹lecertus
729 1687 782 1742 po·
826 1668 874 1723 iila
888 1688 948 1726 non
961 1681 1026 1726 suut
1039 1670 1093 1728 nisi
1113 1671 1243 1727 mortalia
1257 1681 1286 1726 et
1300 1670 1425 1743 caduca,
1441 1689 1504 1746 quae
1519 1683 1550 1728 ut
1564 1690 1612 1728 ex-

7 1765 53 1806 sest
63 1772 131 1810 esse.
143 1754 325 1810 Brundisium
338 1757 475 1812 miramur
491 1757 638 1812 locutione
654 1756 702 1813 οὐκ
711 1753 781 1813 ἔστιν
825 1758 966 1826 stiterunt,
978 1761 1017 1815 ita
1028 1769 1268 1832 mutentnratque
1277 1760 1417 1816 intereant
1431 1777 1544 1816 necesse
1557 1771 1609 1818 est.

5 1835 68 1904 ὅπως
78 1841 114 1896 de
128 1859 187 1914 qua
206 1841 268 1914 jam
288 1845 407 1918 bligerus
421 1855 498 1899 recte
518 1844 655 1918 praecepit
673 1862 704 1918 p.
723 1841 780 1899 235
827 1843 868 1898 Eo
882 1844 978 1900 valent
987 1864 1046 1901 non
1057 1847 1149 1901 solum
1158 1845 1246 1902 verba
1254 1841 1351 1920 κόσμον
1367 1847 1436 1921 ἱμῶν
1446 1843 1529 1902 iscius
1540 1848 1611 1904 ἀπα-

5 1928 48 1986 od.
64 1931 162 1988 Herm.
177 1929 318 1986 offensum
335 1927 350 1988 ὅ
365 1952 421 1996 πως
434 1934 588 2008 scripsisse.
826 1928 974 2002 τηλὸν,οοά
985 1931 1613 2010 etiamtresilliversus,qnosinfinepoematis

39 2018 73 2073 V.
89 2036 153 2073 ιιο.
171 2017 314 2075 Absoluta
332 2019 385 2076 hac
407 2021 505 2096 priore
529 2022 661 2078 carminis
684 2033 781 2096 parte,
827 2018 981 2075 collocavit
991 2021 1190 2093 Parmenides,
1201 2019 1307 2094 quilius
1315 2019 1455 2096 significat
1466 2039 1499 2077 ea
1513 2040 1542 2076 se
1553 2039 1612 2077 esse

7 2121 56 2174 qna
71 2104 105 2160 de
119 2125 191 2163 rero
205 2107 363 2181 disputavit
376 2106 573 2179 Parmenides,
586 2121 643 2166 tres
654 2111 781 2183 iuterpo·
826 2119 1019 2179 persecutum,
1033 2126 1097 2183 que
1111 2127 1200 2183 quum
1215 2107 1363 2164 hominum
1379 2109 1515 2182 opinione
1527 2109 1613 2165 exsti-

8 2193 145 2250 nitrosos
158 2211 194 2249 ea
205 2205 302 2251 mente
319 2207 350 2251 ut
364 2195 418 2250 sibi
435 2197 511 2252 niam
526 2198 635 2252 muniat
656 2195 692 2252 ad
707 2214 783 2250 mor·
828 2194 923 2248 tissent
932 2193 1049 2269 jamque
1065 2206 1156 2252 essem
1162 2235 1172 2266 ,
1187 2205 1282 2254 umen
1300 2197 1492 2252 maturitatem
1507 2195 1612 2271 adepta

9 2279 95 2334 talium
103 2283 255 2355 opiniones
263 2284 423 2356 posteriore
432 2294 515 2357 parte
523 2283 715 2358 explicandas.
725 2285 782 2338 llas
827 2282 1012 2354 postmodum
1029 2285 1176 2340 interitura
1189 2297 1288 2344 essem.
1302 2282 1359 2342 Sed
1377 2286 1512 2359 quornm
1525 2286 1611 2342 ambo

8 2377 90 2422 enum
100 2381 199 2442 partes
213 2371 355 2426 continno
370 2370 470 2429 ordine
483 2371 624 2428 cohaerere
639 2389 655 2426 e
669 2368 784 2444 Simpli·
828 2369 967 2426 elementa
983 2370 1019 2427 ad
1035 2390 1079 2427 res
1094 2373 1271 2446 generandas
1284 2374 1324 2428 ita
1337 2373 1569 2429 necessariasunt
1579 2385 1613 2430 ut

9 2454 39 2507 rii
51 2458 215 2512 testimoniis
231 2477 294 2531 quae
307 2459 337 2514 in
351 2459 479 2516 medium
488 2458 668 2533 proferemus
684 2477 783 2515 neces·
828 2457 877 2514 ille
888 2459 987 2514 muudi
1004 2459 1101 2534 opifex
1116 2457 1169 2516 dea
1181 2463 1309 2519 neutrius
1324 2479 1379 2534 ope
1392 2461 1482 2534 possit
1495 2479 1610 2518 carere:

7 2545 70 2598 urio
79 2546 236 2620 colligitur.
245 2547 320 2601 Nam
331 2546 360 2602 iu
371 2547 457 2622 Phys.
470 2547 522 2605 ful.
535 2566 563 2618 7,
576 2547 608 2616 b,
619 2547 670 2602 ubi
681 2547 786 2603 excitat
828 2563 887 2599 nou
901 2547 1057 2618 probamus
1072 2543 1213 2620 Stagirites
1229 2548 1268 2604 de
1279 2546 1466 2604 Parmeniden
1482 2546 1614 2604 doctrina

7 2647 91 2687 tersus
115 2651 275 2709 iro-119
300 2635 343 2708 lis
364 2635 402 2712 τῷ
418 2632 461 2692 σοὶ
475 2654 506 2692 π.
527 2665 568 2678 —·
582 2631 705 2710 ίμθριθίς
725 2635 783 2708 τε),
825 2630 980 2702 judicium.
997 2635 1047 2707 qui
1070 2635 1196 2710 Metapb.
1218 2635 1244 2704 1,
1267 2631 1284 2690 5
1307 2635 1428 2690 altemm
1442 2635 1613 2691 elementum

8 2715 136 2776 θΙετελθθει
147 2719 314 2794 δὲ,ἰτιιηιιίι,
327 2717 380 2776 ἀπὸ
393 2723 445 2778 τῶν
460 2722 560 2791 νοητῶν
571 2717 658 2779 θπὶτλ
673 2720 784 2790 αἰσθητὰ
829 2722 904 2793 enti,
925 2723 1057 2777 nomenti
1072 2723 1193 2778 alterum
1206 2733 1365 2798 comparat.
1386 2720 1432 2778 Sic
1448 2723 1524 2778 enim
1543 2725 1585 2778 ait
1604 2743 1611 2778 ι

8 2805 209 2882 ίΠαρμενίδης,
226 2805 285 2878 ἤτοι
307 2805 359 2865 eoi
379 2807 516 2881 distitisse,
530 2809 565 2874 ὡς
590 2807 666 2874 αὖτίς
690 2830 786 2886 φησιν,
831 2807 909 2886 liupo
922 2805 974 2887 γὰρ
984 2807 1015 2868 τθ
1027 2806 1055 2868 ds
1067 2807 1097 2866 τθ
1109 2809 1146 2884 μὴ
1158 2807 1187 2868 θν
1202 2806 1276 2867 οθθίν
1290 2806 1367 2876 ἀξιῶν
1383 2795 1468 2878 εἶναι,
1483 2805 1510 2874 ἐξ
1527 2806 1613 2884 ἀνοίγ-

7 2891 44 2948 tei
56 2893 130 2960 δόξαν
145 2937 155 2952 .
170 2937 179 2952 .
195 2939 202 2954 .
220 2937 230 2955 .
245 2896 297 2952 τῶν
312 2893 361 2970 μὲν
373 2897 489 2973 γενητῶν
500 2893 582 2974 θρχθς
596 2894 668 2956 ίθετο
671 2935 784 2968 .....
829 2917 878 2968 κης
892 2893 920 2954 iv
935 2895 1001 2974 ᾤετο
1015 2887 1081 2956 εἶναι
1099 2897 1130 2956 τὸ
1144 2895 1189 2968 ὄν,
1204 2896 1250 2956 καλ
1265 2895 1330 2956 ἄλλο
1344 2894 1469 2956 οθθίν....
1485 2894 1613 2972 Ἀναγκαι

8 2979 80 3053 λέγων
102 2981 197 3062 ἐριξῆς
226 2989 280 3049 τοῖς
309 2983 446 3062 προτίροις
470 2982 674 3064 παρακειμένοις
701 2984 784 3044 insci·
830 2981 935 3056 ζόμινος
954 2982 977 3040 δ’
999 2985 1149 3044 ἀκολουθεῖν
1176 2991 1230 3050 τοῖς
1244 2982 1426 3063 ραινομίνοις,
1450 2981 1495 3042 καί
1518 2981 1547 3040 iv
1565 2981 1614 3060 μίν

8 3069 108 3146 boeot<
126 3070 181 3147 γίιρ
193 3069 343 3132 κατίθεντο.
360 3073 442 3130 Idem
456 3074 494 3130 ad
515 3075 632 3132 Aristot.
653 3075 690 3130 de
707 3075 786 3130 Coelo
830 3071 900 3128 κατὰ
915 3068 1007 3148 λόγον,
1021 3069 1104 3130 πλείω
1118 3071 1146 3130 di
1165 3069 1234 3132 κατίι
1247 3070 1296 3142 τὴν
1310 3068 1430 3142 αἴσθησιν
1451 3070 1614 3148 θπολαμὸοί·

8 3157 43 3214 ill
58 3159 76 3215 f.
93 3159 162 3230 138,
185 3177 202 3215 a
217 3159 266 3220 ed.
283 3160 349 3216 Ald.
368 3161 432 3238 (ap.
448 3163 569 3235 Peyron.
594 3181 625 3237 p.
649 3159 706 3238 55)
722 3180 784 3218 rer·
830 3180 881 3215 νιον
893 3147 960 3218 εἶναι
966 3204 976 3234 ,
992 3158 1038 3218 δύο
1052 3159 1098 3226 τὰς
1112 3159 1198 3228 αίτίας
1212 3159 1258 3217 καί
1274 3159 1319 3220 δύο
1330 3157 1377 3226 τὰς
1387 3157 1472 3239 θρχθς
1482 3160 1561 3217 πάλιν
1576 3158 1614 3218 τί·

7 3263 50 3298 sus
64 3265 220 3302 rso-112
233 3245 277 3326 (ἐν
295 3249 334 3324 τῷ
349 3267 391 3306 σοι
409 3269 440 3304 π.
453 3279 494 3292 -
506 3244 626 3324 ἀκούων)
646 3249 784 3304 laudans:
831 3249 907 3316 θησι,
930 3245 1024 3325 θερμὸν
1041 3246 1086 3304 καλ
1100 3247 1216 3327 ψυχρόν,
1241 3237 1294 3304 οἷον
1315 3251 1368 3324 πῦρ
1383 3246 1429 3305 καί
1451 3247 1500 3322 γῆν
1520 3243 1614 3320 λίγων·

8 3329 222 3410 Σομπληρῶσας,
241 3335 345 3408 inquit,
363 3331 408 3390 τθν
420 3333 485 3413 περί
498 3339 544 3392 ταῶ
560 3333 633 3400 ὄντος
653 3333 729 3410 λόγον
742 3333 787 3392 κοιλ
831 3333 928 3391 τούτων
945 3333 971 3392 bi
987 3332 1057 3392 κοιτθ
1079 3335 1127 3410 μλν
1147 3335 1178 3395 rb
1190 3333 1218 3392 θν
1234 3332 1265 3392 πθ
1278 3332 1371 3412 θερμὸν
1386 3330 1492 3403 τάττει,
1507 3331 1614 3410 θοίτερον

9 3419 105 3490 polim
116 3419 176 3498 aspi
185 3421 237 3477 τῶν
246 3421 378 3492 αἰσθητῶν
389 3420 520 3480 διδάσκειν
535 3421 667 3500 ίπίγαγεν
677 3445 684 3460 ·
693 3419 738 3482 Ἐν
750 3425 788 3503 τῷ
832 3417 858 3474 it
870 3419 937 3476 xuni
949 3420 980 3478 τὸ
988 3417 1025 3494 μὴ
1036 3418 1075 3479 ὄν.
1084 3424 1184 3496 Neque
1192 3423 1274 3480 aliter
1282 3425 1325 3479 De
1334 3439 1399 3496 gen.
1410 3431 1440 3477 ei
1449 3437 1523 3476 corr.
1536 3422 1562 3490 Ῑ,
1576 3419 1592 3477 3
1605 3439 1611 3474 :

9 3525 44 3563 en
54 3505 133 3564 παύω
146 3529 176 3566 κ.
186 3528 212 3566 τ.
223 3508 249 3566 λ.
259 3510 425 3565 Notandum
435 3522 572 3586 praeterea
584 3531 679 3568 versus
694 3529 788 3568 τιο-
831 3503 935 3584 ῶσπιρ,
950 3511 1056 3582 inquit,
1073 3508 1245 3585 Παρμενίδης
1259 3508 1330 3586 λέγει
1344 3505 1389 3566 δύο
1405 3507 1567 3584 (στοιχεῖα),
1583 3505 1614 3564 τὸ

13 3615 56 3652 ται
73 3599 117 3669 (ἐν
128 3597 170 3675 τῷ
187 3618 228 3654 σοι
242 3593 321 3652 παίω
333 3629 375 3642 -
394 3596 567 3676 παριλαίσσῃ)
586 3611 696 3656 exstare
710 3599 789 3674 apud
831 3589 859 3650 θν
872 3593 917 3651 καί
928 3592 1041 3671 cipalis
1052 3583 1118 3652 εἶναι
1128 3595 1247 3674 φάσκων,
1257 3599 1310 3675 πῦρ
1322 3593 1434 3670 καλγῆν.
1446 3597 1614 3668 Namquum

11 3687 134 3741 eumdem
149 3686 260 3742 Comm.
278 3685 307 3740 in
322 3686 406 3759 Phys.
423 3686 444 3744 i.
463 3705 493 3760 9,
508 3705 535 3756 a,
551 3697 666 3742 eivers.
683 3687 737 3744 113
750 3719 788 3732 -
832 3683 1001 3740 Parmenide
1015 3682 1114 3756 judice
1135 3683 1206 3738 nihil
1226 3685 1262 3740 sit
1277 3695 1382 3759 praeter
1403 3700 1468 3753 ens,
1489 3701 1615 3739 nou-ens

15 3768 361 3850 irplpapqdr-ipbpsbs'e
379 3772 426 3844 τε)
441 3774 563 3828 inveniri
586 3772 693 3830 ibidem
712 3775 733 3835 f.
752 3773 789 3831 38
833 3784 926 3829 autem
949 3789 1066 3846 prorsus
1088 3772 1214 3842 nonsit,
1235 3790 1336 3828 eorum
1356 3771 1571 3842 elementorum,
1598 3791 1616 3830 a

13 3878 63 3934 seq.
78 3860 140 3916 Pro
152 3859 231 3916 παίω
245 3861 408 3916 Aristotelis
420 3861 560 3936 interpres
572 3862 609 3917 de
627 3862 706 3919 colo
724 3863 745 3921 l.
761 3882 788 3920 c.
833 3859 938 3934 quibus
949 3861 1087 3934 originem
1098 3859 1216 3916 trahunt
1224 3875 1411 3934 quaecumque
1422 3856 1459 3914 de
1465 3857 1616 3916 bominum

13 3951 113 4020 prabet
125 3945 233 4006 παύσω.
832 3949 968 4004 sententia
981 3946 1069 4004 modo
1080 3945 1308 4003 oriunturmodo
1320 3945 1469 4020 occidunt,
1482 3957 1615 4002 neutrum

47 4040 78 4094 V.
101 4055 170 4093 111.
196 4033 314 4110 βροτείοις
332 4037 480 4110 posuimus
498 4054 553 4110 pro
575 4054 611 4092 eo
626 4034 706 4109 quod
720 4047 749 4092 et
763 4037 790 4090 i-
833 4035 972 4108 ejusmodi
986 4045 1027 4090 est
1046 4035 1209 4109 quodcum
1228 4038 1299 4092 entis
1315 4035 1471 4090 eternitate
1492 4052 1612 4108 compo·

14 4141 87 4195 psum
103 4125 132 4179 in
142 4124 232 4182 codd.
244 4125 348 4198 legitur
361 4121 502 4202 βροτείοις,
515 4125 586 4181 illud
596 4125 636 4180 ob
649 4125 790 4199 frequen·
834 4141 902 4178 nere
924 4124 1019 4179 liceat.
1035 4124 1099 4178 Huc
1115 4121 1226 4178 aceedit
1249 4120 1330 4196 qnod
1350 4121 1396 4177 uel
1415 4129 1510 4195 aperie
1531 4120 1616 4176 inbu-

16 4223 63 4267 tem
77 4225 234 4287 poetarum
249 4230 331 4268 usum
343 4211 534 4286 praeferentes.
553 4214 692 4270 Caeterum
705 4214 792 4270 verba
835 4212 905 4277 losa,
925 4221 958 4268 ut
969 4211 1089 4268 deorum
1101 4210 1247 4285 generatio
1258 4227 1275 4266 e
1285 4220 1437 4285 poetarum
1450 4210 1618 4265 commentis

16 4299 140 4378 ίντῷσοι
157 4297 238 4356 παύω
256 4320 284 4358 κ.
297 4321 324 4359 τ.
345 4298 477 4374 λίμεὶιιε
492 4303 558 4357 Deae
584 4319 643 4357 esse
664 4298 791 4374 putanda
836 4299 936 4370 ducta,
950 4299 997 4355 rel
1011 4316 1043 4354 ea
1065 4317 1128 4372 qnae
1150 4316 1210 4354 uon
1233 4308 1339 4369 esseut,
1353 4296 1403 4354 sed
1422 4315 1481 4354 esse
1508 4306 1618 4352 tantum

16 4399 88 4461 suot,
123 4407 190 4461 quae
216 4389 241 4442 si
274 4389 469 4444 narrationem
504 4389 642 4461 poematis
671 4388 792 4445 exordio
836 4385 1000 4442 viderentur
1023 4388 1053 4442 in
1072 4387 1126 4443 bac
1142 4387 1277 4442 carminis
1298 4397 1381 4461 parte
1395 4386 1523 4442 versibus
1542 4385 1618 4441 cele·

16 4475 209 4532 edrmrbratam
223 4479 370 4549 sequimur
386 4477 558 4551 philosopho
575 4477 635 4550 jem
656 4479 792 4534 traditura
837 4472 919 4530 brata
933 4485 1022 4530 erant.
1046 4475 1148 4548 ltaque
1162 4473 1235 4529 illud
1254 4473 1413 4530 Aristotelis
1423 4471 1617 4544 judicium-eo

16 4575 51 4618 est
63 4563 230 4620 mortalium
243 4564 301 4618 sisa
314 4574 344 4618 et
357 4565 515 4637 opiniones.
837 4563 926 4637 magis
953 4563 1037 4618 nobis
1058 4561 1282 4636 improbandum
1307 4572 1365 4631 est,
1389 4561 1469 4636 quod
1491 4560 1618 4616 videmus

50 4655 81 4709 θ’.
102 4651 174 4708 113.
187 4651 258 4706 lude
278 4651 314 4706 ab
330 4651 386 4706 hoc
397 4669 480 4708 versu
494 4661 578 4726 pocta
596 4653 696 4708 mundi
711 4671 793 4728 nepe·
837 4669 899 4706 eum
914 4651 993 4723 quasi
1002 4651 1146 4706 intellecto
1157 4665 1254 4704 errore
1265 4647 1301 4704 de
1310 4649 1379 4705 Coel.
1393 4650 1449 4718 ill,
1462 4667 1474 4703 1
1489 4647 1619 4706 eamdem

16 4739 121 4795 stabilis
134 4738 269 4794 ordinem
283 4749 369 4812 atque
385 4749 518 4794 ornatum
535 4739 638 4794 docere
661 4741 791 4796 instituit.
837 4755 898 4794 rem
910 4739 1011 4794 mellus
1023 4739 1180 4794 aestimasse.
1198 4737 1244 4792 Ibi
1254 4747 1351 4793 autern
1370 4736 1484 4792 inbnnc
1498 4735 1619 4792 modum

14 4825 75 4882 Duo
85 4837 186 4882 autem
196 4827 282 4900 ponit
295 4843 391 4882 rerum
405 4843 509 4899 genera
521 4827 566 4882 vel
576 4826 683 4882 formas
697 4825 706 4902 (
718 4823 794 4898 εἴδη,
838 4827 1011 4900 pronunciat
1026 4846 1033 4882 ι
1052 4826 1087 4883 Ol
1103 4822 1151 4899 μὲν
1171 4821 1222 4902 γίιρ
1238 4823 1323 4880 αὐτῶν
1342 4824 1443 4882 ἀνεῖλον
1465 4821 1532 4887 ὅλως
1545 4819 1619 4896 γίνε-

17 4913 136 4990 μοῃοίς)
155 4929 172 4967 e
188 4913 293 4987 quibus
314 4915 410 4968 omnia
432 4926 499 4969 nata
512 4916 586 4987 sint,
608 4925 640 4968 ut
656 4933 723 4970 vere
737 4916 794 4970 ele·
839 4935 880 4970 σιν
895 4909 940 4972 καλ
953 4911 1065 4992 ρθοράν·
1083 4908 1156 4970 obdis
1167 4910 1218 4988 γὰρ
1231 4907 1290 4970 οὔτε
1304 4907 1437 4987 γίγνεσθαί
1451 4929 1544 4989 φασιν,
1559 4905 1618 4964 οὔτε

16 5013 108 5057 menta
123 5000 183 5056 dici
198 5011 315 5074 queant.
332 5002 460 5072 Quorum
482 5001 599 5057 alterum
622 5003 702 5075 lucis,
724 5003 797 5076 ignis
839 4998 989 5080 ρθείρεσθαι
1010 5001 1062 5058 τῶν
1077 4997 1176 5067 ὄντων,
1191 4997 1261 5056 ἀλλὰ
1274 4995 1353 5074 μόνον
1372 4995 1455 5055 δοκεῖν
1468 4997 1540 5066 ἡμῖν.
1552 4995 1617 5050 lam

17 5097 42 5138 et
53 5089 160 5158 calidi,
180 5089 302 5144 alterum
322 5087 436 5157 noctis,
453 5089 634 5144 tenebrarum
658 5101 686 5146 et
701 5089 796 5164 frigidi
840 5089 875 5146 ad
889 5089 998 5163 singula
1012 5099 1193 5146 transeamus.
1210 5083 1321 5164 Μορρή,
1337 5088 1461 5157 corporis
1478 5077 1585 5147 formu,
1603 5097 1620 5134 a

18 5178 133 5232 nomine
147 5187 275 5233 vocatur.
290 5178 401 5234 Horum
417 5177 621 5233 elementorum
636 5178 797 5234 motibuset
841 5178 940 5250 priscis
952 5179 992 5233 ita
1003 5175 1146 5233 interdum
1157 5183 1320 5248 usurpatur,
1334 5181 1366 5226 ut
1377 5171 1414 5226 ab
1425 5171 1486 5243 ipso
1497 5182 1621 5240 corpore
