<?xml version="1.0" encoding="UTF-8"?>
<!DOCTYPE html PUBLIC "-//W3C//DTD XHTML 1.0 Transitional//EN"
    "http://www.w3.org/TR/xhtml1/DTD/xhtml1-transitional.dtd">
<html xmlns="http://www.w3.org/1999/xhtml" xml:lang="en" lang="en">
 <head>
  <title>
</title>
<meta http-equiv="Content-Type" content="text/html;charset=utf-8" />
  <meta name='ocr-system' content='tesseract 3.04.00' />
  <meta name='ocr-capabilities' content='ocr_page ocr_carea ocr_par ocr_line ocrx_word'/>
</head>
<body>
  <div class='ocr_page' id='page_1' title='image "./fragmentaphilos03mullgoog/fragmentaphilos03mullgoog_0542.png"; bbox 0 0 3708 5916; ppageno 0'>
   <div class='ocr_carea' id='block_1_1' title="bbox 581 429 1586 500">
    <p class='ocr_par' dir='ltr' id='par_1_1' title="bbox 581 429 1586 500">
     <span class='ocr_line' id='line_1_1' title="bbox 581 429 1586 500; baseline 0.007 -7"><span class='ocrx_word' id='word_1_1' title='bbox 581 433 621 494; x_wconf 80' lang='grc' dir='ltr'>ΙΝ</span> <span class='ocrx_word' id='word_1_2' title='bbox 641 431 805 497; x_wconf 71' lang='lat' dir='ltr'><strong>Anauon</strong></span> <span class='ocrx_word' id='word_1_3' title='bbox 826 430 983 495; x_wconf 63' lang='lat' dir='ltr'><strong>edamur&lt;</strong></span> <span class='ocrx_word' id='word_1_4' title='bbox 1499 429 1502 435; x_wconf 82' lang='grc'>’</span> <span class='ocrx_word' id='word_1_5' title='bbox 1529 447 1586 500; x_wconf 82' lang='lat' dir='ltr'>nr</span> 
     </span>
    </p>
   </div>
   <div class='ocr_carea' id='block_1_2' title="bbox 10 525 1589 734">
    <p class='ocr_par' dir='ltr' id='par_1_2' title="bbox 10 525 1589 734">
     <span class='ocr_line' id='line_1_2' title="bbox 10 525 1586 650; baseline -0.001 -22"><span class='ocrx_word' id='word_1_6' title='bbox 10 531 136 649; x_wconf 76' lang='grc' dir='ltr'>ιροαφίρης</span> <span class='ocrx_word' id='word_1_7' title='bbox 157 563 277 644; x_wconf 84' lang='grc' dir='ltr'>δβούλει</span> <span class='ocrx_word' id='word_1_8' title='bbox 303 563 428 642; x_wconf 79' lang='grc' dir='ltr'>δεῖξαι,</span> <span class='ocrx_word' id='word_1_9' title='bbox 452 562 470 635; x_wconf 78' lang='lat' dir='ltr'>i,</span> <span class='ocrx_word' id='word_1_10' title='bbox 489 566 545 630; x_wconf 86' lang='grc' dir='ltr'>πῶς</span> <span class='ocrx_word' id='word_1_11' title='bbox 567 562 600 622; x_wconf 76' lang='grc' dir='ltr'>δν</span> <span class='ocrx_word' id='word_1_12' title='bbox 618 568 657 644; x_wconf 80' lang='grc' dir='ltr'>τῷ</span> <span class='ocrx_word' id='word_1_13' title='bbox 674 566 766 643; x_wconf 82' lang='grc' dir='ltr'>δρῶντι</span> <span class='ocrx_word' id='word_1_14' title='bbox 812 587 891 624; x_wconf 99' lang='grc' dir='ltr'>κοντα</span> <span class='ocrx_word' id='word_1_15' title='bbox 909 563 937 624; x_wconf 79' lang='grc' dir='ltr'>δὲ</span> <span class='ocrx_word' id='word_1_16' title='bbox 951 563 1071 646; x_wconf 87' lang='grc' dir='ltr'>φεύγειν;</span> <span class='ocrx_word' id='word_1_17' title='bbox 1084 565 1101 636; x_wconf 83' lang='grc' dir='ltr'>ή</span> <span class='ocrx_word' id='word_1_18' title='bbox 1112 565 1136 623; x_wconf 90' lang='grc' dir='ltr'>τί</span> <span class='ocrx_word' id='word_1_19' title='bbox 1151 564 1183 626; x_wconf 74' lang='grc' dir='ltr'>τά</span> <span class='ocrx_word' id='word_1_20' title='bbox 1199 525 1376 644; x_wconf 77' lang='grc' dir='ltr'>συμάαίνοντα</span> <span class='ocrx_word' id='word_1_21' title='bbox 1386 567 1477 646; x_wconf 88' lang='grc' dir='ltr'>πράως</span> <span class='ocrx_word' id='word_1_22' title='bbox 1489 569 1586 650; x_wconf 82' lang='grc' dir='ltr'>φίριιν,</span> 
     </span>
     <span class='ocr_line' id='line_1_3' title="bbox 10 643 1589 734; baseline -0.002 -19"><span class='ocrx_word' id='word_1_23' title='bbox 10 657 117 724; x_wconf 75' lang='grc' dir='ltr'>ῐείξαις</span> <span class='ocrx_word' id='word_1_24' title='bbox 145 655 229 730; x_wconf 83' lang='grc' dir='ltr'>μηδὲν</span> <span class='ocrx_word' id='word_1_25' title='bbox 248 652 417 733; x_wconf 76' lang='grc' dir='ltr'>προσάγωνς)</span> <span class='ocrx_word' id='word_1_26' title='bbox 434 651 568 734; x_wconf 77' lang='grc' dir='ltr'>ἀμφύτερα</span> <span class='ocrx_word' id='word_1_27' title='bbox 590 643 634 712; x_wconf 77' lang='grc' dir='ltr'>σύν</span> <span class='ocrx_word' id='word_1_28' title='bbox 646 660 767 732; x_wconf 88' lang='grc' dir='ltr'>παρεῖναι</span> <span class='ocrx_word' id='word_1_29' title='bbox 811 649 857 709; x_wconf 81' lang='grc' dir='ltr'>καί</span> <span class='ocrx_word' id='word_1_30' title='bbox 881 651 969 709; x_wconf 78' lang='grc' dir='ltr'>ἰᾶσθαι</span> <span class='ocrx_word' id='word_1_31' title='bbox 991 651 1145 718; x_wconf 79' lang='grc' dir='ltr'>σπουδάζειν</span> <span class='ocrx_word' id='word_1_32' title='bbox 1168 651 1352 728; x_wconf 74' lang='grc' dir='ltr'>ίπιτύττομενς</span> <span class='ocrx_word' id='word_1_33' title='bbox 1371 649 1437 720; x_wconf 84' lang='grc' dir='ltr'>δλως</span> <span class='ocrx_word' id='word_1_34' title='bbox 1451 651 1501 734; x_wconf 81' lang='grc' dir='ltr'>γδρ</span> <span class='ocrx_word' id='word_1_35' title='bbox 1515 657 1532 724; x_wconf 82' lang='grc' dir='ltr'>ἡ</span> <span class='ocrx_word' id='word_1_36' title='bbox 1544 653 1589 713; x_wconf 77' lang='grc' dir='ltr'>διδ</span> 
     </span>
    </p>
   </div>
   <div class='ocr_carea' id='block_1_3' title="bbox 9 735 1655 5305">
    <p class='ocr_par' dir='ltr' id='par_1_3' title="bbox 9 735 1593 2986">
     <span class='ocr_line' id='line_1_4' title="bbox 10 735 1586 818; baseline 0.003 -23"><span class='ocrx_word' id='word_1_37' title='bbox 10 747 40 802; x_wconf 64' lang='grc' dir='ltr'>ζεῖ·</span> <span class='ocrx_word' id='word_1_38' title='bbox 51 742 78 799; x_wconf 86' lang='grc' dir='ltr'>τά</span> <span class='ocrx_word' id='word_1_39' title='bbox 91 764 117 798; x_wconf 93' lang='grc' dir='ltr'>τε</span> <span class='ocrx_word' id='word_1_40' title='bbox 131 739 205 818; x_wconf 69' lang='grc' dir='ltr'>παρὰ</span> <span class='ocrx_word' id='word_1_41' title='bbox 228 743 273 798; x_wconf 81' lang='grc' dir='ltr'>τοῦ</span> <span class='ocrx_word' id='word_1_42' title='bbox 288 739 479 804; x_wconf 87' lang='grc' dir='ltr'>δεικνύντος</span> <span class='ocrx_word' id='word_1_43' title='bbox 492 739 686 818; x_wconf 85' lang='grc' dir='ltr'>προσαγόμενον</span> <span class='ocrx_word' id='word_1_44' title='bbox 700 741 767 815; x_wconf 83' lang='grc' dir='ltr'>ἀγα·</span> <span class='ocrx_word' id='word_1_45' title='bbox 814 737 952 812; x_wconf 83' lang='grc' dir='ltr'>μαθήσεως</span> <span class='ocrx_word' id='word_1_46' title='bbox 973 736 1037 816; x_wconf 84' lang='grc' dir='ltr'>πρθς</span> <span class='ocrx_word' id='word_1_47' title='bbox 1057 736 1151 816; x_wconf 81' lang='grc' dir='ltr'>ἀρετήν</span> <span class='ocrx_word' id='word_1_48' title='bbox 1168 738 1224 804; x_wconf 85' lang='grc' dir='ltr'>ὁδὸς</span> <span class='ocrx_word' id='word_1_49' title='bbox 1248 735 1449 798; x_wconf 74' lang='grc' dir='ltr'>ἀποκέκλεισται</span> <span class='ocrx_word' id='word_1_50' title='bbox 1471 749 1525 807; x_wconf 86' lang='grc' dir='ltr'>τοῖς</span> <span class='ocrx_word' id='word_1_51' title='bbox 1545 739 1586 802; x_wconf 86' lang='grc' dir='ltr'>Τδ</span> 
     </span>
     <span class='ocr_line' id='line_1_5' title="bbox 10 815 1586 906; baseline -0.003 -18"><span class='ocrx_word' id='word_1_52' title='bbox 10 831 51 903; x_wconf 79' lang='grc' dir='ltr'>ἀν,</span> <span class='ocrx_word' id='word_1_53' title='bbox 71 828 114 886; x_wconf 83' lang='grc' dir='ltr'>καὶ</span> <span class='ocrx_word' id='word_1_54' title='bbox 134 827 163 884; x_wconf 84' lang='grc' dir='ltr'>τὸ</span> <span class='ocrx_word' id='word_1_55' title='bbox 186 826 262 906; x_wconf 79' lang='grc' dir='ltr'>παρδ</span> <span class='ocrx_word' id='word_1_56' title='bbox 287 831 348 899; x_wconf 83' lang='grc' dir='ltr'>τοῦ,</span> <span class='ocrx_word' id='word_1_57' title='bbox 371 815 394 906; x_wconf 69' lang='grc' dir='ltr'><strong>ᾧ</strong></span> <span class='ocrx_word' id='word_1_58' title='bbox 418 823 602 897; x_wconf 79' lang='grc' dir='ltr'>δείκνυται,</span> <span class='ocrx_word' id='word_1_59' title='bbox 622 826 766 904; x_wconf 87' lang='grc' dir='ltr'>διορατικδν</span> <span class='ocrx_word' id='word_1_60' title='bbox 813 825 851 902; x_wconf 77' lang='grc' dir='ltr'>ἀφ’</span> <span class='ocrx_word' id='word_1_61' title='bbox 866 829 929 900; x_wconf 80' lang='grc' dir='ltr'>ἡμῖν</span> <span class='ocrx_word' id='word_1_62' title='bbox 944 826 1104 903; x_wconf 85' lang='grc' dir='ltr'>ἀναιροῦσιν.</span> <span class='ocrx_word' id='word_1_63' title='bbox 1146 825 1187 883; x_wconf 92' lang='grc' dir='ltr'>Ού</span> <span class='ocrx_word' id='word_1_64' title='bbox 1203 823 1255 904; x_wconf 74' lang='grc' dir='ltr'>γάρ</span> <span class='ocrx_word' id='word_1_65' title='bbox 1269 824 1300 883; x_wconf 78' lang='grc' dir='ltr'>δν</span> <span class='ocrx_word' id='word_1_66' title='bbox 1312 825 1546 900; x_wconf 80' lang='grc' dir='ltr'>άδειπονεῐν,ούδί</span> <span class='ocrx_word' id='word_1_67' title='bbox 1559 829 1586 885; x_wconf 82' lang='grc' dir='ltr'>ἀν</span> 
     </span>
     <span class='ocr_line' id='line_1_6' title="bbox 10 909 1586 994; baseline 0 -22"><span class='ocrx_word' id='word_1_68' title='bbox 10 919 73 994; x_wconf 78' lang='grc' dir='ltr'>ἶρμα·</span> <span class='ocrx_word' id='word_1_69' title='bbox 84 914 125 972; x_wconf 77' lang='grc' dir='ltr'>ἵνα</span> <span class='ocrx_word' id='word_1_70' title='bbox 142 916 241 972; x_wconf 76' lang='grc' dir='ltr'>ἐκεῖθεν</span> <span class='ocrx_word' id='word_1_71' title='bbox 256 912 303 988; x_wconf 83' lang='grc' dir='ltr'>μίν</span> <span class='ocrx_word' id='word_1_72' title='bbox 326 913 355 970; x_wconf 86' lang='grc' dir='ltr'>τδ</span> <span class='ocrx_word' id='word_1_73' title='bbox 377 911 468 992; x_wconf 76' lang='grc' dir='ltr'>ὁρατόν</span> <span class='ocrx_word' id='word_1_74' title='bbox 478 957 486 984; x_wconf 90' lang='grc'>,</span> <span class='ocrx_word' id='word_1_75' title='bbox 498 915 613 970; x_wconf 78' lang='grc' dir='ltr'>ἐντεῦθεν</span> <span class='ocrx_word' id='word_1_76' title='bbox 630 911 657 971; x_wconf 80' lang='lat' dir='ltr'>di</span> <span class='ocrx_word' id='word_1_77' title='bbox 673 911 767 992; x_wconf 79' lang='grc' dir='ltr'>ήύρα-</span> <span class='ocrx_word' id='word_1_78' title='bbox 814 911 909 990; x_wconf 81' lang='grc' dir='ltr'>μελίτη</span> <span class='ocrx_word' id='word_1_79' title='bbox 923 912 968 969; x_wconf 86' lang='grc' dir='ltr'>καί</span> <span class='ocrx_word' id='word_1_80' title='bbox 982 909 1060 989; x_wconf 77' lang='grc' dir='ltr'>ἔρωτι</span> <span class='ocrx_word' id='word_1_81' title='bbox 1074 911 1190 970; x_wconf 87' lang='grc' dir='ltr'>τίθεσθαι</span> <span class='ocrx_word' id='word_1_82' title='bbox 1201 910 1233 971; x_wconf 77' lang='grc' dir='ltr'>τά</span> <span class='ocrx_word' id='word_1_83' title='bbox 1248 911 1334 984; x_wconf 87' lang='grc' dir='ltr'>καλά,</span> <span class='ocrx_word' id='word_1_84' title='bbox 1351 914 1373 972; x_wconf 86' lang='grc' dir='ltr'>εί</span> <span class='ocrx_word' id='word_1_85' title='bbox 1389 919 1435 972; x_wconf 83' lang='grc' dir='ltr'>τοῦ</span> <span class='ocrx_word' id='word_1_86' title='bbox 1450 919 1507 974; x_wconf 80' lang='grc' dir='ltr'>θεοῦ</span> <span class='ocrx_word' id='word_1_87' title='bbox 1522 912 1586 973; x_wconf 87' lang='grc' dir='ltr'>ίδεον</span> 
     </span>
     <span class='ocr_line' id='line_1_7' title="bbox 10 989 1586 1082; baseline 0 -22"><span class='ocrx_word' id='word_1_88' title='bbox 10 1027 49 1074; x_wconf 80' lang='grc' dir='ltr'>εις,</span> <span class='ocrx_word' id='word_1_89' title='bbox 63 1001 194 1082; x_wconf 78' lang='grc' dir='ltr'>συνδράμῃ</span> <span class='ocrx_word' id='word_1_90' title='bbox 216 1000 280 1080; x_wconf 78' lang='grc' dir='ltr'>πρὸς</span> <span class='ocrx_word' id='word_1_91' title='bbox 292 998 340 1070; x_wconf 83' lang='grc' dir='ltr'>τήν</span> <span class='ocrx_word' id='word_1_92' title='bbox 353 1003 400 1071; x_wconf 74' lang='grc' dir='ltr'>τῆς</span> <span class='ocrx_word' id='word_1_93' title='bbox 422 998 550 1066; x_wconf 76' lang='grc' dir='ltr'>δείξεως</span> <span class='ocrx_word' id='word_1_94' title='bbox 570 998 767 1076; x_wconf 78' lang='grc' dir='ltr'>συμπλήρωσιν.</span> <span class='ocrx_word' id='word_1_95' title='bbox 813 989 844 1070; x_wconf 82' lang='grc' dir='ltr'>ήν</span> <span class='ocrx_word' id='word_1_96' title='bbox 859 995 948 1068; x_wconf 84' lang='grc' dir='ltr'>σώζειν</span> <span class='ocrx_word' id='word_1_97' title='bbox 962 1002 1032 1075; x_wconf 71' lang='grc' dir='ltr'>ἡμᾶς</span> <span class='ocrx_word' id='word_1_98' title='bbox 1048 997 1100 1056; x_wconf 89' lang='grc' dir='ltr'>ἀπδ</span> <span class='ocrx_word' id='word_1_99' title='bbox 1113 998 1222 1075; x_wconf 85' lang='grc' dir='ltr'>κακίας,</span> <span class='ocrx_word' id='word_1_100' title='bbox 1234 999 1279 1058; x_wconf 85' lang='grc' dir='ltr'>καί</span> <span class='ocrx_word' id='word_1_101' title='bbox 1292 1003 1344 1059; x_wconf 84' lang='grc' dir='ltr'>τῶν</span> <span class='ocrx_word' id='word_1_102' title='bbox 1360 1003 1461 1080; x_wconf 82' lang='grc' dir='ltr'>ἀρετῶν</span> <span class='ocrx_word' id='word_1_103' title='bbox 1478 1003 1586 1080; x_wconf 89' lang='grc' dir='ltr'>πλήρεις</span> 
     </span>
     <span class='ocr_line' id='line_1_8' title="bbox 10 1083 1589 1166; baseline 0.001 -18"><span class='ocrx_word' id='word_1_104' title='bbox 10 1091 100 1148; x_wconf 86' lang='grc' dir='ltr'>Γούτων</span> <span class='ocrx_word' id='word_1_105' title='bbox 114 1087 139 1144; x_wconf 79' lang='lat' dir='ltr'>di</span> <span class='ocrx_word' id='word_1_106' title='bbox 155 1086 240 1151; x_wconf 75' lang='grc' dir='ltr'>οὕτως</span> <span class='ocrx_word' id='word_1_107' title='bbox 255 1084 382 1164; x_wconf 72' lang='grc' dir='ltr'>ἐχόντων,</span> <span class='ocrx_word' id='word_1_108' title='bbox 397 1083 521 1159; x_wconf 80' lang='grc' dir='ltr'>λάθωμεν</span> <span class='ocrx_word' id='word_1_109' title='bbox 537 1085 657 1144; x_wconf 80' lang='grc' dir='ltr'>ὑπόθεσιν</span> <span class='ocrx_word' id='word_1_110' title='bbox 669 1085 769 1152; x_wconf 80' lang='grc' dir='ltr'>πάντας</span> <span class='ocrx_word' id='word_1_111' title='bbox 813 1087 895 1145; x_wconf 83' lang='grc' dir='ltr'>ποιεῖν</span> <span class='ocrx_word' id='word_1_112' title='bbox 907 1086 987 1163; x_wconf 74' lang='grc' dir='ltr'>μηδὲν</span> <span class='ocrx_word' id='word_1_113' title='bbox 999 1085 1061 1165; x_wconf 87' lang='grc' dir='ltr'>παρ’</span> <span class='ocrx_word' id='word_1_114' title='bbox 1078 1089 1179 1146; x_wconf 86' lang='grc' dir='ltr'>ίαυτῶν</span> <span class='ocrx_word' id='word_1_115' title='bbox 1197 1087 1419 1166; x_wconf 72' lang='grc' dir='ltr'>συνεισφέροντες.</span> <span class='ocrx_word' id='word_1_116' title='bbox 1462 1089 1531 1149; x_wconf 78' lang='grc' dir='ltr'>Ἀλλ’</span> <span class='ocrx_word' id='word_1_117' title='bbox 1544 1089 1589 1150; x_wconf 78' lang='grc' dir='ltr'>ού·</span> 
     </span>
     <span class='ocr_line' id='line_1_9' title="bbox 10 1169 1589 1255; baseline 0.003 -25"><span class='ocrx_word' id='word_1_118' title='bbox 10 1175 52 1252; x_wconf 78' lang='lat' dir='ltr'>ipa</span> <span class='ocrx_word' id='word_1_119' title='bbox 65 1175 275 1242; x_wconf 77' lang='grc' dir='ltr'>ἀπολυθῆναι</span> <span class='ocrx_word' id='word_1_120' title='bbox 291 1172 322 1230; x_wconf 82' lang='grc' dir='ltr'>δν</span> <span class='ocrx_word' id='word_1_121' title='bbox 336 1175 402 1230; x_wconf 87' lang='grc' dir='ltr'>τῶν</span> <span class='ocrx_word' id='word_1_122' title='bbox 426 1175 593 1244; x_wconf 81' lang='grc' dir='ltr'>κακῶν,εί</span> <span class='ocrx_word' id='word_1_123' title='bbox 607 1181 690 1232; x_wconf 76' lang='grc' dir='ltr'>πᾶσι</span> <span class='ocrx_word' id='word_1_124' title='bbox 705 1171 769 1230; x_wconf 89' lang='grc' dir='ltr'>δεί-</span> <span class='ocrx_word' id='word_1_125' title='bbox 813 1197 863 1238; x_wconf 87' lang='grc' dir='ltr'>τως</span> <span class='ocrx_word' id='word_1_126' title='bbox 885 1173 917 1230; x_wconf 81' lang='grc' dir='ltr'>δν</span> <span class='ocrx_word' id='word_1_127' title='bbox 933 1178 947 1244; x_wconf 74' lang='grc' dir='ltr'>ἡ</span> <span class='ocrx_word' id='word_1_128' title='bbox 962 1174 1033 1232; x_wconf 82' lang='grc' dir='ltr'>αἰτία</span> <span class='ocrx_word' id='word_1_129' title='bbox 1045 1177 1092 1244; x_wconf 80' lang='grc' dir='ltr'>τῆς</span> <span class='ocrx_word' id='word_1_130' title='bbox 1110 1177 1162 1232; x_wconf 88' lang='grc' dir='ltr'>τῶν</span> <span class='ocrx_word' id='word_1_131' title='bbox 1177 1175 1281 1233; x_wconf 83' lang='grc' dir='ltr'>πολλῶν</span> <span class='ocrx_word' id='word_1_132' title='bbox 1294 1175 1419 1254; x_wconf 74' lang='grc' dir='ltr'>πονηρίας</span> <span class='ocrx_word' id='word_1_133' title='bbox 1430 1181 1488 1235; x_wconf 73' lang='grc' dir='ltr'>θεοῦ</span> <span class='ocrx_word' id='word_1_134' title='bbox 1502 1169 1533 1248; x_wconf 83' lang='grc' dir='ltr'>ήν</span> <span class='ocrx_word' id='word_1_135' title='bbox 1546 1177 1589 1255; x_wconf 86' lang='grc' dir='ltr'>ίγ-</span> 
     </span>
     <span class='ocr_line' id='line_1_10' title="bbox 9 1258 1588 1342; baseline 0.001 -24"><span class='ocrx_word' id='word_1_136' title='bbox 9 1263 80 1330; x_wconf 76' lang='grc' dir='ltr'>ξειεν</span> <span class='ocrx_word' id='word_1_137' title='bbox 91 1263 105 1318; x_wconf 80' lang='grc' dir='ltr'>δ</span> <span class='ocrx_word' id='word_1_138' title='bbox 117 1258 276 1337; x_wconf 87' lang='grc' dir='ltr'>δημιουργδς</span> <span class='ocrx_word' id='word_1_139' title='bbox 286 1259 330 1317; x_wconf 82' lang='grc' dir='ltr'>καί</span> <span class='ocrx_word' id='word_1_140' title='bbox 345 1258 494 1338; x_wconf 75' lang='grc' dir='ltr'>ἑμφανίσειε</span> <span class='ocrx_word' id='word_1_141' title='bbox 506 1258 553 1330; x_wconf 79' lang='grc' dir='ltr'>τήν</span> <span class='ocrx_word' id='word_1_142' title='bbox 564 1263 611 1330; x_wconf 80' lang='grc' dir='ltr'>τῆς</span> <span class='ocrx_word' id='word_1_143' title='bbox 620 1262 720 1317; x_wconf 75' lang='grc' dir='ltr'>ἑαυτῶν</span> <span class='ocrx_word' id='word_1_144' title='bbox 728 1261 770 1320; x_wconf 86' lang='grc' dir='ltr'>ού-</span> <span class='ocrx_word' id='word_1_145' title='bbox 814 1263 913 1335; x_wconf 88' lang='grc' dir='ltr'>κλημα.</span> <span class='ocrx_word' id='word_1_146' title='bbox 955 1261 987 1320; x_wconf 84' lang='lat' dir='ltr'>Ei</span> <span class='ocrx_word' id='word_1_147' title='bbox 1002 1260 1029 1319; x_wconf 78' lang='lat' dir='ltr'>di</span> <span class='ocrx_word' id='word_1_148' title='bbox 1041 1260 1154 1326; x_wconf 91' lang='grc' dir='ltr'>ἀναίτιος</span> <span class='ocrx_word' id='word_1_149' title='bbox 1169 1263 1258 1318; x_wconf 87' lang='grc' dir='ltr'>κακῶν</span> <span class='ocrx_word' id='word_1_150' title='bbox 1271 1264 1285 1319; x_wconf 89' lang='grc' dir='ltr'>θ</span> <span class='ocrx_word' id='word_1_151' title='bbox 1300 1261 1366 1332; x_wconf 83' lang='grc' dir='ltr'>θεός,</span> <span class='ocrx_word' id='word_1_152' title='bbox 1379 1260 1468 1342; x_wconf 83' lang='grc' dir='ltr'>ῶσπερ</span> <span class='ocrx_word' id='word_1_153' title='bbox 1483 1262 1528 1322; x_wconf 84' lang='grc' dir='ltr'>καί</span> <span class='ocrx_word' id='word_1_154' title='bbox 1542 1263 1588 1321; x_wconf 89' lang='grc' dir='ltr'>λί-</span> 
     </span>
     <span class='ocr_line' id='line_1_11' title="bbox 9 1343 1587 1427; baseline 0.003 -23"><span class='ocrx_word' id='word_1_155' title='bbox 9 1347 54 1412; x_wconf 88' lang='grc' dir='ltr'>είσς</span> <span class='ocrx_word' id='word_1_156' title='bbox 65 1345 262 1420; x_wconf 80' lang='grc' dir='ltr'>ἐπίγνωσιν,καί</span> <span class='ocrx_word' id='word_1_157' title='bbox 273 1344 383 1426; x_wconf 77' lang='grc' dir='ltr'>οίῳτῷ</span> <span class='ocrx_word' id='word_1_158' title='bbox 395 1343 528 1422; x_wconf 89' lang='grc' dir='ltr'>δαίμονι</span> <span class='ocrx_word' id='word_1_159' title='bbox 540 1349 701 1426; x_wconf 84' lang='grc' dir='ltr'>χρῶνται.</span> <span class='ocrx_word' id='word_1_160' title='bbox 714 1345 769 1408; x_wconf 82' lang='grc' dir='ltr'>Ἀλ-</span> <span class='ocrx_word' id='word_1_161' title='bbox 814 1370 888 1427; x_wconf 90' lang='grc' dir='ltr'>γεται</span> <span class='ocrx_word' id='word_1_162' title='bbox 911 1347 956 1406; x_wconf 82' lang='grc' dir='ltr'>καί</span> <span class='ocrx_word' id='word_1_163' title='bbox 969 1345 1040 1420; x_wconf 85' lang='grc' dir='ltr'>ίστε,</span> <span class='ocrx_word' id='word_1_164' title='bbox 1064 1347 1141 1418; x_wconf 83' lang='grc' dir='ltr'>δῆλον</span> <span class='ocrx_word' id='word_1_165' title='bbox 1163 1350 1199 1414; x_wconf 80' lang='grc' dir='ltr'>ὡς</span> <span class='ocrx_word' id='word_1_166' title='bbox 1216 1350 1279 1425; x_wconf 87' lang='grc' dir='ltr'>παρ’</span> <span class='ocrx_word' id='word_1_167' title='bbox 1294 1351 1364 1422; x_wconf 79' lang='grc' dir='ltr'>ἡμᾶς</span> <span class='ocrx_word' id='word_1_168' title='bbox 1377 1353 1394 1420; x_wconf 81' lang='grc' dir='ltr'>ἡ</span> <span class='ocrx_word' id='word_1_169' title='bbox 1415 1351 1466 1406; x_wconf 87' lang='grc' dir='ltr'>τῶν</span> <span class='ocrx_word' id='word_1_170' title='bbox 1483 1351 1587 1426; x_wconf 88' lang='grc' dir='ltr'>ἀγαθῶν</span> 
     </span>
     <span class='ocr_line' id='line_1_12' title="bbox 9 1431 1589 1512; baseline 0.003 -21"><span class='ocrx_word' id='word_1_171' title='bbox 9 1435 34 1492; x_wconf 79' lang='grc' dir='ltr'>λδ</span> <span class='ocrx_word' id='word_1_172' title='bbox 47 1433 131 1508; x_wconf 80' lang='grc' dir='ltr'>μήνού</span> <span class='ocrx_word' id='word_1_173' title='bbox 142 1431 275 1498; x_wconf 85' lang='grc' dir='ltr'>πάντες</span> <span class='ocrx_word' id='word_1_174' title='bbox 287 1431 343 1509; x_wconf 78' lang='grc' dir='ltr'>άμα</span> <span class='ocrx_word' id='word_1_175' title='bbox 354 1431 557 1492; x_wconf 73' lang='grc' dir='ltr'>ἀπολύονται</span> <span class='ocrx_word' id='word_1_176' title='bbox 570 1437 634 1492; x_wconf 83' lang='grc' dir='ltr'>τῶν</span> <span class='ocrx_word' id='word_1_177' title='bbox 650 1437 768 1494; x_wconf 87' lang='grc' dir='ltr'>κακῶν.</span> <span class='ocrx_word' id='word_1_178' title='bbox 815 1433 973 1506; x_wconf 74' lang='grc' dir='ltr'>ἀπόστασις,</span> <span class='ocrx_word' id='word_1_179' title='bbox 984 1431 1024 1492; x_wconf 83' lang='grc' dir='ltr'>δτι</span> <span class='ocrx_word' id='word_1_180' title='bbox 1040 1433 1122 1500; x_wconf 80' lang='grc' dir='ltr'>πέλας</span> <span class='ocrx_word' id='word_1_181' title='bbox 1133 1433 1214 1491; x_wconf 80' lang='grc' dir='ltr'>ὄντων</span> <span class='ocrx_word' id='word_1_182' title='bbox 1234 1438 1335 1510; x_wconf 80' lang='grc' dir='ltr'>αὐτῶν,</span> <span class='ocrx_word' id='word_1_183' title='bbox 1350 1435 1394 1492; x_wconf 85' lang='grc' dir='ltr'>καί</span> <span class='ocrx_word' id='word_1_184' title='bbox 1405 1436 1431 1493; x_wconf 78' lang='grc' dir='ltr'>ἐν</span> <span class='ocrx_word' id='word_1_185' title='bbox 1442 1436 1506 1512; x_wconf 77' lang='grc' dir='ltr'>ἡμῖν</span> <span class='ocrx_word' id='word_1_186' title='bbox 1520 1435 1589 1496; x_wconf 79' lang='grc' dir='ltr'>κατά</span> 
     </span>
     <span class='ocr_line' id='line_1_13' title="bbox 9 1517 1590 1602; baseline 0.002 -24"><span class='ocrx_word' id='word_1_187' title='bbox 9 1522 54 1578; x_wconf 81' lang='grc' dir='ltr'>Οὐκ</span> <span class='ocrx_word' id='word_1_188' title='bbox 65 1519 112 1598; x_wconf 85' lang='grc' dir='ltr'>ἀρα</span> <span class='ocrx_word' id='word_1_189' title='bbox 121 1527 208 1578; x_wconf 69' lang='grc' dir='ltr'>πᾶσι</span> <span class='ocrx_word' id='word_1_190' title='bbox 224 1517 495 1594; x_wconf 78' lang='grc' dir='ltr'>δείκνυσιν,άλλά</span> <span class='ocrx_word' id='word_1_191' title='bbox 507 1519 593 1595; x_wconf 83' lang='grc' dir='ltr'>μόνοις</span> <span class='ocrx_word' id='word_1_192' title='bbox 604 1519 709 1587; x_wconf 75' lang='grc' dir='ltr'>ἰκτίνοις</span> <span class='ocrx_word' id='word_1_193' title='bbox 718 1521 771 1587; x_wconf 82' lang='grc' dir='ltr'>τοῖς</span> <span class='ocrx_word' id='word_1_194' title='bbox 814 1519 861 1586; x_wconf 82' lang='grc' dir='ltr'>τάς</span> <span class='ocrx_word' id='word_1_195' title='bbox 875 1519 1016 1600; x_wconf 83' lang='grc' dir='ltr'>φυσικάς</span> <span class='ocrx_word' id='word_1_196' title='bbox 1035 1520 1131 1587; x_wconf 72' lang='grc' dir='ltr'>ἐννοίας</span> <span class='ocrx_word' id='word_1_197' title='bbox 1153 1520 1288 1597; x_wconf 76' lang='grc' dir='ltr'>κειμένων,</span> <span class='ocrx_word' id='word_1_198' title='bbox 1302 1519 1356 1581; x_wconf 81' lang='grc' dir='ltr'>οὔτ’</span> <span class='ocrx_word' id='word_1_199' title='bbox 1374 1522 1520 1602; x_wconf 80' lang='grc' dir='ltr'>ἀσορῶμεν,</span> <span class='ocrx_word' id='word_1_200' title='bbox 1531 1520 1590 1581; x_wconf 88' lang='grc' dir='ltr'>ούτε</span> 
     </span>
     <span class='ocr_line' id='line_1_14' title="bbox 9 1605 1589 1687; baseline 0.003 -25"><span class='ocrx_word' id='word_1_201' title='bbox 9 1607 62 1684; x_wconf 78' lang='grc' dir='ltr'>πρὸς</span> <span class='ocrx_word' id='word_1_202' title='bbox 85 1607 182 1665; x_wconf 84' lang='grc' dir='ltr'>ἀπίλυ</span> <span class='ocrx_word' id='word_1_203' title='bbox 193 1629 247 1664; x_wconf 92' lang='grc' dir='ltr'>σιν</span> <span class='ocrx_word' id='word_1_204' title='bbox 267 1609 331 1665; x_wconf 90' lang='grc' dir='ltr'>τῶν</span> <span class='ocrx_word' id='word_1_205' title='bbox 344 1611 451 1665; x_wconf 83' lang='grc' dir='ltr'>κακῶν</span> <span class='ocrx_word' id='word_1_206' title='bbox 471 1605 568 1666; x_wconf 80' lang='grc' dir='ltr'>οἴκοθεν</span> <span class='ocrx_word' id='word_1_207' title='bbox 585 1608 768 1687; x_wconf 82' lang='grc' dir='ltr'>ῶρμημίνοις,</span> <span class='ocrx_word' id='word_1_208' title='bbox 815 1606 935 1680; x_wconf 87' lang='grc' dir='ltr'>κλύομεν.</span> <span class='ocrx_word' id='word_1_209' title='bbox 979 1605 1057 1668; x_wconf 81' lang='grc' dir='ltr'>Αίτία</span> <span class='ocrx_word' id='word_1_210' title='bbox 1068 1606 1095 1668; x_wconf 76' lang='lat' dir='ltr'>di</span> <span class='ocrx_word' id='word_1_211' title='bbox 1105 1612 1151 1678; x_wconf 80' lang='grc' dir='ltr'>τῆς</span> <span class='ocrx_word' id='word_1_212' title='bbox 1161 1607 1225 1666; x_wconf 83' lang='grc' dir='ltr'>ἀθλε</span> <span class='ocrx_word' id='word_1_213' title='bbox 1248 1605 1287 1674; x_wconf 91' lang='grc' dir='ltr'>ίας</span> <span class='ocrx_word' id='word_1_214' title='bbox 1299 1607 1397 1678; x_wconf 83' lang='grc' dir='ltr'>ταύτης</span> <span class='ocrx_word' id='word_1_215' title='bbox 1410 1609 1454 1667; x_wconf 83' lang='grc' dir='ltr'>καί</span> <span class='ocrx_word' id='word_1_216' title='bbox 1465 1608 1589 1680; x_wconf 79' lang='grc' dir='ltr'>ἀνηκοΐας</span> 
     </span>
     <span class='ocr_line' id='line_1_15' title="bbox 9 1691 1591 1774; baseline 0.003 -24"><span class='ocrx_word' id='word_1_217' title='bbox 9 1692 273 1772; x_wconf 77' lang='grc' dir='ltr'>καλ·τθπαρ”ἐαυτῶν</span> <span class='ocrx_word' id='word_1_218' title='bbox 287 1692 362 1769; x_wconf 76' lang='grc' dir='ltr'>ὄμμα</span> <span class='ocrx_word' id='word_1_219' title='bbox 376 1691 439 1771; x_wconf 71' lang='grc' dir='ltr'>πρὸς</span> <span class='ocrx_word' id='word_1_220' title='bbox 454 1693 514 1752; x_wconf 81' lang='grc' dir='ltr'>θέαν</span> <span class='ocrx_word' id='word_1_221' title='bbox 528 1699 573 1751; x_wconf 79' lang='grc' dir='ltr'>τοῦ</span> <span class='ocrx_word' id='word_1_222' title='bbox 593 1694 771 1774; x_wconf 85' lang='grc' dir='ltr'>δεικνυμί-</span> <span class='ocrx_word' id='word_1_223' title='bbox 816 1691 936 1773; x_wconf 79' lang='grc' dir='ltr'>ήλυγρδ</span> <span class='ocrx_word' id='word_1_224' title='bbox 954 1691 1024 1771; x_wconf 85' lang='grc' dir='ltr'>ίρις,</span> <span class='ocrx_word' id='word_1_225' title='bbox 1049 1691 1197 1773; x_wconf 78' lang='grc' dir='ltr'>αὐθαίρετος</span> <span class='ocrx_word' id='word_1_226' title='bbox 1214 1715 1280 1752; x_wconf 87' lang='grc' dir='ltr'>ουσα</span> <span class='ocrx_word' id='word_1_227' title='bbox 1297 1694 1402 1773; x_wconf 77' lang='grc' dir='ltr'>βλάάη,</span> <span class='ocrx_word' id='word_1_228' title='bbox 1429 1695 1462 1766; x_wconf 82' lang='grc' dir='ltr'>ήν</span> <span class='ocrx_word' id='word_1_229' title='bbox 1493 1697 1524 1754; x_wconf 90' lang='grc' dir='ltr'>ού</span> <span class='ocrx_word' id='word_1_230' title='bbox 1552 1695 1591 1754; x_wconf 85' lang='grc' dir='ltr'>δεῖ</span> 
     </span>
     <span class='ocr_line' id='line_1_16' title="bbox 9 1779 1587 1860; baseline 0 -21"><span class='ocrx_word' id='word_1_231' title='bbox 9 1803 57 1839; x_wconf 91' lang='grc' dir='ltr'>νου</span> <span class='ocrx_word' id='word_1_232' title='bbox 67 1780 108 1838; x_wconf 84' lang='grc' dir='ltr'>καί</span> <span class='ocrx_word' id='word_1_233' title='bbox 121 1780 256 1859; x_wconf 79' lang='grc' dir='ltr'>ὑποδοχὴν</span> <span class='ocrx_word' id='word_1_234' title='bbox 271 1781 445 1841; x_wconf 84' lang='grc' dir='ltr'>ἀνατείνοσιν.</span> <span class='ocrx_word' id='word_1_235' title='bbox 498 1782 557 1840; x_wconf 69' lang='lat' dir='ltr'>otu</span> <span class='ocrx_word' id='word_1_236' title='bbox 571 1781 622 1860; x_wconf 81' lang='grc' dir='ltr'>ἀρα</span> <span class='ocrx_word' id='word_1_237' title='bbox 636 1781 713 1849; x_wconf 84' lang='grc' dir='ltr'>αύτδς</span> <span class='ocrx_word' id='word_1_238' title='bbox 725 1781 768 1840; x_wconf 82' lang='grc' dir='ltr'>ἀί·</span> <span class='ocrx_word' id='word_1_239' title='bbox 815 1781 938 1858; x_wconf 77' lang='grc' dir='ltr'>προάγειν</span> <span class='ocrx_word' id='word_1_240' title='bbox 955 1780 998 1838; x_wconf 77' lang='lat' dir='ltr'><strong>tut</strong></span> <span class='ocrx_word' id='word_1_241' title='bbox 1010 1784 1111 1852; x_wconf 86' lang='grc' dir='ltr'>πλεῖον,</span> <span class='ocrx_word' id='word_1_242' title='bbox 1135 1780 1237 1840; x_wconf 85' lang='grc' dir='ltr'>εἴκοντα</span> <span class='ocrx_word' id='word_1_243' title='bbox 1259 1779 1287 1838; x_wconf 76' lang='grc' dir='ltr'>δὲ</span> <span class='ocrx_word' id='word_1_244' title='bbox 1312 1781 1413 1859; x_wconf 79' lang='grc' dir='ltr'>φεύγειν</span> <span class='ocrx_word' id='word_1_245' title='bbox 1427 1779 1474 1838; x_wconf 83' lang='grc' dir='ltr'>ἀπ’</span> <span class='ocrx_word' id='word_1_246' title='bbox 1495 1781 1587 1852; x_wconf 74' lang='grc' dir='ltr'>αὐτῆς,</span> 
     </span>
     <span class='ocr_line' id='line_1_17' title="bbox 9 1865 1590 1946; baseline 0 -22"><span class='ocrx_word' id='word_1_247' title='bbox 9 1873 102 1933; x_wconf 79' lang='grc' dir='ltr'>τιοςτού</span> <span class='ocrx_word' id='word_1_248' title='bbox 113 1867 149 1944; x_wconf 86' lang='grc' dir='ltr'>μή</span> <span class='ocrx_word' id='word_1_249' title='bbox 163 1875 208 1926; x_wconf 76' lang='grc' dir='ltr'>πά</span> <span class='ocrx_word' id='word_1_250' title='bbox 221 1890 256 1925; x_wconf 92' lang='grc' dir='ltr'>σε</span> <span class='ocrx_word' id='word_1_251' title='bbox 267 1869 388 1945; x_wconf 75' lang='grc' dir='ltr'>δεῖξαι,</span> <span class='ocrx_word' id='word_1_252' title='bbox 400 1866 458 1926; x_wconf 84' lang='grc' dir='ltr'>ἀλλ’</span> <span class='ocrx_word' id='word_1_253' title='bbox 472 1869 495 1926; x_wconf 80' lang='lat' dir='ltr'>oi</span> <span class='ocrx_word' id='word_1_254' title='bbox 506 1870 558 1926; x_wconf 90' lang='grc' dir='ltr'>τῶν</span> <span class='ocrx_word' id='word_1_255' title='bbox 573 1869 676 1946; x_wconf 81' lang='grc' dir='ltr'>ἀγαθῶν</span> <span class='ocrx_word' id='word_1_256' title='bbox 691 1867 772 1936; x_wconf 84' lang='grc' dir='ltr'>πελας</span> <span class='ocrx_word' id='word_1_257' title='bbox 817 1868 861 1926; x_wconf 83' lang='grc' dir='ltr'>καὶ</span> <span class='ocrx_word' id='word_1_258' title='bbox 882 1868 930 1938; x_wconf 79' lang='grc' dir='ltr'>τήν</span> <span class='ocrx_word' id='word_1_259' title='bbox 949 1871 1002 1926; x_wconf 90' lang='grc' dir='ltr'>τῶν</span> <span class='ocrx_word' id='word_1_260' title='bbox 1021 1871 1133 1927; x_wconf 88' lang='grc' dir='ltr'>κακῶν</span> <span class='ocrx_word' id='word_1_261' title='bbox 1150 1867 1241 1928; x_wconf 88' lang='grc' dir='ltr'>λύσιν</span> <span class='ocrx_word' id='word_1_262' title='bbox 1261 1866 1393 1939; x_wconf 73' lang='grc' dir='ltr'>συνιίναις</span> <span class='ocrx_word' id='word_1_263' title='bbox 1418 1867 1462 1926; x_wconf 81' lang='grc' dir='ltr'>καί</span> <span class='ocrx_word' id='word_1_264' title='bbox 1482 1865 1529 1938; x_wconf 82' lang='grc' dir='ltr'>τήν</span> <span class='ocrx_word' id='word_1_265' title='bbox 1553 1869 1590 1936; x_wconf 83' lang='grc' dir='ltr'>είς</span> 
     </span>
     <span class='ocr_line' id='line_1_18' title="bbox 10 1951 1589 2036; baseline -0.001 -24"><span class='ocrx_word' id='word_1_266' title='bbox 10 1955 77 2012; x_wconf 76' lang='grc' dir='ltr'>ὄντων</span> <span class='ocrx_word' id='word_1_267' title='bbox 90 1952 141 2012; x_wconf 77' lang='grc' dir='ltr'>οὔτ’</span> <span class='ocrx_word' id='word_1_268' title='bbox 161 1955 321 2034; x_wconf 82' lang='grc' dir='ltr'>ἀσορῶντες,</span> <span class='ocrx_word' id='word_1_269' title='bbox 347 1951 405 2012; x_wconf 87' lang='grc' dir='ltr'>ούτε</span> <span class='ocrx_word' id='word_1_270' title='bbox 419 1951 559 2031; x_wconf 85' lang='grc' dir='ltr'>κλύοντες,</span> <span class='ocrx_word' id='word_1_271' title='bbox 576 1954 621 2013; x_wconf 81' lang='grc' dir='ltr'>καί</span> <span class='ocrx_word' id='word_1_272' title='bbox 640 1953 683 2012; x_wconf 88' lang='grc' dir='ltr'>δεδι</span> <span class='ocrx_word' id='word_1_273' title='bbox 701 1957 770 2013; x_wconf 80' lang='grc' dir='ltr'>τοῦτ’</span> <span class='ocrx_word' id='word_1_274' title='bbox 816 1954 872 2013; x_wconf 85' lang='grc' dir='ltr'>θεδν</span> <span class='ocrx_word' id='word_1_275' title='bbox 894 1953 1051 2036; x_wconf 72' lang='grc' dir='ltr'>ἐπιστροφήν</span> <span class='ocrx_word' id='word_1_276' title='bbox 1067 1952 1229 2035; x_wconf 77' lang='grc' dir='ltr'>ἐξευρίσκειν.</span> <span class='ocrx_word' id='word_1_277' title='bbox 1270 1953 1412 2034; x_wconf 83' lang='grc' dir='ltr'>Ούτωγάρ</span> <span class='ocrx_word' id='word_1_278' title='bbox 1428 1957 1445 2024; x_wconf 86' lang='grc' dir='ltr'>ή</span> <span class='ocrx_word' id='word_1_279' title='bbox 1459 1953 1530 2032; x_wconf 74' lang='grc' dir='ltr'>πορθ</span> <span class='ocrx_word' id='word_1_280' title='bbox 1544 1959 1589 2012; x_wconf 82' lang='grc' dir='ltr'>τοῦ</span> 
     </span>
     <span class='ocr_line' id='line_1_19' title="bbox 11 2030 1590 2121; baseline 0.001 -23"><span class='ocrx_word' id='word_1_281' title='bbox 11 2041 134 2117; x_wconf 76' lang='grc' dir='ltr'>αὐθαίρετα</span> <span class='ocrx_word' id='word_1_282' title='bbox 158 2039 264 2116; x_wconf 87' lang='grc' dir='ltr'>πήματ’</span> <span class='ocrx_word' id='word_1_283' title='bbox 279 2039 346 2118; x_wconf 77' lang='grc' dir='ltr'>ἔχειν</span> <span class='ocrx_word' id='word_1_284' title='bbox 366 2039 511 2117; x_wconf 84' lang='grc' dir='ltr'>λεγόμενοι.</span> <span class='ocrx_word' id='word_1_285' title='bbox 562 2039 642 2099; x_wconf 70' lang='lat' dir='ltr'><strong>dirior</strong></span> <span class='ocrx_word' id='word_1_286' title='bbox 661 2030 704 2097; x_wconf 80' lang='grc' dir='ltr'>σύν</span> <span class='ocrx_word' id='word_1_287' title='bbox 726 2045 770 2098; x_wconf 78' lang='grc' dir='ltr'>τοῦ</span> <span class='ocrx_word' id='word_1_288' title='bbox 817 2045 873 2100; x_wconf 81' lang='grc' dir='ltr'>θεοῦ</span> <span class='ocrx_word' id='word_1_289' title='bbox 884 2042 1029 2121; x_wconf 79' lang='grc' dir='ltr'>ἔλλαμψις,</span> <span class='ocrx_word' id='word_1_290' title='bbox 1045 2044 1092 2112; x_wconf 82' lang='grc' dir='ltr'>τῆς</span> <span class='ocrx_word' id='word_1_291' title='bbox 1105 2043 1166 2121; x_wconf 82' lang='grc' dir='ltr'>παρ’</span> <span class='ocrx_word' id='word_1_292' title='bbox 1179 2045 1255 2116; x_wconf 79' lang='grc' dir='ltr'>ἡμῶν</span> <span class='ocrx_word' id='word_1_293' title='bbox 1269 2039 1383 2120; x_wconf 89' lang='grc' dir='ltr'>θράσεως</span> <span class='ocrx_word' id='word_1_294' title='bbox 1401 2042 1468 2121; x_wconf 79' lang='grc' dir='ltr'>αὐτῇ</span> <span class='ocrx_word' id='word_1_295' title='bbox 1482 2063 1590 2120; x_wconf 84' lang='grc' dir='ltr'>συντρε-</span> 
     </span>
     <span class='ocr_line' id='line_1_20' title="bbox 11 2121 1588 2206; baseline 0 -23"><span class='ocrx_word' id='word_1_296' title='bbox 11 2127 127 2200; x_wconf 69' lang='grc' dir='ltr'>ἑλομένου·</span> <span class='ocrx_word' id='word_1_297' title='bbox 146 2126 202 2192; x_wconf 82' lang='grc' dir='ltr'>θεὸς</span> <span class='ocrx_word' id='word_1_298' title='bbox 225 2125 254 2184; x_wconf 75' lang='grc' dir='ltr'>δὲ</span> <span class='ocrx_word' id='word_1_299' title='bbox 276 2129 386 2192; x_wconf 87' lang='grc' dir='ltr'>κακῶν</span> <span class='ocrx_word' id='word_1_300' title='bbox 418 2121 782 2206; x_wconf 51' lang='grc' dir='ltr'>άναίτιος,προλάμπων“</span> <span class='ocrx_word' id='word_1_301' title='bbox 815 2127 929 2206; x_wconf 74' lang='grc' dir='ltr'>χούαης,</span> <span class='ocrx_word' id='word_1_302' title='bbox 949 2126 1180 2205; x_wconf 82' lang='grc' dir='ltr'>δεῖξιςγίνετοιν.</span> <span class='ocrx_word' id='word_1_303' title='bbox 1222 2123 1311 2205; x_wconf 88' lang='grc' dir='ltr'>Ἔργα</span> <span class='ocrx_word' id='word_1_304' title='bbox 1324 2124 1351 2184; x_wconf 78' lang='grc' dir='ltr'>δὲ</span> <span class='ocrx_word' id='word_1_305' title='bbox 1369 2123 1588 2199; x_wconf 76' lang='grc' dir='ltr'>τῆςδείξεως,</span> 
     </span>
     <span class='ocr_line' id='line_1_21' title="bbox 13 2211 1588 2294; baseline 0.003 -28"><span class='ocrx_word' id='word_1_306' title='bbox 13 2214 52 2284; x_wconf 71' lang='grc' dir='ltr'>μὲν</span> <span class='ocrx_word' id='word_1_307' title='bbox 64 2213 101 2270; x_wconf 77' lang='grc' dir='ltr'>ἀεὶ</span> <span class='ocrx_word' id='word_1_308' title='bbox 112 2211 144 2271; x_wconf 78' lang='grc' dir='ltr'>τά</span> <span class='ocrx_word' id='word_1_309' title='bbox 160 2211 248 2291; x_wconf 84' lang='grc' dir='ltr'>ἀγαθδι</span> <span class='ocrx_word' id='word_1_310' title='bbox 271 2221 357 2272; x_wconf 73' lang='grc' dir='ltr'>πᾶσι</span> <span class='ocrx_word' id='word_1_311' title='bbox 367 2237 396 2286; x_wconf 85' lang='grc' dir='ltr'>ν,</span> <span class='ocrx_word' id='word_1_312' title='bbox 415 2214 474 2272; x_wconf 80' lang='lat' dir='ltr'><strong>door</strong></span> <span class='ocrx_word' id='word_1_313' title='bbox 494 2214 532 2292; x_wconf 72' lang='grc' dir='ltr'>ἀφ’</span> <span class='ocrx_word' id='word_1_314' title='bbox 547 2215 648 2290; x_wconf 74' lang='grc' dir='ltr'>ἑαυτῷ,</span> <span class='ocrx_word' id='word_1_315' title='bbox 663 2213 692 2270; x_wconf 89' lang='grc' dir='ltr'>ού</span> <span class='ocrx_word' id='word_1_316' title='bbox 707 2214 771 2270; x_wconf 87' lang='grc' dir='ltr'>δει-</span> <span class='ocrx_word' id='word_1_317' title='bbox 818 2217 903 2294; x_wconf 75' lang='grc' dir='ltr'>ψυχης</span> <span class='ocrx_word' id='word_1_318' title='bbox 918 2212 1020 2286; x_wconf 84' lang='grc' dir='ltr'>άκεσις,</span> <span class='ocrx_word' id='word_1_319' title='bbox 1032 2213 1077 2272; x_wconf 86' lang='grc' dir='ltr'>καί</span> <span class='ocrx_word' id='word_1_320' title='bbox 1092 2213 1207 2292; x_wconf 86' lang='grc' dir='ltr'>σωτηρία</span> <span class='ocrx_word' id='word_1_321' title='bbox 1224 2213 1277 2270; x_wconf 69' lang='lat' dir='ltr'>unt</span> <span class='ocrx_word' id='word_1_322' title='bbox 1288 2216 1339 2271; x_wconf 91' lang='grc' dir='ltr'>τῶν</span> <span class='ocrx_word' id='word_1_323' title='bbox 1352 2213 1414 2292; x_wconf 78' lang='grc' dir='ltr'>τῇδε</span> <span class='ocrx_word' id='word_1_324' title='bbox 1432 2213 1526 2285; x_wconf 85' lang='grc' dir='ltr'>πόνων,</span> <span class='ocrx_word' id='word_1_325' title='bbox 1542 2213 1588 2271; x_wconf 82' lang='grc' dir='ltr'>καί</span> 
     </span>
     <span class='ocr_line' id='line_1_22' title="bbox 13 2298 1593 2378; baseline 0 -22"><span class='ocrx_word' id='word_1_326' title='bbox 13 2298 110 2364; x_wconf 67' lang='lat' dir='ltr'><strong>nutrit</strong></span> <span class='ocrx_word' id='word_1_327' title='bbox 125 2299 164 2356; x_wconf 76' lang='grc' dir='ltr'>ἀεὶ</span> <span class='ocrx_word' id='word_1_328' title='bbox 179 2299 494 2378; x_wconf 76' lang='grc' dir='ltr'>πᾶσιν,τῷτδθεωρθν</span> <span class='ocrx_word' id='word_1_329' title='bbox 508 2300 583 2376; x_wconf 85' lang='grc' dir='ltr'>ὄμμα</span> <span class='ocrx_word' id='word_1_330' title='bbox 598 2303 649 2357; x_wconf 89' lang='grc' dir='ltr'>τῶν</span> <span class='ocrx_word' id='word_1_331' title='bbox 662 2321 766 2378; x_wconf 88' lang='grc' dir='ltr'>προτει-</span> <span class='ocrx_word' id='word_1_332' title='bbox 818 2299 983 2372; x_wconf 85' lang='grc' dir='ltr'>συναίσθησες</span> <span class='ocrx_word' id='word_1_333' title='bbox 1005 2304 1056 2358; x_wconf 88' lang='grc' dir='ltr'>τῶν</span> <span class='ocrx_word' id='word_1_334' title='bbox 1084 2300 1156 2359; x_wconf 87' lang='grc' dir='ltr'>θείων</span> <span class='ocrx_word' id='word_1_335' title='bbox 1188 2303 1308 2378; x_wconf 86' lang='grc' dir='ltr'>ἀγαθῶν,</span> <span class='ocrx_word' id='word_1_336' title='bbox 1335 2298 1381 2357; x_wconf 85' lang='grc' dir='ltr'>καί</span> <span class='ocrx_word' id='word_1_337' title='bbox 1405 2298 1525 2357; x_wconf 90' lang='grc' dir='ltr'>κοινωνία</span> <span class='ocrx_word' id='word_1_338' title='bbox 1546 2302 1593 2370; x_wconf 83' lang='grc' dir='ltr'>τ’ής</span> 
     </span>
     <span class='ocr_line' id='line_1_23' title="bbox 14 2383 1589 2466; baseline 0.001 -25"><span class='ocrx_word' id='word_1_339' title='bbox 14 2385 112 2460; x_wconf 77' lang='grc' dir='ltr'>νομένων</span> <span class='ocrx_word' id='word_1_340' title='bbox 131 2388 236 2464; x_wconf 81' lang='grc' dir='ltr'>ἀγαθῶν</span> <span class='ocrx_word' id='word_1_341' title='bbox 260 2387 287 2444; x_wconf 75' lang='grc' dir='ltr'>ἀν</span> <span class='ocrx_word' id='word_1_342' title='bbox 311 2385 363 2451; x_wconf 85' lang='grc' dir='ltr'>τοῖς</span> <span class='ocrx_word' id='word_1_343' title='bbox 385 2386 516 2452; x_wconf 85' lang='grc' dir='ltr'>πλείστοις</span> <span class='ocrx_word' id='word_1_344' title='bbox 541 2383 703 2461; x_wconf 83' lang='grc' dir='ltr'>μεμυκίναι,</span> <span class='ocrx_word' id='word_1_345' title='bbox 725 2386 771 2443; x_wconf 85' lang='grc' dir='ltr'>καί</span> <span class='ocrx_word' id='word_1_346' title='bbox 817 2389 987 2465; x_wconf 76' lang='grc' dir='ltr'>πατρικῆς</span> <span class='ocrx_word' id='word_1_347' title='bbox 1009 2387 1152 2452; x_wconf 87' lang='grc' dir='ltr'>πολιτείας.</span> <span class='ocrx_word' id='word_1_348' title='bbox 1200 2389 1325 2446; x_wconf 85' lang='grc' dir='ltr'>Ἰὀσαῦτα</span> <span class='ocrx_word' id='word_1_349' title='bbox 1348 2385 1408 2464; x_wconf 82' lang='grc' dir='ltr'>περί</span> <span class='ocrx_word' id='word_1_350' title='bbox 1428 2387 1520 2466; x_wconf 77' lang='grc' dir='ltr'>ἀρετῆς</span> <span class='ocrx_word' id='word_1_351' title='bbox 1543 2385 1589 2443; x_wconf 80' lang='grc' dir='ltr'>καί</span> 
     </span>
     <span class='ocr_line' id='line_1_24' title="bbox 14 2470 1591 2553; baseline 0.001 -23"><span class='ocrx_word' id='word_1_352' title='bbox 14 2471 74 2530; x_wconf 80' lang='grc' dir='ltr'>κάτω</span> <span class='ocrx_word' id='word_1_353' title='bbox 94 2471 171 2529; x_wconf 83' lang='grc' dir='ltr'>νεύειν</span> <span class='ocrx_word' id='word_1_354' title='bbox 192 2470 306 2553; x_wconf 71' lang='grc' dir='ltr'>ἀσχολίᾳ</span> <span class='ocrx_word' id='word_1_355' title='bbox 328 2472 438 2550; x_wconf 82' lang='grc' dir='ltr'>τῇπρθς</span> <span class='ocrx_word' id='word_1_356' title='bbox 463 2471 496 2530; x_wconf 87' lang='grc' dir='ltr'>τδι</span> <span class='ocrx_word' id='word_1_357' title='bbox 518 2472 634 2551; x_wconf 79' lang='grc' dir='ltr'>χείρονα.</span> <span class='ocrx_word' id='word_1_358' title='bbox 686 2471 721 2534; x_wconf 87' lang='grc' dir='ltr'><em>Ἦ</em></span> <span class='ocrx_word' id='word_1_359' title='bbox 743 2473 771 2532; x_wconf 71' lang='grc' dir='ltr'>δὲ</span> <span class='ocrx_word' id='word_1_360' title='bbox 818 2473 941 2544; x_wconf 80' lang='grc' dir='ltr'>ἀληθείας</span> <span class='ocrx_word' id='word_1_361' title='bbox 956 2473 1100 2552; x_wconf 75' lang='grc' dir='ltr'>προειπών,</span> <span class='ocrx_word' id='word_1_362' title='bbox 1113 2473 1159 2530; x_wconf 80' lang='grc' dir='ltr'>καί</span> <span class='ocrx_word' id='word_1_363' title='bbox 1170 2470 1203 2531; x_wconf 78' lang='grc' dir='ltr'>τά</span> <span class='ocrx_word' id='word_1_364' title='bbox 1219 2473 1267 2549; x_wconf 73' lang='grc' dir='ltr'>μὲν</span> <span class='ocrx_word' id='word_1_365' title='bbox 1280 2476 1327 2543; x_wconf 82' lang='grc' dir='ltr'>τ’ής</span> <span class='ocrx_word' id='word_1_366' title='bbox 1337 2474 1430 2552; x_wconf 80' lang='grc' dir='ltr'>ἀρετῆς</span> <span class='ocrx_word' id='word_1_367' title='bbox 1441 2473 1591 2552; x_wconf 71' lang='grc' dir='ltr'>παραγγέλ-</span> 
     </span>
     <span class='ocr_line' id='line_1_25' title="bbox 13 2555 1588 2638; baseline 0 -24"><span class='ocrx_word' id='word_1_368' title='bbox 13 2557 105 2628; x_wconf 76' lang='grc' dir='ltr'>τοιαύτη</span> <span class='ocrx_word' id='word_1_369' title='bbox 115 2561 165 2616; x_wconf 89' lang='grc' dir='ltr'>τῶν</span> <span class='ocrx_word' id='word_1_370' title='bbox 178 2557 358 2637; x_wconf 75' lang='grc' dir='ltr'>προκειμένων</span> <span class='ocrx_word' id='word_1_371' title='bbox 369 2561 438 2618; x_wconf 77' lang='grc' dir='ltr'>ἐπῶν</span> <span class='ocrx_word' id='word_1_372' title='bbox 454 2559 574 2634; x_wconf 78' lang='grc' dir='ltr'>ἐξήγησις</span> <span class='ocrx_word' id='word_1_373' title='bbox 588 2560 633 2617; x_wconf 86' lang='grc' dir='ltr'>καί</span> <span class='ocrx_word' id='word_1_374' title='bbox 647 2559 710 2637; x_wconf 87' lang='grc' dir='ltr'>πρδς</span> <span class='ocrx_word' id='word_1_375' title='bbox 722 2558 770 2630; x_wconf 73' lang='grc' dir='ltr'>τήν</span> <span class='ocrx_word' id='word_1_376' title='bbox 820 2583 891 2638; x_wconf 83' lang='grc' dir='ltr'>ματα</span> <span class='ocrx_word' id='word_1_377' title='bbox 906 2563 941 2626; x_wconf 84' lang='grc' dir='ltr'>είς</span> <span class='ocrx_word' id='word_1_378' title='bbox 953 2560 997 2618; x_wconf 83' lang='grc' dir='ltr'>τὸν</span> <span class='ocrx_word' id='word_1_379' title='bbox 1008 2561 1153 2638; x_wconf 86' lang='grc' dir='ltr'>νυκτιρινδν</span> <span class='ocrx_word' id='word_1_380' title='bbox 1172 2561 1298 2637; x_wconf 89' lang='grc' dir='ltr'>σύλλογον</span> <span class='ocrx_word' id='word_1_381' title='bbox 1308 2557 1478 2632; x_wconf 86' lang='grc' dir='ltr'>περατάνσας,</span> <span class='ocrx_word' id='word_1_382' title='bbox 1497 2555 1545 2622; x_wconf 81' lang='grc' dir='ltr'>τάς</span> <span class='ocrx_word' id='word_1_383' title='bbox 1560 2555 1588 2614; x_wconf 72' lang='lat' dir='ltr'><strong>it</strong></span> 
     </span>
     <span class='ocr_line' id='line_1_26' title="bbox 15 2643 1591 2727; baseline 0.001 -29"><span class='ocrx_word' id='word_1_384' title='bbox 15 2645 121 2712; x_wconf 83' lang='grc' dir='ltr'>ἀλήθειαν</span> <span class='ocrx_word' id='word_1_385' title='bbox 134 2643 213 2716; x_wconf 81' lang='grc' dir='ltr'>αὐτήν</span> <span class='ocrx_word' id='word_1_386' title='bbox 229 2654 378 2727; x_wconf 86' lang='grc' dir='ltr'>συμφωνεῖ,</span> <span class='ocrx_word' id='word_1_387' title='bbox 392 2646 437 2704; x_wconf 85' lang='grc' dir='ltr'>κοιλ</span> <span class='ocrx_word' id='word_1_388' title='bbox 451 2645 512 2724; x_wconf 75' lang='grc' dir='ltr'>πρὸς</span> <span class='ocrx_word' id='word_1_389' title='bbox 525 2644 571 2716; x_wconf 82' lang='grc' dir='ltr'>τήν</span> <span class='ocrx_word' id='word_1_390' title='bbox 586 2651 637 2705; x_wconf 86' lang='grc' dir='ltr'>τῶν</span> <span class='ocrx_word' id='word_1_391' title='bbox 648 2649 770 2724; x_wconf 86' lang='grc' dir='ltr'>ύπερκει·</span> <span class='ocrx_word' id='word_1_392' title='bbox 818 2651 864 2718; x_wconf 74' lang='grc' dir='ltr'>τῆς</span> <span class='ocrx_word' id='word_1_393' title='bbox 885 2647 1006 2718; x_wconf 83' lang='grc' dir='ltr'>ἀληθείας</span> <span class='ocrx_word' id='word_1_394' title='bbox 1020 2648 1127 2714; x_wconf 73' lang='grc' dir='ltr'>ἐλπίδας</span> <span class='ocrx_word' id='word_1_395' title='bbox 1140 2646 1187 2714; x_wconf 66' lang='lat' dir='ltr'>tun</span> <span class='ocrx_word' id='word_1_396' title='bbox 1204 2651 1252 2718; x_wconf 70' lang='grc' dir='ltr'>τῆς</span> <span class='ocrx_word' id='word_1_397' title='bbox 1268 2645 1381 2711; x_wconf 85' lang='grc' dir='ltr'>ἀκίσευις</span> <span class='ocrx_word' id='word_1_398' title='bbox 1400 2644 1445 2703; x_wconf 84' lang='grc' dir='ltr'>καί</span> <span class='ocrx_word' id='word_1_399' title='bbox 1461 2643 1591 2720; x_wconf 84' lang='grc' dir='ltr'>σωτηρίας</span> 
     </span>
     <span class='ocr_line' id='line_1_27' title="bbox 16 2729 1590 2814; baseline -0.001 -28"><span class='ocrx_word' id='word_1_400' title='bbox 16 2731 84 2804; x_wconf 85' lang='grc' dir='ltr'>με’νων</span> <span class='ocrx_word' id='word_1_401' title='bbox 96 2733 160 2788; x_wconf 78' lang='grc' dir='ltr'>ἐπῶν</span> <span class='ocrx_word' id='word_1_402' title='bbox 180 2731 308 2790; x_wconf 85' lang='grc' dir='ltr'>διάνοιαν.</span> <span class='ocrx_word' id='word_1_403' title='bbox 359 2734 392 2792; x_wconf 77' lang='lat' dir='ltr'>Et</span> <span class='ocrx_word' id='word_1_404' title='bbox 405 2730 456 2809; x_wconf 78' lang='grc' dir='ltr'>γάρ</span> <span class='ocrx_word' id='word_1_405' title='bbox 471 2733 513 2790; x_wconf 79' lang='lat' dir='ltr'>lut</span> <span class='ocrx_word' id='word_1_406' title='bbox 532 2735 570 2812; x_wconf 83' lang='grc' dir='ltr'>τῷ</span> <span class='ocrx_word' id='word_1_407' title='bbox 584 2736 633 2811; x_wconf 81' lang='grc' dir='ltr'>θεῷ</span> <span class='ocrx_word' id='word_1_408' title='bbox 646 2734 715 2791; x_wconf 81' lang='grc' dir='ltr'>ἀστιν</span> <span class='ocrx_word' id='word_1_409' title='bbox 729 2735 772 2791; x_wconf 73' lang='lat' dir='ltr'><strong>ti·</strong></span> <span class='ocrx_word' id='word_1_410' title='bbox 818 2739 865 2804; x_wconf 75' lang='grc' dir='ltr'>τῆς</span> <span class='ocrx_word' id='word_1_411' title='bbox 877 2737 963 2814; x_wconf 67' lang='grc' dir='ltr'>ψυχῆς</span> <span class='ocrx_word' id='word_1_412' title='bbox 976 2735 1082 2813; x_wconf 79' lang='grc' dir='ltr'>ὁρίσας,</span> <span class='ocrx_word' id='word_1_413' title='bbox 1097 2734 1188 2810; x_wconf 83' lang='grc' dir='ltr'>ἀπάγει</span> <span class='ocrx_word' id='word_1_414' title='bbox 1204 2733 1237 2793; x_wconf 76' lang='grc' dir='ltr'>τά</span> <span class='ocrx_word' id='word_1_415' title='bbox 1248 2733 1308 2812; x_wconf 79' lang='grc' dir='ltr'>περὶ</span> <span class='ocrx_word' id='word_1_416' title='bbox 1323 2737 1369 2803; x_wconf 83' lang='grc' dir='ltr'>τῆς</span> <span class='ocrx_word' id='word_1_417' title='bbox 1384 2735 1430 2789; x_wconf 80' lang='grc' dir='ltr'>τοῦ</span> <span class='ocrx_word' id='word_1_418' title='bbox 1441 2729 1590 2807; x_wconf 82' lang='grc' dir='ltr'>αύγοειδοῦς</span> 
     </span>
     <span class='ocr_line' id='line_1_28' title="bbox 15 2814 1589 2901; baseline -0.001 -27"><span class='ocrx_word' id='word_1_419' title='bbox 15 2815 79 2874; x_wconf 84' lang='grc' dir='ltr'>κύσαι</span> <span class='ocrx_word' id='word_1_420' title='bbox 89 2816 147 2896; x_wconf 84' lang='grc' dir='ltr'>πρθς</span> <span class='ocrx_word' id='word_1_421' title='bbox 158 2816 205 2889; x_wconf 77' lang='grc' dir='ltr'>τήν</span> <span class='ocrx_word' id='word_1_422' title='bbox 220 2817 345 2889; x_wconf 86' lang='grc' dir='ltr'>ἀλήθειαν</span> <span class='ocrx_word' id='word_1_423' title='bbox 359 2817 417 2886; x_wconf 75' lang='grc' dir='ltr'>τοὺς</span> <span class='ocrx_word' id='word_1_424' title='bbox 430 2817 578 2896; x_wconf 85' lang='grc' dir='ltr'>ἀνθρώπους</span> <span class='ocrx_word' id='word_1_425' title='bbox 590 2819 636 2878; x_wconf 82' lang='grc' dir='ltr'>καί</span> <span class='ocrx_word' id='word_1_426' title='bbox 650 2820 771 2889; x_wconf 85' lang='grc' dir='ltr'>άκοντας,</span> <span class='ocrx_word' id='word_1_427' title='bbox 821 2821 996 2900; x_wconf 84' lang='grc' dir='ltr'>καθαρότητος</span> <span class='ocrx_word' id='word_1_428' title='bbox 1011 2825 1187 2901; x_wconf 79' lang='grc' dir='ltr'>πτερωτικῆς,</span> <span class='ocrx_word' id='word_1_429' title='bbox 1202 2819 1287 2899; x_wconf 88' lang='grc' dir='ltr'>τρίτον</span> <span class='ocrx_word' id='word_1_430' title='bbox 1302 2842 1327 2877; x_wconf 92' lang='grc' dir='ltr'>τι</span> <span class='ocrx_word' id='word_1_431' title='bbox 1345 2817 1496 2899; x_wconf 87' lang='grc' dir='ltr'>φιλοσοφίας</span> <span class='ocrx_word' id='word_1_432' title='bbox 1516 2814 1589 2892; x_wconf 83' lang='grc' dir='ltr'>γίνος</span> 
     </span>
     <span class='ocr_line' id='line_1_29' title="bbox 16 2903 1279 2986; baseline 0.002 -26"><span class='ocrx_word' id='word_1_433' title='bbox 16 2903 36 2960; x_wconf 84' lang='grc' dir='ltr'>τί</span> <span class='ocrx_word' id='word_1_434' title='bbox 46 2903 171 2982; x_wconf 85' lang='grc' dir='ltr'>αὐθαίρετα</span> <span class='ocrx_word' id='word_1_435' title='bbox 187 2904 296 2980; x_wconf 87' lang='grc' dir='ltr'>πήματ’</span> <span class='ocrx_word' id='word_1_436' title='bbox 310 2903 379 2984; x_wconf 72' lang='grc' dir='ltr'>ἔχειν</span> <span class='ocrx_word' id='word_1_437' title='bbox 404 2907 488 2970; x_wconf 80' lang='grc' dir='ltr'>αύτοῖς</span> <span class='ocrx_word' id='word_1_438' title='bbox 510 2906 721 2983; x_wconf 71' lang='grc' dir='ltr'>ἐπεγκαλοῶμενς</span> <span class='ocrx_word' id='word_1_439' title='bbox 742 2903 770 2962; x_wconf 89' lang='grc' dir='ltr'>τί</span> <span class='ocrx_word' id='word_1_440' title='bbox 818 2908 998 2976; x_wconf 78' lang='grc' dir='ltr'>δπισυνάπτων</span> <span class='ocrx_word' id='word_1_441' title='bbox 1012 2907 1064 2974; x_wconf 79' lang='grc' dir='ltr'>τοῖς</span> <span class='ocrx_word' id='word_1_442' title='bbox 1073 2904 1279 2986; x_wconf 87' lang='grc' dir='ltr'>προειρημίνοις.</span> 
     </span>
    </p>

    <p class='ocr_par' dir='ltr' id='par_1_4' title="bbox 17 2989 771 3072">
     <span class='ocr_line' id='line_1_30' title="bbox 17 2989 771 3072; baseline 0.007 -27"><span class='ocrx_word' id='word_1_443' title='bbox 17 2989 38 3046; x_wconf 80' lang='grc' dir='ltr'>δὲ</span> <span class='ocrx_word' id='word_1_444' title='bbox 57 2990 256 3070; x_wconf 81' lang='grc' dir='ltr'>ανμίωλεύομιν</span> <span class='ocrx_word' id='word_1_445' title='bbox 269 2995 304 3058; x_wconf 84' lang='grc' dir='ltr'>ῶς</span> <span class='ocrx_word' id='word_1_446' title='bbox 317 2993 363 3062; x_wconf 79' lang='grc' dir='ltr'>τήν</span> <span class='ocrx_word' id='word_1_447' title='bbox 383 2991 437 3072; x_wconf 76' lang='grc' dir='ltr'>ἔριν</span> <span class='ocrx_word' id='word_1_448' title='bbox 457 2992 487 3050; x_wconf 86' lang='grc' dir='ltr'>ού</span> <span class='ocrx_word' id='word_1_449' title='bbox 507 2993 547 3050; x_wconf 86' lang='grc' dir='ltr'>δεῖ</span> <span class='ocrx_word' id='word_1_450' title='bbox 562 2991 719 3071; x_wconf 85' lang='grc' dir='ltr'>προσάγειν,</span> <span class='ocrx_word' id='word_1_451' title='bbox 733 2991 771 3050; x_wconf 83' lang='grc' dir='ltr'>εί·</span> 
     </span>
    </p>

    <p class='ocr_par' dir='ltr' id='par_1_5' title="bbox 17 3157 1655 5305">
     <span class='ocr_line' id='line_1_31' title="bbox 17 3157 1592 3236; baseline 0.001 -24"><span class='ocrx_word' id='word_1_452' title='bbox 17 3157 57 3229; x_wconf 87' lang='lat' dir='ltr'>qui</span> <span class='ocrx_word' id='word_1_453' title='bbox 68 3175 115 3232; x_wconf 90' lang='lat' dir='ltr'>per</span> <span class='ocrx_word' id='word_1_454' title='bbox 128 3175 157 3215; x_wconf 84' lang='lat' dir='ltr'><strong>se</strong></span> <span class='ocrx_word' id='word_1_455' title='bbox 169 3159 204 3216; x_wconf 93' lang='lat' dir='ltr'>ad</span> <span class='ocrx_word' id='word_1_456' title='bbox 219 3162 355 3216; x_wconf 76' lang='lat' dir='ltr'><strong>rnnhram</strong></span> <span class='ocrx_word' id='word_1_457' title='bbox 366 3158 555 3215; x_wconf 78' lang='lat' dir='ltr'><em>liberationem</em></span> <span class='ocrx_word' id='word_1_458' title='bbox 566 3157 693 3236; x_wconf 76' lang='lat' dir='ltr'>prompti</span> <span class='ocrx_word' id='word_1_459' title='bbox 705 3171 772 3216; x_wconf 90' lang='lat' dir='ltr'><strong>sunt</strong></span> <span class='ocrx_word' id='word_1_460' title='bbox 817 3159 890 3216; x_wconf 81' lang='lat' dir='ltr'>nihil</span> <span class='ocrx_word' id='word_1_461' title='bbox 906 3169 946 3216; x_wconf 81' lang='lat' dir='ltr'><strong>&#39;ex</strong></span> <span class='ocrx_word' id='word_1_462' title='bbox 960 3158 1046 3218; x_wconf 86' lang='lat' dir='ltr'><strong>nobis</strong></span> <span class='ocrx_word' id='word_1_463' title='bbox 1067 3159 1257 3217; x_wconf 78' lang='lat' dir='ltr'><strong>conferentes.</strong></span> <span class='ocrx_word' id='word_1_464' title='bbox 1280 3157 1367 3233; x_wconf 71' lang='lat' dir='ltr'><strong>Atqui</strong></span> <span class='ocrx_word' id='word_1_465' title='bbox 1386 3158 1429 3214; x_wconf 90' lang='lat' dir='ltr'>sio</span> <span class='ocrx_word' id='word_1_466' title='bbox 1453 3157 1592 3214; x_wconf 89' lang='lat' dir='ltr'><strong>maiorum</strong></span> 
     </span>
     <span class='ocr_line' id='line_1_32' title="bbox 17 3241 1595 3322; baseline 0.002 -26"><span class='ocrx_word' id='word_1_467' title='bbox 17 3253 39 3296; x_wconf 87' lang='lat' dir='ltr'><strong>et</strong></span> <span class='ocrx_word' id='word_1_468' title='bbox 48 3243 134 3300; x_wconf 85' lang='lat' dir='ltr'><strong>oculos</strong></span> <span class='ocrx_word' id='word_1_469' title='bbox 147 3263 213 3303; x_wconf 87' lang='lat' dir='ltr'><strong>suos</strong></span> <span class='ocrx_word' id='word_1_470' title='bbox 226 3245 263 3302; x_wconf 89' lang='lat' dir='ltr'>ad</span> <span class='ocrx_word' id='word_1_471' title='bbox 277 3244 307 3302; x_wconf 94' lang='lat' dir='ltr'>id</span> <span class='ocrx_word' id='word_1_472' title='bbox 320 3244 399 3321; x_wconf 90' lang='lat' dir='ltr'><strong>quod</strong></span> <span class='ocrx_word' id='word_1_473' title='bbox 412 3248 562 3302; x_wconf 79' lang='lat' dir='ltr'><strong>ostenditur</strong></span> <span class='ocrx_word' id='word_1_474' title='bbox 573 3245 771 3322; x_wconf 79' lang='lat' dir='ltr'><strong>contemplari·</strong></span> <span class='ocrx_word' id='word_1_475' title='bbox 816 3244 993 3314; x_wconf 83' lang='lat' dir='ltr'><strong>facinorum,</strong></span> <span class='ocrx_word' id='word_1_476' title='bbox 1008 3265 1073 3321; x_wconf 89' lang='lat' dir='ltr'><strong>quae</strong></span> <span class='ocrx_word' id='word_1_477' title='bbox 1093 3246 1183 3320; x_wconf 75' lang='lat' dir='ltr'><strong>vulgo</strong></span> <span class='ocrx_word' id='word_1_478' title='bbox 1202 3256 1315 3322; x_wconf 81' lang='lat' dir='ltr'><strong>patrant</strong></span> <span class='ocrx_word' id='word_1_479' title='bbox 1337 3243 1485 3313; x_wconf 88' lang='lat' dir='ltr'><strong>homines,</strong></span> <span class='ocrx_word' id='word_1_480' title='bbox 1510 3241 1595 3318; x_wconf 87' lang='lat' dir='ltr'><strong>culpa</strong></span> 
     </span>
     <span class='ocr_line' id='line_1_33' title="bbox 18 3319 1592 3408; baseline 0.001 -28"><span class='ocrx_word' id='word_1_481' title='bbox 18 3325 73 3382; x_wconf 88' lang='lat' dir='ltr'>dum</span> <span class='ocrx_word' id='word_1_482' title='bbox 84 3341 109 3385; x_wconf 94' lang='lat' dir='ltr'><strong>et</strong></span> <span class='ocrx_word' id='word_1_483' title='bbox 120 3329 321 3408; x_wconf 86' lang='lat' dir='ltr'><strong>excipiendum</strong></span> <span class='ocrx_word' id='word_1_484' title='bbox 335 3329 497 3388; x_wconf 89' lang='lat' dir='ltr'><strong>intendunt.</strong></span> <span class='ocrx_word' id='word_1_485' title='bbox 513 3329 587 3403; x_wconf 79' lang='lat' dir='ltr'><strong>Ergo</strong></span> <span class='ocrx_word' id='word_1_486' title='bbox 597 3349 655 3388; x_wconf 92' lang='lat' dir='ltr'>non</span> <span class='ocrx_word' id='word_1_487' title='bbox 668 3330 772 3406; x_wconf 89' lang='lat' dir='ltr'><strong>ipsein</strong></span> <span class='ocrx_word' id='word_1_488' title='bbox 816 3319 889 3387; x_wconf 85' lang='lat' dir='ltr'><strong>Deo&#39;</strong></span> <span class='ocrx_word' id='word_1_489' title='bbox 900 3330 1083 3389; x_wconf 87' lang='lat' dir='ltr'><strong>attribuenda</strong></span> <span class='ocrx_word' id='word_1_490' title='bbox 1106 3343 1190 3388; x_wconf 89' lang='lat' dir='ltr'><strong>esset.</strong></span> <span class='ocrx_word' id='word_1_491' title='bbox 1215 3328 1325 3397; x_wconf 87' lang='lat' dir='ltr'><strong>Quodsi</strong></span> <span class='ocrx_word' id='word_1_492' title='bbox 1347 3327 1424 3384; x_wconf 72' lang='lat' dir='ltr'><strong>licus</strong></span> <span class='ocrx_word' id='word_1_493' title='bbox 1450 3327 1592 3384; x_wconf 86' lang='lat' dir='ltr'><strong>maiorum</strong></span> 
     </span>
     <span class='ocr_line' id='line_1_34' title="bbox 19 3413 1595 3492; baseline -0.001 -23"><span class='ocrx_word' id='word_1_494' title='bbox 19 3431 89 3472; x_wconf 85' lang='lat' dir='ltr'><strong>causa</strong></span> <span class='ocrx_word' id='word_1_495' title='bbox 103 3428 156 3486; x_wconf 87' lang='lat' dir='ltr'><strong>est,</strong></span> <span class='ocrx_word' id='word_1_496' title='bbox 171 3436 223 3474; x_wconf 90' lang='lat' dir='ltr'>cur</span> <span class='ocrx_word' id='word_1_497' title='bbox 238 3436 297 3474; x_wconf 86' lang='lat' dir='ltr'>non</span> <span class='ocrx_word' id='word_1_498' title='bbox 311 3415 448 3474; x_wconf 88' lang='lat' dir='ltr'><strong>omnibus</strong></span> <span class='ocrx_word' id='word_1_499' title='bbox 461 3415 607 3486; x_wconf 87' lang='lat' dir='ltr'><strong>ostendat,</strong></span> <span class='ocrx_word' id='word_1_500' title='bbox 623 3417 671 3474; x_wconf 89' lang='lat' dir='ltr'>sed</span> <span class='ocrx_word' id='word_1_501' title='bbox 687 3417 709 3474; x_wconf 92' lang='lat' dir='ltr'>ii</span> <span class='ocrx_word' id='word_1_502' title='bbox 722 3417 772 3491; x_wconf 89' lang='lat' dir='ltr'>qni</span> <span class='ocrx_word' id='word_1_503' title='bbox 816 3430 916 3474; x_wconf 79' lang='lat' dir='ltr'>auctor</span> <span class='ocrx_word' id='word_1_504' title='bbox 925 3431 1044 3486; x_wconf 83' lang='lat' dir='ltr'>nonest,</span> <span class='ocrx_word' id='word_1_505' title='bbox 1053 3415 1292 3492; x_wconf 78' lang='lat' dir='ltr'><strong>quemadmodum</strong></span> <span class='ocrx_word' id='word_1_506' title='bbox 1303 3427 1331 3469; x_wconf 92' lang='lat' dir='ltr'><strong>et</strong></span> <span class='ocrx_word' id='word_1_507' title='bbox 1340 3413 1483 3470; x_wconf 89' lang='lat' dir='ltr'><strong>dicituret</strong></span> <span class='ocrx_word' id='word_1_508' title='bbox 1493 3429 1595 3470; x_wconf 88' lang='lat' dir='ltr'><strong>revera</strong></span> 
     </span>
     <span class='ocr_line' id='line_1_35' title="bbox 19 3497 1594 3580; baseline 0.004 -29"><span class='ocrx_word' id='word_1_509' title='bbox 19 3497 100 3556; x_wconf 80' lang='lat' dir='ltr'><strong>vicina</strong></span> <span class='ocrx_word' id='word_1_510' title='bbox 111 3499 185 3560; x_wconf 90' lang='lat' dir='ltr'><strong>bona</strong></span> <span class='ocrx_word' id='word_1_511' title='bbox 194 3520 289 3577; x_wconf 86' lang='lat' dir='ltr'><strong>neque</strong></span> <span class='ocrx_word' id='word_1_512' title='bbox 300 3502 397 3560; x_wconf 85' lang='lat' dir='ltr'><strong>vident</strong></span> <span class='ocrx_word' id='word_1_513' title='bbox 411 3520 505 3576; x_wconf 86' lang='lat' dir='ltr'><strong>neque</strong></span> <span class='ocrx_word' id='word_1_514' title='bbox 518 3501 639 3558; x_wconf 87' lang='lat' dir='ltr'><strong>audiunt</strong></span> <span class='ocrx_word' id='word_1_515' title='bbox 650 3502 773 3577; x_wconf 89' lang='lat' dir='ltr'><strong>ideoque</strong></span> <span class='ocrx_word' id='word_1_516' title='bbox 816 3515 874 3572; x_wconf 91' lang='lat' dir='ltr'><strong>est,</strong></span> <span class='ocrx_word' id='word_1_517' title='bbox 888 3516 1006 3580; x_wconf 87' lang='lat' dir='ltr'><strong>apparet</strong></span> <span class='ocrx_word' id='word_1_518' title='bbox 1026 3504 1109 3559; x_wconf 90' lang='lat' dir='ltr'><strong>istius</strong></span> <span class='ocrx_word' id='word_1_519' title='bbox 1123 3521 1139 3557; x_wconf 88' lang='lat' dir='ltr'>a</span> <span class='ocrx_word' id='word_1_520' title='bbox 1153 3500 1240 3558; x_wconf 87' lang='lat' dir='ltr'><strong>bonis</strong></span> <span class='ocrx_word' id='word_1_521' title='bbox 1252 3499 1422 3557; x_wconf 85' lang='lat' dir='ltr'><strong>deiectionis</strong></span> <span class='ocrx_word' id='word_1_522' title='bbox 1435 3499 1547 3575; x_wconf 87' lang='lat' dir='ltr'><strong>culpam</strong></span> <span class='ocrx_word' id='word_1_523' title='bbox 1563 3498 1594 3558; x_wconf 89' lang='lat' dir='ltr'>in</span> 
     </span>
     <span class='ocr_line' id='line_1_36' title="bbox 20 3585 1595 3666; baseline 0.003 -29"><span class='ocrx_word' id='word_1_524' title='bbox 20 3585 159 3644; x_wconf 81' lang='lat' dir='ltr'><strong>voluntaria</strong></span> <span class='ocrx_word' id='word_1_525' title='bbox 170 3589 246 3646; x_wconf 87' lang='lat' dir='ltr'><strong>maia</strong></span> <span class='ocrx_word' id='word_1_526' title='bbox 260 3590 318 3666; x_wconf 86' lang='lat' dir='ltr'><strong>pati</strong></span> <span class='ocrx_word' id='word_1_527' title='bbox 332 3589 479 3647; x_wconf 89' lang='lat' dir='ltr'><strong>dicuntur.</strong></span> <span class='ocrx_word' id='word_1_528' title='bbox 500 3588 592 3665; x_wconf 84' lang='lat' dir='ltr'><strong>Culpa</strong></span> <span class='ocrx_word' id='word_1_529' title='bbox 605 3589 695 3662; x_wconf 78' lang='lat' dir='ltr'><strong>igitur</strong></span> <span class='ocrx_word' id='word_1_530' title='bbox 710 3589 773 3664; x_wconf 86' lang='lat' dir='ltr'><strong>ejus</strong></span> <span class='ocrx_word' id='word_1_531' title='bbox 817 3588 902 3646; x_wconf 88' lang='lat' dir='ltr'><strong>nubis</strong></span> <span class='ocrx_word' id='word_1_532' title='bbox 916 3607 995 3660; x_wconf 91' lang='lat' dir='ltr'><strong>esse,</strong></span> <span class='ocrx_word' id='word_1_533' title='bbox 1010 3588 1087 3664; x_wconf 92' lang='lat' dir='ltr'><strong>quod</strong></span> <span class='ocrx_word' id='word_1_534' title='bbox 1103 3605 1191 3664; x_wconf 89' lang='lat' dir='ltr'><strong>quum</strong></span> <span class='ocrx_word' id='word_1_535' title='bbox 1205 3587 1255 3644; x_wconf 86' lang='lat' dir='ltr'><strong>iiia</strong></span> <span class='ocrx_word' id='word_1_536' title='bbox 1269 3598 1371 3662; x_wconf 77' lang='lat' dir='ltr'><strong>praesto</strong></span> <span class='ocrx_word' id='word_1_537' title='bbox 1385 3585 1445 3643; x_wconf 89' lang='lat' dir='ltr'><strong>sint</strong></span> <span class='ocrx_word' id='word_1_538' title='bbox 1458 3597 1544 3661; x_wconf 87' lang='lat' dir='ltr'><strong>atque</strong></span> <span class='ocrx_word' id='word_1_539' title='bbox 1563 3586 1595 3642; x_wconf 91' lang='lat' dir='ltr'>in</span> 
     </span>
     <span class='ocr_line' id='line_1_37' title="bbox 20 3671 1597 3751; baseline 0.002 -25"><span class='ocrx_word' id='word_1_540' title='bbox 20 3674 109 3748; x_wconf 84' lang='lat' dir='ltr'><strong>estqui</strong></span> <span class='ocrx_word' id='word_1_541' title='bbox 122 3675 213 3750; x_wconf 79' lang='lat' dir='ltr'><strong>cligit3</strong></span> <span class='ocrx_word' id='word_1_542' title='bbox 228 3676 306 3734; x_wconf 87' lang='lat' dir='ltr'><strong>Deus</strong></span> <span class='ocrx_word' id='word_1_543' title='bbox 317 3689 410 3734; x_wconf 90' lang='lat' dir='ltr'><strong>autem</strong></span> <span class='ocrx_word' id='word_1_544' title='bbox 428 3679 561 3732; x_wconf 79' lang='lat' dir='ltr'><strong>rnolnmn</strong></span> <span class='ocrx_word' id='word_1_545' title='bbox 574 3675 659 3751; x_wconf 88' lang='lat' dir='ltr'><strong>culpa</strong></span> <span class='ocrx_word' id='word_1_546' title='bbox 671 3687 771 3746; x_wconf 83' lang='lat' dir='ltr'><strong>vacat,</strong></span> <span class='ocrx_word' id='word_1_547' title='bbox 817 3675 903 3733; x_wconf 83' lang='lat' dir='ltr'><strong>nobis</strong></span> <span class='ocrx_word' id='word_1_548' title='bbox 917 3675 1073 3733; x_wconf 83' lang='lat' dir='ltr'><strong>secundum</strong></span> <span class='ocrx_word' id='word_1_549' title='bbox 1095 3674 1196 3731; x_wconf 84' lang='lat' dir='ltr'><strong>insitas</strong></span> <span class='ocrx_word' id='word_1_550' title='bbox 1220 3673 1354 3729; x_wconf 88' lang='lat' dir='ltr'><strong>notiones</strong></span> <span class='ocrx_word' id='word_1_551' title='bbox 1376 3671 1486 3748; x_wconf 73' lang='lat' dir='ltr'><strong>ponta,</strong></span> <span class='ocrx_word' id='word_1_552' title='bbox 1502 3689 1597 3748; x_wconf 89' lang='lat' dir='ltr'><strong>neque</strong></span> 
     </span>
     <span class='ocr_line' id='line_1_38' title="bbox 21 3755 1596 3840; baseline 0.003 -28"><span class='ocrx_word' id='word_1_553' title='bbox 21 3755 142 3831; x_wconf 83' lang='lat' dir='ltr'><strong>efficiens,</strong></span> <span class='ocrx_word' id='word_1_554' title='bbox 156 3773 293 3837; x_wconf 90' lang='lat' dir='ltr'><strong>quantum</strong></span> <span class='ocrx_word' id='word_1_555' title='bbox 310 3762 341 3820; x_wconf 92' lang='lat' dir='ltr'>in</span> <span class='ocrx_word' id='word_1_556' title='bbox 355 3763 420 3840; x_wconf 87' lang='lat' dir='ltr'><strong>ipso</strong></span> <span class='ocrx_word' id='word_1_557' title='bbox 441 3775 497 3830; x_wconf 86' lang='lat' dir='ltr'><strong>est,</strong></span> <span class='ocrx_word' id='word_1_558' title='bbox 512 3774 543 3820; x_wconf 90' lang='lat' dir='ltr'><strong>ut</strong></span> <span class='ocrx_word' id='word_1_559' title='bbox 562 3760 639 3818; x_wconf 90' lang='lat' dir='ltr'><strong>bona</strong></span> <span class='ocrx_word' id='word_1_560' title='bbox 660 3779 774 3836; x_wconf 85' lang='lat' dir='ltr'><strong>semper</strong></span> <span class='ocrx_word' id='word_1_561' title='bbox 817 3763 951 3821; x_wconf 84' lang='lat' dir='ltr'><strong>videmus</strong></span> <span class='ocrx_word' id='word_1_562' title='bbox 964 3780 1058 3838; x_wconf 88' lang='lat' dir='ltr'><strong>neque</strong></span> <span class='ocrx_word' id='word_1_563' title='bbox 1071 3757 1372 3818; x_wconf 74' lang='lat' dir='ltr'><strong>audimus‘Caecitatis</strong></span> <span class='ocrx_word' id='word_1_564' title='bbox 1383 3776 1452 3815; x_wconf 87' lang='lat' dir='ltr'><strong>vero</strong></span> <span class='ocrx_word' id='word_1_565' title='bbox 1463 3756 1551 3834; x_wconf 87' lang='lat' dir='ltr'><strong>hujus</strong></span> <span class='ocrx_word' id='word_1_566' title='bbox 1562 3773 1596 3816; x_wconf 83' lang='lat' dir='ltr'>ae</span> 
     </span>
     <span class='ocr_line' id='line_1_39' title="bbox 21 3844 1593 3923; baseline 0.004 -28"><span class='ocrx_word' id='word_1_567' title='bbox 21 3845 326 3923; x_wconf 80' lang='lat' dir='ltr'><strong>ornnr&#39;buspraeiuceant,</strong></span> <span class='ocrx_word' id='word_1_568' title='bbox 340 3867 399 3904; x_wconf 92' lang='lat' dir='ltr'>non</span> <span class='ocrx_word' id='word_1_569' title='bbox 418 3850 563 3904; x_wconf 80' lang='lat' dir='ltr'><strong>ostendens</strong></span> <span class='ocrx_word' id='word_1_570' title='bbox 574 3865 644 3904; x_wconf 89' lang='lat' dir='ltr'><strong>vero</strong></span> <span class='ocrx_word' id='word_1_571' title='bbox 658 3865 772 3922; x_wconf 78' lang='lat' dir='ltr'><strong>semper</strong></span> <span class='ocrx_word' id='word_1_572' title='bbox 817 3850 968 3908; x_wconf 77' lang='lat' dir='ltr'><strong>surditatis</strong></span> <span class='ocrx_word' id='word_1_573' title='bbox 992 3865 1077 3905; x_wconf 89' lang='lat' dir='ltr'><strong>causa</strong></span> <span class='ocrx_word' id='word_1_574' title='bbox 1101 3858 1144 3904; x_wconf 91' lang='lat' dir='ltr'><strong>est</strong></span> <span class='ocrx_word' id='word_1_575' title='bbox 1168 3845 1331 3922; x_wconf 87' lang='lat' dir='ltr'><strong>perniciosa</strong></span> <span class='ocrx_word' id='word_1_576' title='bbox 1353 3844 1408 3901; x_wconf 87' lang='lat' dir='ltr'><strong>ista</strong></span> <span class='ocrx_word' id='word_1_577' title='bbox 1432 3845 1593 3915; x_wconf 89' lang='lat' dir='ltr'><strong>contentio,</strong></span> 
     </span>
     <span class='ocr_line' id='line_1_40' title="bbox 22 3929 1595 4010; baseline 0.003 -28"><span class='ocrx_word' id='word_1_578' title='bbox 22 3935 137 4000; x_wconf 81' lang='lat' dir='ltr'><strong>omnibns,</strong></span> <span class='ocrx_word' id='word_1_579' title='bbox 166 3935 303 4010; x_wconf 88' lang='lat' dir='ltr'><strong>quoniam</strong></span> <span class='ocrx_word' id='word_1_580' title='bbox 328 3935 519 4010; x_wconf 84' lang='lat' dir='ltr'><strong>plurimorum</strong></span> <span class='ocrx_word' id='word_1_581' title='bbox 544 3933 637 4002; x_wconf 90' lang='lat' dir='ltr'><strong>oculi,</strong></span> <span class='ocrx_word' id='word_1_582' title='bbox 665 3931 774 4008; x_wconf 79' lang='lat' dir='ltr'><strong>quibus</strong></span> <span class='ocrx_word' id='word_1_583' title='bbox 816 3937 980 3994; x_wconf 80' lang='lat' dir='ltr'><strong>voluntaria</strong></span> <span class='ocrx_word' id='word_1_584' title='bbox 991 3951 1170 4009; x_wconf 81' lang='lat' dir='ltr'><strong>noxa,quam</strong></span> <span class='ocrx_word' id='word_1_585' title='bbox 1184 3951 1242 3990; x_wconf 92' lang='lat' dir='ltr'>non</span> <span class='ocrx_word' id='word_1_586' title='bbox 1256 3930 1393 3988; x_wconf 87' lang='lat' dir='ltr'><strong>debemus</strong></span> <span class='ocrx_word' id='word_1_587' title='bbox 1405 3929 1595 4007; x_wconf 84' lang='lat' dir='ltr'><strong>provocando</strong></span> 
     </span>
     <span class='ocr_line' id='line_1_41' title="bbox 23 4011 1597 4098; baseline -0.001 -23"><span class='ocrx_word' id='word_1_588' title='bbox 23 4011 84 4072; x_wconf 76' lang='lat' dir='ltr'><strong>bona</strong></span> <span class='ocrx_word' id='word_1_589' title='bbox 96 4019 239 4094; x_wconf 86' lang='lat' dir='ltr'><strong>proposita</strong></span> <span class='ocrx_word' id='word_1_590' title='bbox 250 4017 440 4094; x_wconf 87' lang='lat' dir='ltr'><strong>contemplari</strong></span> <span class='ocrx_word' id='word_1_591' title='bbox 451 4030 583 4094; x_wconf 84' lang='lat' dir='ltr'><strong>possent,</strong></span> <span class='ocrx_word' id='word_1_592' title='bbox 598 4017 687 4074; x_wconf 90' lang='lat' dir='ltr'><strong>clausi</strong></span> <span class='ocrx_word' id='word_1_593' title='bbox 707 4030 775 4075; x_wconf 89' lang='lat' dir='ltr'><strong>sunt</strong></span> <span class='ocrx_word' id='word_1_594' title='bbox 818 4042 937 4098; x_wconf 72' lang='lat' dir='ltr'><strong>uergere,</strong></span> <span class='ocrx_word' id='word_1_595' title='bbox 956 4021 1004 4079; x_wconf 85' lang='lat' dir='ltr'>sed</span> <span class='ocrx_word' id='word_1_596' title='bbox 1025 4020 1152 4078; x_wconf 91' lang='lat' dir='ltr'><strong>cedendo</strong></span> <span class='ocrx_word' id='word_1_597' title='bbox 1170 4019 1275 4088; x_wconf 80' lang='lat' dir='ltr'><strong>vitare,</strong></span> <span class='ocrx_word' id='word_1_598' title='bbox 1291 4032 1319 4074; x_wconf 85' lang='lat' dir='ltr'><strong>et</strong></span> <span class='ocrx_word' id='word_1_599' title='bbox 1334 4017 1474 4075; x_wconf 87' lang='lat' dir='ltr'><strong>malorum</strong></span> <span class='ocrx_word' id='word_1_600' title='bbox 1489 4015 1597 4074; x_wconf 86' lang='lat' dir='ltr'><strong>libera·</strong></span> 
     </span>
     <span class='ocr_line' id='line_1_42' title="bbox 23 4099 1597 4180; baseline 0.006 -27"><span class='ocrx_word' id='word_1_601' title='bbox 23 4111 45 4154; x_wconf 85' lang='lat' dir='ltr'><strong>et</strong></span> <span class='ocrx_word' id='word_1_602' title='bbox 56 4099 174 4159; x_wconf 88' lang='lat' dir='ltr'><strong>deorsum</strong></span> <span class='ocrx_word' id='word_1_603' title='bbox 190 4105 346 4162; x_wconf 85' lang='lat' dir='ltr'><strong>flectuntur</strong></span> <span class='ocrx_word' id='word_1_604' title='bbox 365 4106 396 4161; x_wconf 93' lang='lat' dir='ltr'>in</span> <span class='ocrx_word' id='word_1_605' title='bbox 418 4104 613 4164; x_wconf 88' lang='lat' dir='ltr'><strong>deterioribus</strong></span> <span class='ocrx_word' id='word_1_606' title='bbox 629 4103 771 4179; x_wconf 88' lang='lat' dir='ltr'><strong>occupati.</strong></span> <span class='ocrx_word' id='word_1_607' title='bbox 818 4110 924 4167; x_wconf 89' lang='lat' dir='ltr'><strong>tionem</strong></span> <span class='ocrx_word' id='word_1_608' title='bbox 939 4109 1051 4166; x_wconf 84' lang='lat' dir='ltr'><strong>discere</strong></span> <span class='ocrx_word' id='word_1_609' title='bbox 1062 4119 1090 4164; x_wconf 90' lang='lat' dir='ltr'><strong>et</strong></span> <span class='ocrx_word' id='word_1_610' title='bbox 1102 4105 1224 4163; x_wconf 89' lang='lat' dir='ltr'><strong>reditum</strong></span> <span class='ocrx_word' id='word_1_611' title='bbox 1239 4104 1274 4161; x_wconf 91' lang='lat' dir='ltr'>ad</span> <span class='ocrx_word' id='word_1_612' title='bbox 1291 4104 1382 4161; x_wconf 80' lang='grc' dir='ltr'>ὓευννν</span> <span class='ocrx_word' id='word_1_613' title='bbox 1398 4103 1536 4180; x_wconf 86' lang='lat' dir='ltr'><strong>reperire.</strong></span> <span class='ocrx_word' id='word_1_614' title='bbox 1552 4101 1597 4162; x_wconf 81' lang='lat' dir='ltr'>lta</span> 
     </span>
     <span class='ocr_line' id='line_1_43' title="bbox 26 4179 1597 4268; baseline -0.004 -16"><span class='ocrx_word' id='word_1_615' title='bbox 26 4179 175 4259; x_wconf 74' lang='lat' dir='ltr'><strong>Huiusmodi</strong></span> <span class='ocrx_word' id='word_1_616' title='bbox 190 4191 404 4267; x_wconf 84' lang='lat' dir='ltr'><strong>propositorum</strong></span> <span class='ocrx_word' id='word_1_617' title='bbox 425 4208 560 4248; x_wconf 81' lang='lat' dir='ltr'><strong>versuum</strong></span> <span class='ocrx_word' id='word_1_618' title='bbox 578 4190 731 4266; x_wconf 79' lang='lat' dir='ltr'><strong>explicatio</strong></span> <span class='ocrx_word' id='word_1_619' title='bbox 747 4202 774 4246; x_wconf 83' lang='lat' dir='ltr'><strong>et</strong></span> <span class='ocrx_word' id='word_1_620' title='bbox 821 4196 941 4253; x_wconf 82' lang='lat' dir='ltr'><strong>enimex</strong></span> <span class='ocrx_word' id='word_1_621' title='bbox 953 4195 1052 4252; x_wconf 83' lang='lat' dir='ltr'><strong>divina</strong></span> <span class='ocrx_word' id='word_1_622' title='bbox 1059 4192 1305 4251; x_wconf 72' lang='lat' dir='ltr'><strong>illuminationem</strong></span> <span class='ocrx_word' id='word_1_623' title='bbox 1314 4189 1490 4268; x_wconf 82' lang='lat' dir='ltr'><strong>spoctatione</strong></span> <span class='ocrx_word' id='word_1_624' title='bbox 1498 4200 1597 4246; x_wconf 86' lang='lat' dir='ltr'><strong>nostra</strong></span> 
     </span>
     <span class='ocr_line' id='line_1_44' title="bbox 24 4273 1597 4354; baseline -0.004 -16"><span class='ocrx_word' id='word_1_625' title='bbox 24 4287 75 4324; x_wconf 70' lang='lat'>⁰⁰⁰¹</span> <span class='ocrx_word' id='word_1_626' title='bbox 88 4277 196 4334; x_wconf 77' lang='lat' dir='ltr'><strong>veritate</strong></span> <span class='ocrx_word' id='word_1_627' title='bbox 207 4279 271 4353; x_wconf 85' lang='lat' dir='ltr'><strong>ipsa</strong></span> <span class='ocrx_word' id='word_1_628' title='bbox 280 4288 308 4332; x_wconf 85' lang='lat' dir='ltr'><strong>et</strong></span> <span class='ocrx_word' id='word_1_629' title='bbox 322 4297 386 4334; x_wconf 89' lang='lat' dir='ltr'>cum</span> <span class='ocrx_word' id='word_1_630' title='bbox 400 4277 622 4354; x_wconf 73' lang='lat' dir='ltr'><strong>procedentium</strong></span> <span class='ocrx_word' id='word_1_631' title='bbox 638 4295 773 4334; x_wconf 82' lang='lat' dir='ltr'><strong>versuum</strong></span> <span class='ocrx_word' id='word_1_632' title='bbox 817 4301 882 4339; x_wconf 87' lang='lat' dir='ltr'>cum</span> <span class='ocrx_word' id='word_1_633' title='bbox 897 4301 930 4340; x_wconf 85' lang='lat' dir='ltr'>ea</span> <span class='ocrx_word' id='word_1_634' title='bbox 943 4291 1131 4340; x_wconf 81' lang='lat' dir='ltr'><strong>concurrente</strong></span> <span class='ocrx_word' id='word_1_635' title='bbox 1146 4279 1400 4336; x_wconf 67' lang='lat' dir='ltr'><strong>findernonsnano.</strong></span> <span class='ocrx_word' id='word_1_636' title='bbox 1422 4273 1516 4351; x_wconf 82' lang='lat' dir='ltr'><strong>Hujus</strong></span> <span class='ocrx_word' id='word_1_637' title='bbox 1527 4293 1597 4332; x_wconf 88' lang='lat' dir='ltr'><strong>vero</strong></span> 
     </span>
     <span class='ocr_line' id='line_1_45' title="bbox 26 4360 1597 4438; baseline 0 -20"><span class='ocrx_word' id='word_1_638' title='bbox 26 4371 95 4414; x_wconf 80' lang='lat' dir='ltr'><strong>sensu</strong></span> <span class='ocrx_word' id='word_1_639' title='bbox 109 4363 249 4436; x_wconf 81' lang='lat' dir='ltr'><strong>congruit.</strong></span> <span class='ocrx_word' id='word_1_640' title='bbox 266 4363 296 4420; x_wconf 88' lang='lat' dir='ltr'>Si</span> <span class='ocrx_word' id='word_1_641' title='bbox 313 4363 390 4420; x_wconf 89' lang='lat' dir='ltr'><strong>euim</strong></span> <span class='ocrx_word' id='word_1_642' title='bbox 405 4363 482 4420; x_wconf 90' lang='lat' dir='ltr'><strong>Deus</strong></span> <span class='ocrx_word' id='word_1_643' title='bbox 502 4360 588 4419; x_wconf 91' lang='lat' dir='ltr'><strong>habet</strong></span> <span class='ocrx_word' id='word_1_644' title='bbox 605 4373 774 4438; x_wconf 86' lang='lat' dir='ltr'><strong>potestatem</strong></span> <span class='ocrx_word' id='word_1_645' title='bbox 817 4371 1058 4425; x_wconf 65' lang='lat' dir='ltr'><strong>demonstrationis</strong></span> <span class='ocrx_word' id='word_1_646' title='bbox 1068 4366 1187 4424; x_wconf 82' lang='lat' dir='ltr'><strong>eiiectns</strong></span> <span class='ocrx_word' id='word_1_647' title='bbox 1198 4378 1266 4422; x_wconf 91' lang='lat' dir='ltr'><strong>sunt</strong></span> <span class='ocrx_word' id='word_1_648' title='bbox 1279 4363 1368 4421; x_wconf 89' lang='lat' dir='ltr'><strong>animi</strong></span> <span class='ocrx_word' id='word_1_649' title='bbox 1386 4361 1496 4421; x_wconf 86' lang='lat' dir='ltr'><strong>sanatio</strong></span> <span class='ocrx_word' id='word_1_650' title='bbox 1511 4373 1597 4438; x_wconf 84' lang='lat' dir='ltr'><strong>atque</strong></span> 
     </span>
     <span class='ocr_line' id='line_1_46' title="bbox 25 4437 1598 4530; baseline 0.006 -34"><span class='ocrx_word' id='word_1_651' title='bbox 25 4437 358 4518; x_wconf 85' lang='lat' dir='ltr'><strong>homines‚etiaminvitos,</strong></span> <span class='ocrx_word' id='word_1_652' title='bbox 371 4449 406 4506; x_wconf 90' lang='lat' dir='ltr'>ad</span> <span class='ocrx_word' id='word_1_653' title='bbox 414 4449 562 4506; x_wconf 86' lang='lat' dir='ltr'><strong>veritatem</strong></span> <span class='ocrx_word' id='word_1_654' title='bbox 571 4447 713 4519; x_wconf 88' lang='lat' dir='ltr'><strong>trahendi,</strong></span> <span class='ocrx_word' id='word_1_655' title='bbox 723 4468 775 4506; x_wconf 92' lang='lat' dir='ltr'>cur</span> <span class='ocrx_word' id='word_1_656' title='bbox 818 4472 1027 4524; x_wconf 70' lang='lat' dir='ltr'><strong>aertimnarum,</strong></span> <span class='ocrx_word' id='word_1_657' title='bbox 1043 4459 1114 4530; x_wconf 88' lang='lat' dir='ltr'><strong>quas</strong></span> <span class='ocrx_word' id='word_1_658' title='bbox 1138 4451 1186 4508; x_wconf 75' lang='lat' dir='ltr'>hic</span> <span class='ocrx_word' id='word_1_659' title='bbox 1213 4451 1389 4524; x_wconf 86' lang='lat' dir='ltr'><strong>toleramus,</strong></span> <span class='ocrx_word' id='word_1_660' title='bbox 1411 4447 1547 4507; x_wconf 86' lang='lat' dir='ltr'><strong>liberatio</strong></span> <span class='ocrx_word' id='word_1_661' title='bbox 1569 4460 1598 4506; x_wconf 86' lang='lat' dir='ltr'><strong>et</strong></span> 
     </span>
     <span class='ocr_line' id='line_1_47' title="bbox 26 4524 1595 4616; baseline 0.01 -37"><span class='ocrx_word' id='word_1_662' title='bbox 26 4524 689 4611; x_wconf 74' lang='lat' dir='ltr'><strong>eisdamnauitroarcessitaexprobramusicur</strong></span> <span class='ocrx_word' id='word_1_663' title='bbox 703 4554 775 4592; x_wconf 90' lang='lat' dir='ltr'><strong>vero</strong></span> <span class='ocrx_word' id='word_1_664' title='bbox 818 4540 985 4601; x_wconf 83' lang='lat' dir='ltr'><strong>divinorum</strong></span> <span class='ocrx_word' id='word_1_665' title='bbox 995 4540 1142 4598; x_wconf 89' lang='lat' dir='ltr'><strong>bonorum</strong></span> <span class='ocrx_word' id='word_1_666' title='bbox 1159 4556 1259 4596; x_wconf 87' lang='lat' dir='ltr'><strong>sensus</strong></span> <span class='ocrx_word' id='word_1_667' title='bbox 1272 4551 1455 4616; x_wconf 72' lang='lat' dir='ltr'><strong>paterneque</strong></span> <span class='ocrx_word' id='word_1_668' title='bbox 1475 4533 1595 4592; x_wconf 83' lang='lat' dir='ltr'><strong>vivendi</strong></span> 
     </span>
     <span class='ocr_line' id='line_1_48' title="bbox 25 4607 1597 4697; baseline 0.007 -32"><span class='ocrx_word' id='word_1_669' title='bbox 25 4607 89 4670; x_wconf 80' lang='lat' dir='ltr'><strong>litum</strong></span> <span class='ocrx_word' id='word_1_670' title='bbox 104 4637 157 4675; x_wconf 92' lang='lat' dir='ltr'>non</span> <span class='ocrx_word' id='word_1_671' title='bbox 171 4620 324 4693; x_wconf 83' lang='lat' dir='ltr'><strong>adducere,</strong></span> <span class='ocrx_word' id='word_1_672' title='bbox 337 4621 387 4679; x_wconf 91' lang='lat' dir='ltr'>sed</span> <span class='ocrx_word' id='word_1_673' title='bbox 401 4621 527 4678; x_wconf 89' lang='lat' dir='ltr'><strong>cedendo</strong></span> <span class='ocrx_word' id='word_1_674' title='bbox 549 4623 657 4680; x_wconf 87' lang='lat' dir='ltr'><strong>evitare</strong></span> <span class='ocrx_word' id='word_1_675' title='bbox 675 4621 774 4678; x_wconf 82' lang='lat' dir='ltr'><strong>suade·</strong></span> <span class='ocrx_word' id='word_1_676' title='bbox 819 4628 940 4686; x_wconf 84' lang='lat' dir='ltr'><strong>rationis</strong></span> <span class='ocrx_word' id='word_1_677' title='bbox 953 4616 1140 4685; x_wconf 85' lang='lat' dir='ltr'><strong>consortium.</strong></span> <span class='ocrx_word' id='word_1_678' title='bbox 1156 4623 1209 4682; x_wconf 85' lang='lat' dir='ltr'><strong>iiis</strong></span> <span class='ocrx_word' id='word_1_679' title='bbox 1224 4624 1313 4697; x_wconf 79' lang='lat' dir='ltr'><strong>igitur</strong></span> <span class='ocrx_word' id='word_1_680' title='bbox 1327 4621 1462 4678; x_wconf 80' lang='lat' dir='ltr'><strong>omuibus</strong></span> <span class='ocrx_word' id='word_1_681' title='bbox 1480 4618 1517 4675; x_wconf 87' lang='lat' dir='ltr'>dc</span> <span class='ocrx_word' id='word_1_682' title='bbox 1535 4619 1597 4676; x_wconf 87' lang='lat' dir='ltr'><strong>vir·</strong></span> 
     </span>
     <span class='ocr_line' id='line_1_49' title="bbox 27 4701 1598 4790; baseline 0.008 -42"><span class='ocrx_word' id='word_1_683' title='bbox 27 4701 92 4754; x_wconf 79' lang='lat' dir='ltr'><strong>nius?</strong></span> <span class='ocrx_word' id='word_1_684' title='bbox 105 4718 148 4761; x_wconf 92' lang='lat' dir='ltr'>aut</span> <span class='ocrx_word' id='word_1_685' title='bbox 161 4725 211 4764; x_wconf 90' lang='lat' dir='ltr'>cur</span> <span class='ocrx_word' id='word_1_686' title='bbox 227 4725 309 4764; x_wconf 79' lang='lat' dir='ltr'><strong>rasus</strong></span> <span class='ocrx_word' id='word_1_687' title='bbox 332 4708 469 4765; x_wconf 88' lang='lat' dir='ltr'><strong>adversos</strong></span> <span class='ocrx_word' id='word_1_688' title='bbox 490 4708 632 4784; x_wconf 80' lang='lat' dir='ltr'><strong>patienter</strong></span> <span class='ocrx_word' id='word_1_689' title='bbox 649 4709 724 4767; x_wconf 88' lang='lat' dir='ltr'><strong>ferre</strong></span> <span class='ocrx_word' id='word_1_690' title='bbox 748 4719 776 4768; x_wconf 84' lang='lat' dir='ltr'><strong>et</strong></span> <span class='ocrx_word' id='word_1_691' title='bbox 820 4725 878 4770; x_wconf 91' lang='lat' dir='ltr'><strong>tute</strong></span> <span class='ocrx_word' id='word_1_692' title='bbox 890 4726 919 4770; x_wconf 88' lang='lat' dir='ltr'><strong>ct</strong></span> <span class='ocrx_word' id='word_1_693' title='bbox 931 4717 1050 4771; x_wconf 87' lang='lat' dir='ltr'><strong>veritate</strong></span> <span class='ocrx_word' id='word_1_694' title='bbox 1062 4711 1218 4790; x_wconf 76' lang='lat' dir='ltr'><strong>praemissis</strong></span> <span class='ocrx_word' id='word_1_695' title='bbox 1231 4728 1264 4766; x_wconf 88' lang='lat' dir='ltr'>ao</span> <span class='ocrx_word' id='word_1_696' title='bbox 1275 4707 1393 4766; x_wconf 86' lang='lat' dir='ltr'><strong>virtutis</strong></span> <span class='ocrx_word' id='word_1_697' title='bbox 1406 4704 1556 4782; x_wconf 77' lang='lat' dir='ltr'><strong>praeceptis</strong></span> <span class='ocrx_word' id='word_1_698' title='bbox 1566 4704 1598 4764; x_wconf 88' lang='lat' dir='ltr'>in</span> 
     </span>
     <span class='ocr_line' id='line_1_50' title="bbox 27 4786 1596 4875; baseline -0.001 -27"><span class='ocrx_word' id='word_1_699' title='bbox 27 4786 133 4845; x_wconf 77' lang='lat' dir='ltr'><strong>remedia</strong></span> <span class='ocrx_word' id='word_1_700' title='bbox 153 4811 278 4866; x_wconf 82' lang='lat' dir='ltr'><strong>quaerere</strong></span> <span class='ocrx_word' id='word_1_701' title='bbox 300 4809 350 4850; x_wconf 86' lang='lat' dir='ltr'><strong>eos</strong></span> <span class='ocrx_word' id='word_1_702' title='bbox 371 4791 527 4870; x_wconf 82' lang='lat' dir='ltr'><strong>jubemus?</strong></span> <span class='ocrx_word' id='word_1_703' title='bbox 540 4795 588 4852; x_wconf 86' lang='lat' dir='ltr'>via</span> <span class='ocrx_word' id='word_1_704' title='bbox 606 4796 683 4852; x_wconf 90' lang='lat' dir='ltr'><strong>enim</strong></span> <span class='ocrx_word' id='word_1_705' title='bbox 707 4794 775 4864; x_wconf 85' lang='lat' dir='ltr'><strong>ilia,</strong></span> <span class='ocrx_word' id='word_1_706' title='bbox 819 4813 960 4858; x_wconf 85' lang='lat' dir='ltr'><strong>nocturno</strong></span> <span class='ocrx_word' id='word_1_707' title='bbox 982 4799 1130 4875; x_wconf 83' lang='lat' dir='ltr'><strong>colloquio</strong></span> <span class='ocrx_word' id='word_1_708' title='bbox 1152 4795 1259 4866; x_wconf 82' lang='lat' dir='ltr'><strong>linitis,</strong></span> <span class='ocrx_word' id='word_1_709' title='bbox 1277 4793 1406 4851; x_wconf 81' lang='lat' dir='ltr'><strong>veritatis</strong></span> <span class='ocrx_word' id='word_1_710' title='bbox 1430 4803 1523 4848; x_wconf 90' lang='lat' dir='ltr'><strong>autem</strong></span> <span class='ocrx_word' id='word_1_711' title='bbox 1544 4809 1596 4866; x_wconf 81' lang='lat' dir='ltr'><strong>spe</strong></span> 
     </span>
     <span class='ocr_line' id='line_1_51' title="bbox 26 4875 1595 4963; baseline -0.004 -23"><span class='ocrx_word' id='word_1_712' title='bbox 26 4885 77 4940; x_wconf 67' lang='lat' dir='ltr'>‘1¹¹ae</span> <span class='ocrx_word' id='word_1_713' title='bbox 89 4892 135 4947; x_wconf 90' lang='lat' dir='ltr'>per</span> <span class='ocrx_word' id='word_1_714' title='bbox 152 4878 332 4955; x_wconf 86' lang='lat' dir='ltr'><strong>disciplinam</strong></span> <span class='ocrx_word' id='word_1_715' title='bbox 346 4879 382 4936; x_wconf 87' lang='lat' dir='ltr'>ad</span> <span class='ocrx_word' id='word_1_716' title='bbox 398 4880 533 4939; x_wconf 81' lang='lat' dir='ltr'><strong>vinoun</strong></span> <span class='ocrx_word' id='word_1_717' title='bbox 550 4881 649 4955; x_wconf 90' lang='lat' dir='ltr'><strong>ducit,</strong></span> <span class='ocrx_word' id='word_1_718' title='bbox 666 4880 775 4938; x_wconf 85' lang='lat' dir='ltr'><strong>abillis</strong></span> <span class='ocrx_word' id='word_1_719' title='bbox 818 4907 910 4963; x_wconf 85' lang='lat' dir='ltr'><strong>usque</strong></span> <span class='ocrx_word' id='word_1_720' title='bbox 924 4887 960 4944; x_wconf 85' lang='lat' dir='ltr'>ud</span> <span class='ocrx_word' id='word_1_721' title='bbox 974 4887 1150 4944; x_wconf 88' lang='lat' dir='ltr'><strong>sanationem</strong></span> <span class='ocrx_word' id='word_1_722' title='bbox 1164 4895 1193 4940; x_wconf 87' lang='lat' dir='ltr'><strong>et</strong></span> <span class='ocrx_word' id='word_1_723' title='bbox 1210 4881 1329 4940; x_wconf 83' lang='lat' dir='ltr'><strong>salutem</strong></span> <span class='ocrx_word' id='word_1_724' title='bbox 1345 4878 1433 4936; x_wconf 87' lang='lat' dir='ltr'><strong>animi</strong></span> <span class='ocrx_word' id='word_1_725' title='bbox 1446 4875 1595 4954; x_wconf 85' lang='lat' dir='ltr'><strong>perducta,</strong></span> 
     </span>
     <span class='ocr_line' id='line_1_52' title="bbox 27 4961 1655 5050; baseline 0.006 -40"><span class='ocrx_word' id='word_1_726' title='bbox 27 4971 123 5026; x_wconf 84' lang='lat' dir='ltr'><strong>prorsus</strong></span> <span class='ocrx_word' id='word_1_727' title='bbox 136 4963 334 5024; x_wconf 83' lang='lat' dir='ltr'><strong>intercluditur</strong></span> <span class='ocrx_word' id='word_1_728' title='bbox 347 4967 398 5043; x_wconf 88' lang='lat' dir='ltr'>qui</span> <span class='ocrx_word' id='word_1_729' title='bbox 410 4967 533 5026; x_wconf 87' lang='lat' dir='ltr'><strong>liberum</strong></span> <span class='ocrx_word' id='word_1_730' title='bbox 549 4969 702 5027; x_wconf 85' lang='lat' dir='ltr'><strong>arbitrium</strong></span> <span class='ocrx_word' id='word_1_731' title='bbox 716 4967 776 5025; x_wconf 88' lang='lat' dir='ltr'><strong>tol·</strong></span> <span class='ocrx_word' id='word_1_732' title='bbox 819 4993 852 5031; x_wconf 84' lang='lat' dir='ltr'>eu</span> <span class='ocrx_word' id='word_1_733' title='bbox 871 4973 972 5050; x_wconf 86' lang='lat' dir='ltr'><strong>adjicit</strong></span> <span class='ocrx_word' id='word_1_734' title='bbox 990 4991 1054 5048; x_wconf 82' lang='lat' dir='ltr'><strong>quae</strong></span> <span class='ocrx_word' id='word_1_735' title='bbox 1073 4970 1108 5028; x_wconf 90' lang='lat' dir='ltr'>ad</span> <span class='ocrx_word' id='word_1_736' title='bbox 1133 4967 1223 5027; x_wconf 88' lang='lat' dir='ltr'><strong>lucidi</strong></span> <span class='ocrx_word' id='word_1_737' title='bbox 1245 4965 1377 5041; x_wconf 86' lang='lat' dir='ltr'><strong>corporis</strong></span> <span class='ocrx_word' id='word_1_738' title='bbox 1398 4961 1596 5020; x_wconf 87' lang='lat' dir='ltr'><strong>castimoniam</strong></span> <span class='ocrx_word' id='word_1_739' title='bbox 1652 4992 1655 5000; x_wconf 44' lang='lat' dir='ltr'>v</span> 
     </span>
     <span class='ocr_line' id='line_1_53' title="bbox 26 5036 1598 5135; baseline 0.001 -29"><span class='ocrx_word' id='word_1_740' title='bbox 26 5036 84 5135; x_wconf 65' lang='lat' dir='ltr'>hfsst.</span> <span class='ocrx_word' id='word_1_741' title='bbox 96 5043 185 5124; x_wconf 85' lang='lat' dir='ltr'><strong>Neque</strong></span> <span class='ocrx_word' id='word_1_742' title='bbox 198 5052 273 5110; x_wconf 88' lang='lat' dir='ltr'><strong>enim</strong></span> <span class='ocrx_word' id='word_1_743' title='bbox 289 5071 363 5128; x_wconf 87' lang='lat' dir='ltr'><strong>opus</strong></span> <span class='ocrx_word' id='word_1_744' title='bbox 376 5054 451 5110; x_wconf 83' lang='lat' dir='ltr'><strong>soret</strong></span> <span class='ocrx_word' id='word_1_745' title='bbox 464 5073 516 5112; x_wconf 88' lang='lat' dir='ltr'>nos</span> <span class='ocrx_word' id='word_1_746' title='bbox 531 5054 663 5112; x_wconf 82' lang='lat' dir='ltr'><strong>laborare</strong></span> <span class='ocrx_word' id='word_1_747' title='bbox 677 5067 705 5112; x_wconf 90' lang='lat' dir='ltr'><strong>et</strong></span> <span class='ocrx_word' id='word_1_748' title='bbox 716 5073 775 5111; x_wconf 86' lang='lat' dir='ltr'><strong>me·</strong></span> <span class='ocrx_word' id='word_1_749' title='bbox 820 5061 879 5118; x_wconf 86' lang='lat' dir='ltr'><strong>aias</strong></span> <span class='ocrx_word' id='word_1_750' title='bbox 892 5059 1041 5117; x_wconf 88' lang='lat' dir='ltr'><strong>addentem</strong></span> <span class='ocrx_word' id='word_1_751' title='bbox 1057 5051 1219 5135; x_wconf 78' lang='lat' dir='ltr'><strong>pertinent,</strong></span> <span class='ocrx_word' id='word_1_752' title='bbox 1234 5052 1349 5110; x_wconf 89' lang='lat' dir='ltr'><strong>tertium</strong></span> <span class='ocrx_word' id='word_1_753' title='bbox 1366 5048 1510 5126; x_wconf 88' lang='lat' dir='ltr'><strong>quoddam</strong></span> <span class='ocrx_word' id='word_1_754' title='bbox 1524 5047 1598 5128; x_wconf 91' lang='lat' dir='ltr'><strong>phi-</strong></span> 
     </span>
     <span class='ocr_line' id='line_1_54' title="bbox 26 5123 1463 5226; baseline 0.002 -36"><span class='ocrx_word' id='word_1_755' title='bbox 26 5123 96 5225; x_wconf 62' lang='lat' dir='ltr'><strong>dflari</strong></span> <span class='ocrx_word' id='word_1_756' title='bbox 109 5145 135 5190; x_wconf 89' lang='lat' dir='ltr'><strong>et</strong></span> <span class='ocrx_word' id='word_1_757' title='bbox 146 5153 237 5196; x_wconf 89' lang='lat' dir='ltr'><strong>amare</strong></span> <span class='ocrx_word' id='word_1_758' title='bbox 250 5137 346 5214; x_wconf 90' lang='lat' dir='ltr'><strong>bona,</strong></span> <span class='ocrx_word' id='word_1_759' title='bbox 362 5140 387 5197; x_wconf 93' lang='lat' dir='ltr'>si</span> <span class='ocrx_word' id='word_1_760' title='bbox 400 5139 454 5198; x_wconf 82' lang='lat' dir='ltr'>Dei</span> <span class='ocrx_word' id='word_1_761' title='bbox 466 5141 617 5218; x_wconf 90' lang='lat' dir='ltr'><strong>proprium</strong></span> <span class='ocrx_word' id='word_1_762' title='bbox 631 5155 705 5200; x_wconf 86' lang='lat' dir='ltr'><strong>esset</strong></span> <span class='ocrx_word' id='word_1_763' title='bbox 723 5159 777 5224; x_wconf 78' lang='lat' dir='ltr'>noa</span> <span class='ocrx_word' id='word_1_764' title='bbox 820 5147 959 5226; x_wconf 82' lang='lat' dir='ltr'><strong>iosophiae</strong></span> <span class='ocrx_word' id='word_1_765' title='bbox 972 5163 1062 5223; x_wconf 74' lang='lat' dir='ltr'><strong>genus</strong></span> <span class='ocrx_word' id='word_1_766' title='bbox 1074 5139 1277 5221; x_wconf 85' lang='lat' dir='ltr'><strong>superioribus</strong></span> <span class='ocrx_word' id='word_1_767' title='bbox 1290 5137 1463 5213; x_wconf 77' lang='lat' dir='ltr'><strong>adjungens.</strong></span> 
     </span>
     <span class='ocr_line' id='line_1_55' title="bbox 26 5223 774 5305; baseline 0.023 -38"><span class='ocrx_word' id='word_1_768' title='bbox 26 5223 408 5287; x_wconf 80' lang='lat' dir='ltr'><strong>unorumimmunesservare</strong></span> <span class='ocrx_word' id='word_1_769' title='bbox 418 5227 633 5305; x_wconf 88' lang='lat' dir='ltr'><strong>virtutibusque</strong></span> <span class='ocrx_word' id='word_1_770' title='bbox 643 5227 774 5305; x_wconf 87' lang='lat' dir='ltr'><strong>implere,</strong></span> 
     </span>
    </p>
   </div>
   <div class='ocr_carea' id='block_1_4' title="bbox 0 0 1877 5916">
    <p class='ocr_par' dir='ltr' id='par_1_6' title="bbox 0 0 1877 5916">
     <span class='ocr_line' id='line_1_56' title="bbox 0 0 1877 5916; baseline 0 0"><span class='ocrx_word' id='word_1_771' title='bbox 0 0 1877 5916; x_wconf 95' lang='lat' dir='ltr'> </span> 
     </span>
    </p>
   </div>
  </div>
 </body>
</html>
