3708 5916
549 403 591 464 tn
613 403 779 467 annuunt
798 405 975 494 canaan.
1505 415 1564 468 ιιο

7 533 308 618 „antepenultimam
322 536 382 594 [lde
394 532 422 594 δά
433 533 464 593 eb
476 533 549 614 παρά
568 534 616 606 τὴν
636 535 743 614 ιἰριτήν,
789 535 937 618 θμοιύισιοις
951 536 997 595 καί
1010 536 1175 620 ρελοσορίαςς
1185 538 1330 618 χρημάτων
1341 537 1411 596 δόσιν
1429 536 1446 608 ἢ
1462 538 1571 616 ἀφαίρε·

7 635 53 686 ιῦτο
69 617 110 700 ἦν,
132 621 160 694 ό,
174 646 203 681 τι
223 643 272 680 τοι
288 619 332 695 μὴ
356 619 517 700 βέλτερόν
536 623 644 681 ίστιν·
658 614 680 703 ᾧ
694 623 745 702 γάρ
790 647 846 697 σονς
861 623 940 684 ’tlte
964 622 1153 699 μεμαθήκαμεν
1177 623 1244 702 μετά
1264 629 1310 684 τοῦ
1331 626 1405 704 ὀρθοῦ
1428 623 1507 701 λόγου
1524 623 1570 682 καί
1665 647 1676 668 ·

7 715 101 794 υμρέρον
115 715 131 780 ἡ
144 707 238 790 ἀρετή,
251 709 335 784 τούτῳ
350 708 380 766 τὸ
393 710 457 789 παρ’
469 706 569 780 ίιιείνην
583 707 742 787 ἀσύμφορον,
788 711 941 790 προσίεσθαι
962 716 1046 769 ταῦτα
1070 710 1115 770 καί
1139 703 1318 770 ἀποτίθεσθαιῖ
1335 711 1380 770 καί
1403 710 1433 769 τὸ
1457 711 1570 770 ἄστατον

7 801 77 862 {lalus
98 789 139 856 σύν
161 794 362 875 περιύόλλεσθαι
379 794 552 871 ουμύουλεύει
574 798 625 855 τῶν
647 799 744 876 ἀροτῶν
789 803 835 869 τῆς
849 798 965 870 κτήσεως
980 799 1065 856 αὐτῶν
1079 803 1150 876 ἡμᾶς
1162 801 1190 856 ού
1203 799 1332 860 λανθάνει.
1348 801 1373 859 Τ
1375 798 1383 856 ί
1399 799 1466 876 γοίρ;
1482 797 1514 856 ἀν
1531 802 1568 872 μὴ

7 882 237 958 υλαιιτιιιθνθμηδίν
246 883 378 943 πείθεσθαι
390 885 441 943 δεῖν
450 879 534 960 λόγων
543 885 582 963 τῷ
590 882 745 964 πειρωμένῳ
790 877 862 954 οὗτος
877 885 1094 964 cartapetam,
1109 887 1223 958 κλέπτης
1242 886 1308 944 αύτά
1324 889 1370 944 ούιι
1385 884 1571 967 ἀφαιρήσεται,

7 981 28 1046 ἧς
46 975 129 1050 ἀρετῆς
151 969 272 1046 ἀπᾶγειν,
296 971 329 1028 δι’
352 968 413 1028 olor
427 968 459 1028 ἀν
473 967 556 1048 ίργυν
570 968 587 1039 ἢ
601 969 687 1044 λόγων
701 975 747 1040 τῆς
789 974 835 1031 καί
848 973 972 1052 γενναίως
986 976 1071 1033 αὐτῶν
1092 977 1271 1052 ὑπομενοῦμεν
1293 972 1341 1045 τὴν
1364 972 1497 1044 ἀποόολὴν
1518 972 1571 1032 barb

7 1062 44 1142 ρθς
60 1059 86 1118 τὸ
123 1059 187 1138 εῖρον
205 1055 379 1138 ίοιτριπούσης
398 1061 502 1124 πειθοῦς
521 1057 676 1137 προσαγάγῃ
697 1057 745 1129 τὴν
790 1064 835 1117 τοῦ
857 1059 895 1136 μὴ
916 1057 1028 1139 ἔχοντος.
1055 1059 1189 1136 Ναυάγιον
1214 1058 1281 1118 abab
1305 1061 1333 1118 ού
1359 1060 1569 1139 παραιρήσεται;

7 1153 75 1226 ιῖραν·
96 1081 154 1217 τίον,
175 1143 212 1221 μὴ
236 1143 389 1224 θποοχίστις
408 1141 547 1224 προσάγων
568 1144 707 1224 τύραννος,
727 1145 745 1217 ἢ
789 1144 912 1206 πόσοιδί
936 1147 1010 1206 ἄλλοι
1027 1147 1119 1226 τρόποι
1135 1144 1275 1224 διαφθορὰν
1292 1146 1436 1224 χρημάτων
1455 1147 1572 1225 ἀπόγον-

7 1233 95 1302 τόταςί
101 1256 161 1314 ργηι
172 1231 293 1311 βεύαιῶν·
304 1230 341 1308 μὴ
356 1233 476 1298 ἀπειλαῖς
487 1231 747 1312 θορυύῦιν,ἣαίκίαις
790 1254 850 1306 σιν;
866 1223 920 1293 Ὧν
950 1233 1026 1292 ίνικα
1055 1235 1102 1293 οιαὶ
1129 1232 1175 1292 τὸν
1203 1230 1269 1312 ὑπὲρ
1296 1236 1389 1314 ἀρετῆς
1416 1234 1571 1310 λογιούμεθα

9 1323 133 1398 ιαζύμονος·
154 1320 189 1396 μὴ
210 1321 294 1401 μίλιον
315 1319 472 1399 πρόσωπον,
489 1343 521 1398 τη
543 1318 681 1392 οἰκειότητι
699 1319 746 1390 τὴν
790 1317 877 1396 λόγον,
893 1319 1011 1379 ίκουσίαν
1030 1319 1121 1378 πενίαν
1141 1319 1208 1396 μετά
1226 1327 1271 1379 τοῦ
1291 1319 1372 1377 καλοῦ
1393 1318 1572 1378 ascenaere-

7 1411 79 1481 πότην
106 1406 332 1486 ἐπικρυπτόμενον,
359 1407 484 1482 ἀπαγόγη
514 1429 544 1465 σε
572 1411 618 1466 τοῦ
643 1407 745 1487 cuppi—
792 1429 863 1482 μενοι
887 1408 1045 1488 χρημάτων,
1070 1407 1115 1465 καί
1138 1409 1197 1484 μετ’
1219 1407 1369 1484 εὐλογίστου
1392 1405 1476 1472 αἰτίας
1505 1402 1573 1464 abab

7 1499 197 1576 οντοςεῇψνχῇ.
213 1486 266 1554 Ἦν
279 1493 306 1552 δύ
321 1491 430 1559 ἀλήθεια
448 1493 493 1552 καί
508 1493 587 1572 ἀρετὴ
601 1492 635 1552 el
648 1495 746 1568 ταύτην
792 1494 980 1570 ἀποδυόμενοι,
1008 1495 1052 1553 καί
1079 1492 1203 1554 τοσούτου
1225 1493 1273 1565 τὴν
1298 1492 1392 1572 ἀρετὴν
1413 1491 1573 1569 ὠνούμενοι,

7 1589 118 1666 ηιλοῦντα
129 1583 203 1660 μόνα.
223 1580 428 1652 Ἀντξαποίτητος
444 1581 470 1641 ἀί
486 1582 550 1660 lep,
563 1585 585 1640 εί
597 1580 646 1654 τὴν
657 1582 746 1642 οθοίαν
791 1579 850 1642 ὅσον
864 1581 893 1639 θιν
906 1587 977 1658 ἡμᾶς
998 1582 1101 1660 βλάπτῃ
1116 1586 1130 1639 θ
1144 1581 1240 1652 ταύτης
1254 1581 1405 1659 παρακινεῖν
1421 1582 1570 1658 ἐπιχειρῶν.

7 1673 31 1745 ἦν
47 1677 131 1730 σαυτοῦ
143 1668 231 1747 γνούς,
242 1667 301 1741 ἥτις
311 1669 340 1727 τί
351 1670 423 1739 lert,
435 1669 480 1728 καί
490 1661 512 1749 ᾧ
524 1669 598 1748 φύσει
607 1669 690 1744 ἔοικε,
700 1675 747 1742 τῆς
792 1669 872 1730 ’atti
883 1668 1055 1749 στρεόλιύσεις
1066 1667 1218 1749 προσοίσει,
1231 1667 1276 1726 καί
1288 1669 1408 1728 θοίνατον.
1427 1667 1572 1747 Πρόχειραι

7 1761 44 1838 :pbr
58 1763 131 1818 ίκιῖνο
146 1758 291 1834 ὁμοιώσεως
305 1755 347 1814 ἀεί
360 1753 408 1828 τὴν
423 1757 573 1833 ἔπιμίλειαν
594 1755 680 1836 ἔχοις·
694 1767 747 1817 πᾶν
792 1749 836 1816 οῦν
856 1757 920 1836 πρὸς
939 1761 1023 1816 ταῦτα
1045 1757 1241 1834 ἀποκρίνεσθαι,
1261 1757 1295 1822 a<
1316 1757 1366 1834 ούχ
1387 1759 1464 1830 ἡμεῖς
1490 1761 1574 1813 ταῦτα

7 1847 53 1906 ld
64 1851 104 1918 τῆς
118 1843 260 1917 ὁμοιώσεως
283 1843 384 1920 ἀπόγον
400 1843 526 1920 μεγίστην
543 1849 617 1921 ἡγοῖο
638 1845 744 1919 ζημίαν.
792 1845 955 1924 πεισόμεθα,
972 1846 1016 1904 ίοίν
1026 1843 1094 1923 γετθ
1110 1843 1203 1922 Ἡμεῖς
1218 1847 1347 1922 τηρῶμεν·
1358 1841 1426 1902 ἀλλά
1446 1843 1476 1900 τὸ
1496 1848 1574 1918 σῶμα

7 1937 65 1993 tota
76 1933 120 2009 γὰρ
134 1925 174 2003 ἦν,
186 1931 215 2006 ό,
228 1956 258 1990 τι
280 1935 340 1991 σοι’
355 1930 400 2007 μὴ
428 1931 592 2010 βίλτερόν
614 1934 703 2002 ἐστι,
717 1933 748 1992 τθ
793 1929 867 1990 ἔσται
885 1930 915 1989 τθ
928 1931 1103 2011 θύριζόμενον·
1118 1930 1148 1988 τὸ
1172 1935 1249 2008 σῶμα
1267 1929 1295 1988 τὸ
1312 1932 1485 2002 ἀποθνῆσκον,
1501 1929 1575 1987 οὐδὲν

7 2023 32 2088 ῆς
43 2017 101 2084 θείας
111 2016 252 2092 ὁμοαθσειυς
268 2015 380 2094 ἀπᾶγον·
400 2016 491 2088 ἐπειδὴ
508 2014 553 2074 καί
574 2021 589 2095 β
600 2015 682 2075 ε’λτε
692 2041 706 2095 ρ
715 2040 747 2077 ον
792 2015 866 2097 πσρά
879 2017 927 2090 τὴν
942 2021 1019 2077 αὑτοῦ
1031 2017 1107 2100 ρύσιν
1117 2017 1230 2096 ποίσχον.
1244 2017 1329 2077 Φύσει
1341 2017 1393 2098 γοίρ
1405 2019 1460 2075 ίστι
1470 2015 1573 2090 θνητόν,

7 2105 45 2178 pir
56 2105 102 2160 ἐστι
114 2103 141 2161 rb
152 2103 214 2182 πρθς
225 2101 274 2174 τὴν
287 2102 411 2173 τοιαύτην
425 2102 548 2178 ὁμοίωσιν
563 2103 649 2182 piper.
659 2105 695 2162 Τί
704 2095 748 2162 σύν
793 2105 837 2162 καί
860 2104 971 2181 τμητόν,
994 2107 1039 2164 καί
1063 2105 1162 2184 μυρίοις
1178 2104 1345 2181 ὑποκείμενον
1358 2104 1478 2179 πάθεσιν,
1497 2103 1513 2161 ἀ
1526 2128 1574 2163 τυ-

7 2189 96 2268 :perdiu
116 2213 150 2256 τις
172 2187 260 2248 ίκανθν
285 2191 435 2260 ἀποστῆσαι
454 2194 526 2266 ἡμᾶς
548 2193 594 2260 τῆς
616 2188 678 2268 πρὸς
693 2189 748 2248 θεθν
795 2193 885 2268 ρόννου
902 2195 1000 2271 μᾶλλον
1012 2199 1029 2265 ἡ
1042 2199 1158 2271 τυχοῦσα
1175 2193 1248 2260 νόσος
1262 2192 1389 2271 ἀπήγαγε.
1403 2193 1438 2252 Τί
1452 2183 1496 2250 ούν
1512 2192 1576 2270 ρού-

7 2385 105 2452 ciemus,
118 2394 143 2439 et
157 2385 249 2438 omnia
263 2385 367 2457 magis,
381 2393 586 2456 quamnosmet
603 2383 677 2457 ipsos
697 2403 748 2438 cu·
794 2387 921 2442 tudinem
943 2386 1067 2442 studiose
1082 2387 1308 2456 conservaveris,
1325 2387 1357 2443 id
1381 2397 1473 2443 autem
1492 2405 1576 2444 omne

7 2471 245 2544 abimus,qu0rum
258 2473 405 2544 praecipua
418 2488 486 2526 cura
500 2471 599 2525 haberi
613 2471 704 2527 debet.
720 2473 747 2526 Si
793 2474 872 2546 quod
895 2473 931 2528 ab
956 2493 990 2529 ea
1011 2475 1194 2530 similitudine
1217 2474 1335 2530 abducit
1358 2473 1491 2530 demuma
1519 2491 1576 2530 esse

7 2561 56 2614 enim
72 2561 97 2615 id
113 2561 186 2634 quod
204 2579 328 2634 cotpore
346 2561 435 2614 utitur
452 2561 561 2616 animus
580 2571 636 2631 est,
646 2581 749 2635 corpus
793 2562 946 2616 maximum
957 2563 1164 2617 existimaveris.
1182 2564 1243 2616 lloc
1257 2563 1331 2616 eninr
1346 2561 1417 2615 illud
1431 2572 1488 2631 est,
1503 2565 1578 2635 quod

7 2665 150 2702 cruciamen
158 2657 351 2722 comparatum
357 2648 534 2702 instrumenti
541 2648 603 2703 vice
611 2649 746 2722 iungitur,
793 2649 842 2702 tibi
856 2667 911 2704 non
924 2653 961 2703 rit
973 2650 1159 2717 commodum,
1175 2649 1195 2702 i.
1209 2665 1233 2702 e.
1251 2647 1470 2720 quodcunquea
1481 2649 1577 2704 divina'

7 2739 147 2792 nstrutnenti
167 2748 258 2793 autern
279 2737 357 2792 istius
380 2737 471 2810 gratia
484 2737 593 2809 reliqua
610 2738 693 2791 etiam
713 2737 749 2792 ad
792 2736 975 2792 similitudine
1001 2735 1135 2804 abducit;
1165 2734 1399 2809 quandoquidem
1431 2735 1462 2790 id
1494 2735 1578 2790 uobis

7 2825 122 2879 urendam
135 2823 236 2880 fluxam
249 2824 311 2896 ejus
325 2834 455 2878 naturam
469 2823 582 2878 inventa
595 2834 675 2893 sunt,
687 2843 749 2879 rna-
793 2825 964 2878 commodum
974 2823 1112 2896 est,quod
1121 2821 1158 2878 ad
1166 2823 1248 2877 talem
1254 2821 1465 2877 similitudinem
1472 2822 1577 2895 perdu-

7 2909 103 2966 tilestum
116 2924 166 2982 est,
177 2911 251 2968 illius
263 2911 344 2986 quod
357 2911 484 2966 omnium
493 2912 615 2984 primum
627 2923 656 2966 et
665 2924 751 2985 caput
794 2911 840 2965 cit.
855 2909 930 2982 Quid
945 2911 1030 2984 igitur
1042 2909 1141 2964 alseret
1155 2911 1257 2982 aliquis
1273 2919 1350 2965 tanta
1364 2910 1391 2962 vi
1407 2909 1574 2982 praeditum‚

8 3009 31 3052 st
40 3017 120 3054 cutam
130 3003 298 3074 praecipuam
309 3000 488 3072 primamque
503 3015 561 3054 esse
571 2998 747 3068 habendam,
793 3009 825 3052 ut
836 3017 888 3052 nos
898 2997 1016 3052 adivina
1024 2997 1206 3053 similitudine
1214 2996 1578 3070 etpbilosophiaabducat?

8 3087 124 3142 erundum
136 3099 225 3144 autem
239 3087 302 3158 ejus
322 3086 402 3160 quod
416 3085 571 3141 secundum
592 3096 643 3141 eat.
666 3089 750 3142 Unde
794 3103 861 3140 num
884 3077 1067 3158 pecuniarum
1096 3086 1279 3142 donationem
1300 3098 1349 3142 aut
1368 3086 1578 3142 ademtionem?

8 3187 39 3225 ter
57 3174 230 3230 valetudinem
250 3174 376 3248 negliget
396 3173 440 3227 vir
453 3173 579 3246 sapieus3
596 3191 655 3227 non
670 3174 750 3247 quod
794 3175 873 3245 atqui
888 3173 1037 3228 didicimus
1050 3174 1099 3228 has
1111 3184 1187 3228 recta
1200 3192 1264 3229 curn
1277 3175 1387 3229 ratione
1403 3184 1431 3228 et
1448 3176 1577 3248 accipere

9 3261 242 3330 :orpusprimarium
252 3258 391 3332 quiddam
403 3259 552 3327 existimet,
558 3258 607 3314 sed
617 3269 649 3313 ut
658 3261 750 3334 ipsum
794 3270 823 3314 et
833 3261 979 3328 amittere,
992 3277 1085 3333 neque
1099 3279 1152 3314 nos
1165 3260 1245 3327 latet,
1260 3277 1346 3332 (γυιιιιτ
1360 3261 1465 3314 incerta
1480 3277 1577 3314 earum

9 3340 110 3400 idanimi
120 3365 196 3402 usum
207 3347 245 3402 ita
256 3346 467 3416 accommodet,
478 3355 510 3400 ut
522 3345 582 3416 ejus
592 3347 751 3403 actionibus
794 3349 929 3420 possessio
942 3345 989 3402 sit.
1005 3347 1079 3418 Quid
1096 3347 1188 3412 enirn,
1201 3347 1223 3400 si
1238 3347 1285 3400 hic
1305 3363 1351 3401 eas
1370 3365 1429 3400 non
1451 3346 1574 3413 adimat,

9 3441 89 3495 ammte
100 3433 269 3507 obtanpmt
293 3450 302 3488 ς
323 3434 407 3487 tertio
420 3450 490 3488 ver-0
504 3433 570 3486 loco
585 3449 683 3488 eorum
697 3453 750 3488 cu.
793 3443 889 3480 nonne
902 3425 948 3480 l'ur
962 3442 1007 3481 eas
1029 3425 1152 3480 auferet?
1164 3434 1192 3478 et
1207 3443 1309 3498 magno
1332 3427 1427 3480 animo
1442 3443 1495 3478 nos
1514 3425 1576 3478 illa·

10 3531 47 3569 an
59 3529 125 3592 aget,
140 3539 201 3593 (γαπ
218 3522 303 3577 tertia
317 3531 395 3589 sunt,
411 3531 496 3592 arque
510 3537 543 3575 ea
557 3537 619 3593 quae
636 3531 751 3578 exrema
794 3512 1004 3584 rumjacturam
1017 3515 1159 3586 patiemur
1170 3512 1206 3567 ab
1218 3531 1253 3567 eo
1264 3513 1314 3584 qui
1333 3512 1443 3568 divitias
1456 3529 1514 3565 non
1525 3511 1576 3566 ha-

10 3614 51 3656 unt
73 3605 103 3659 ed
122 3608 295 3664 instrumenti
324 3609 569 3663 conservationem
592 3607 749 3666 adhibebit.
794 3601 852 3660 bet.
874 3601 976 3657 Nonne
1000 3601 1176 3675 naufragium
1198 3620 1250 3656 nos
1272 3601 1306 3655 iis
1327 3599 1481 3672 spoliabit?
1500 3601 1578 3670 Quot

10 3688 110 3748 uiuum
122 3695 203 3768 igitur
214 3696 342 3770 primurn
359 3695 472 3750 curabit
488 3701 611 3766 eumque
636 3693 750 3750 sortasse
794 3706 864 3743 vero
886 3699 951 3743 sunt
973 3689 1020 3744 alii
1041 3689 1121 3744 modi
1144 3689 1248 3762 quibus
1262 3689 1366 3742 divitiae
1389 3684 1577 3739 amittuntur?

11 3777 87 3846 ulum,
101 3781 231 3854 siquidem
251 3783 369 3838 illorum
389 3800 452 3856 quae
473 3799 508 3838 eo
531 3781 665 3837 inferiora
685 3793 751 3838 sunt
794 3774 986 3844 Quamobrem
1001 3793 1053 3828 nos
1066 3785 1095 3830 et
1108 3776 1219 3831 virtutis
1232 3776 1370 3830 rationem
1392 3771 1575 3838 habebimus,

11 3880 56 3918 :ura
67 3865 98 3920 ad
109 3867 162 3940 ejus
173 3869 336 3943 profectum
347 3871 480 3944 pertinet.
493 3868 642 3942 Quidquid
656 3879 750 3925 autem
795 3872 990 3936 paupertatem
1010 3863 1156 3918 honestam
1175 3881 1239 3916 cnm
1255 3861 1359 3916 divitiis
1378 3868 1478 3932 sponte
1493 3874 1576 3912 com-

11 3959 32 4002 st
42 3964 128 4024 preter
139 3957 285 4032 virtutem,
298 3957 354 4014 boc
368 3958 459 4032 ipsum
471 3968 525 4027 est,
541 3956 620 4030 quod
632 3954 684 4012 riht
694 3975 749 4012 non
794 3961 934 4006 mutantes
946 3969 1046 4023 easque
1057 3949 1131 4021 justa
1143 3950 1178 4006 tle
1191 3967 1271 4006 causa
1285 3947 1449 4019 abjicientes
1463 3954 1491 3999 et
1506 3945 1577 4000 tauti

12 4039 31 4088 it
47 4043 197 4098 commodum
212 4062 219 4098 :
237 4045 284 4100 cui
309 4045 384 4100 enim
405 4043 522 4118 prodest
540 4045 641 4110 virttis,
658 4044 751 4100 eidem
794 4037 962 4096 redimentes
981 4039 1127 4107 virtutem,
1147 4046 1283 4113 quantum
1311 4045 1352 4090 est
1375 4033 1577 4088 detrimentum

12 4119 65 4176 >best
74 4129 145 4198 quod
158 4131 192 4186 ab
202 4147 233 4188 ea
245 4133 392 4188 abhorret.
407 4131 457 4187 llle
466 4132 553 4206 igitur
560 4130 644 4186 nobis
652 4142 752 4186 auctor
795 4127 874 4201 quod
887 4129 909 4182 is
922 4127 1005 4183 uobis
1021 4129 1173 4199 importet,
1190 4126 1239 4198 qui
1254 4125 1291 4180 ab
1308 4141 1341 4178 ea
1358 4139 1411 4176 nos
1432 4121 1578 4176 dimovere

12 4219 84 4274 shut
97 4215 285 4274 circumducto
310 4219 417 4276 circulo
430 4219 550 4274 'virtutes
572 4219 749 4287 muniamus,
795 4226 925 4270 conatur.
941 4217 1027 4288 Atqui
1048 4216 1094 4270 ille
1117 4223 1259 4294 tormenta
1278 4219 1307 4266 et
1321 4219 1442 4264 mortem
1463 4206 1573 4264 alleret.

13 4297 40 4365 {ti
59 4297 117 4355 dicit
136 4322 191 4358 non
213 4317 348 4381 oportere
371 4325 424 4362 uos
444 4308 604 4362 auscultare
627 4307 653 4362 ei
669 4309 752 4379 quia
796 4301 839 4356 td
853 4301 914 4356 haec
929 4302 1015 4374 igitur
1029 4310 1172 4374 promtum
1187 4311 1228 4354 est
1243 4297 1431 4372 respondere,
1447 4313 1506 4349 non
1525 4312 1578 4349 nos

13 4381 85 4440 tirtute
98 4406 144 4443 nos
157 4403 274 4448 conatur
287 4393 444 4461 abducere,
464 4394 681 4467 quibuscunque
700 4393 750 4449 de·
795 4389 854 4444 hauc
879 4407 937 4444 esse
959 4407 1103 4462 passuros,
1127 4387 1267 4460 siquidem
1281 4384 1352 4446 illud
1367 4401 1417 4447 nor
1437 4391 1576 4449 tucamur,

13 4485 63 4524 num
83 4473 152 4530 laetis
173 4489 221 4534 aut
244 4480 330 4536 dictis
349 4480 386 4536 ad
406 4479 529 4536 deterius
541 4497 594 4535 nos
609 4479 751 4535 alliciendi
795 4478 844 4534 sed
859 4496 964 4551 corpus
981 4495 1039 4532 esse
1062 4476 1140 4549 quod
1165 4474 1349 4538 cruciabitur,
1371 4487 1475 4544 corpus
1499 4467 1578 4540 quod

14 4558 133 4617 aniculam
146 4565 240 4620 lecerit
253 4587 260 4622 ι
274 4565 355 4624 verbi
368 4568 471 4642 gratia,
487 4585 524 4623 ne
538 4580 674 4640 tyrannus
681 4584 751 4640 pro·
795 4566 945 4636 morietur,
959 4565 1030 4618 nibil
1051 4575 1155 4637 praeter
1171 4573 1301 4616 naturam
1317 4576 1397 4614 suam
1416 4573 1574 4630 passurum.

14 4642 219 4708 nimtaciemaut
231 4671 262 4710 ea
273 4674 304 4709 re
314 4665 462 4730 prestans,
475 4672 512 4710 ne
525 4656 610 4710 minis
623 4656 753 4710 territans
796 4655 843 4708 Est
857 4653 931 4708 enim
954 4653 1054 4706 natura
1076 4652 1125 4706 sua
1149 4648 1269 4705 mortale
1292 4659 1320 4703 et
1342 4644 1437 4701 sectile
1452 4652 1480 4697 et
1501 4641 1579 4695 malis

14 4741 41 4782 u:
53 4738 204 4796 cruciatibus
219 4742 352 4817 adigens,
367 4762 404 4799 ne
423 4762 543 4817 persona
565 4746 649 4800 amici
670 4743 753 4799 sami·
796 4742 953 4796 obnoxium
964 4738 1131 4806 innumeris,
1145 4755 1206 4809 quae
1225 4735 1345 4808 quilibet
1362 4729 1479 4786 morbus
1489 4729 1578 4800 magis

15 4815 105 4876 irritatis
117 4828 204 4898 specie
216 4829 341 4887 fraudem
354 4831 498 4888 occultans
511 4832 597 4900 abeo
619 4842 647 4887 te
661 4831 752 4887 abdu-
796 4847 883 4902 quam
898 4839 1032 4901 tyrannus
1043 4836 1138 4900 potest
1156 4823 1268 4879 inferre.
1281 4823 1338 4877 Cur
1353 4818 1487 4892 erigitur
1503 4813 1579 4889 sugi-

15 4909 116 4977 ²lqu0d
133 4915 221 4972 auimo
238 4919 365 4992 prodest.
388 4919 455 4974 Sola
476 4931 571 4976 autem
590 4922 616 4976 ei
633 4929 753 4993 prosunt
796 4913 1091 4989 mus,quaeelluge1e
1114 4927 1173 4966 non
1188 4907 1352 4983 possumus?
1366 4924 1398 4961 ac
1411 4921 1471 4957 non
1484 4902 1579 4976 potius

15 4992 83 5048 'eritas
103 5007 129 5052 et
151 5003 246 5064 virtus.
269 5009 294 5062 t
316 5005 417 5062 fraude
439 5025 507 5063 vero
535 5018 609 5063 tutus
636 5009 707 5073 eris,
730 5007 752 5062 si
796 5023 828 5060 ea
845 5020 1057 5070 conservamus,
1075 5017 1198 5074 quorum
1222 4993 1399 5052 conservatio
1418 5006 1506 5064 penes
1528 5005 1579 5042 nos

16 5075 157 5141 dormitam
175 5100 247 5147 tuam
265 5093 438 5169 intelligens,
453 5113 515 5168 quae
535 5096 570 5151 sit
583 5105 611 5150 et
624 5093 703 5166 cujus
715 5095 754 5149 si·
796 5095 855 5150 est?
866 5091 952 5163 Quod
966 5093 1041 5146 euim
1054 5098 1154 5144 natura
1171 5103 1221 5141 sua
1234 5081 1354 5138 mortale
1372 5088 1430 5146 est,
1441 5076 1472 5132 id
1487 5076 1580 5148 capite

16 5164 162 5230 silitudinem
173 5183 271 5237 natura
284 5201 342 5258 prae
353 5201 383 5238 se
394 5183 479 5255 ferat,
490 5184 566 5238 illam
580 5181 640 5256 ejus
652 5183 751 5238 simili·
796 5181 960 5237 damnatum
973 5178 1117 5235 nosnullo
1131 5174 1219 5231 modo
1233 5191 1250 5228 a
1265 5180 1357 5227 morte
1372 5169 1495 5223 liberare
1511 5181 1579 5240 pos·

89 5288 167 5330 tattoe
186 5295 258 5336 oenc.
1447 5271 1475 5312 ‘²⁹
