3708 5916
616 432 658 492 ΙΝ
679 429 843 493 turnum
864 427 1033 488 muttum
1124 477 1127 482 .
1361 436 1370 451 “
1557 436 1613 488 tat

9 571 144 654 φαίνεται,
156 570 236 645 εἰμὴ
247 568 290 628 διδ
306 568 386 646 μάνης
396 569 442 637 τῆς
462 568 492 626 ir
506 569 553 626 τοῦ
565 563 643 646 ὅρκου
657 562 791 638 άληθείας.
839 559 921 622 τὸνων
935 559 980 619 καῖ
998 563 1044 620 τοῦ
1058 559 1127 620 θείου
1141 559 1220 638 νόμου
1236 566 1282 620 τοῦ
1297 563 1343 632 τῆς
1354 559 1449 629 τάξεως
1467 560 1613 639 ἡγουμένου

9 659 107 724 Ἔσται
122 655 150 717 δὲ
166 663 258 717 ταῦτα
270 653 351 717 πιστίι
367 663 422 722 τοῖς
432 653 586 726 ἀκυύουσιν,
602 655 624 712 εί
640 651 684 711 τύν
698 649 794 730 τρόπον
840 647 884 706 καί
896 651 942 705 τοῦ
963 649 1136 724 ουνεποριένου
1148 646 1225 727 ὅρκου
1243 651 1282 728 τῷ
1299 649 1372 728 νόμῳ
1390 653 1515 708 τοσαῦτα·
1534 646 1614 706 ὅτιδέ

9 749 146 826 σύμφωνον
160 748 202 825 τῷ
219 746 291 824 ὅρκῳ
310 742 509 822 παρεχυίμεθοι,
528 742 574 800 καὶ
588 738 718 816 μηδεμίαν·
731 741 794 796 ὐπο-
840 733 924 792 καὶτὸ
938 734 1003 809 μετίι
1026 735 1096 802 θεοὺς
1109 735 1196 812 γένος,
1218 735 1232 796 δ
1252 734 1350 813 ἔφαμεν
1375 738 1512 814 ἄγγελεκθν
1531 725 1614 805 εἶναι,

9 833 67 912 ψίαν
90 830 322 909 καταλείπωμεν,
346 837 380 895 ὼς
404 829 455 907 ἄρα
475 827 541 887 ποτὲ
561 831 612 884 τῶν
628 824 794 902 ἀνθρωπίνων
842 821 968 901 δευτίριυς
980 822 1032 902 χρὴ
1044 833 1123 901 τιμᾶν
1136 824 1237 900 έπάγει.

9 919 173 998 πραγμάτων
191 917 288 998 φανείη
302 941 327 976 τι
344 919 429 994 μεῖζον
440 919 502 991 ἡμῖν
514 912 646 988 ἀληθείας,
660 911 712 970 είτε
725 913 794 970 ἀνω-

10 1005 183 1082 μότοις,είτε
199 1005 248 1063 καί
263 1003 398 1078 ὀμνύουσι.
439 998 793 1078 Τθὸὴσίὸουὸρκονού
1171 986 1225 1045 lli·
1249 997 1278 1046 2·

12 1093 85 1174 μόνογ
98 1093 236 1170 εὐορκεῖν,
247 1090 316 1150 οἰλλδ
329 1091 376 1149 καὶ
387 1089 530 1168 ἀπέχεσθαι
546 1085 622 1166 ὅρκου
643 1093 792 1165 παρεγγυᾷ.

10 1179 86 1240 otro
100 1179 153 1258 γθιρ
170 1179 203 1236 ἂν
217 1178 383 1258 τηρήσωμεν
398 1176 428 1234 τὸ
442 1178 565 1254 εὐορκεῖν,
578 1175 601 1232 ιθ
613 1172 650 1250 μὴ
663 1194 795 1251 καταχρη-

13 1268 118 1342 σοίμιθα
141 1269 197 1330 τοῖς
217 1265 315 1345 ὅρκοις.
358 1262 412 1323 Καὶ
427 1261 477 1342 γθρ
500 1265 526 1320 έν
549 1265 581 1338 τῇ
605 1260 729 1338 συνεχείᾳ
749 1263 794 1315 τοῦ
880 1251 963 1318 Οθτοι
977 1250 1045 1332 ἦσαν
1057 1258 1089 1317 τθ
1103 1257 1182 1338 μέσον
1203 1257 1276 1336 γένος
1288 1262 1339 1317 τῶν
1352 1261 1463 1334 λογικῶν
1477 1265 1580 1332 οὐσιῶν,
1594 1261 1619 1322 oi

13 1353 113 1428 ὀμνύειν
136 1353 239 1430 ῥηιδίως
253 1350 285 1410 θν
299 1351 441 1428 μεταπέσοι
457 1372 495 1414 τις
508 1350 544 1413 εἶς
557 1345 700 1427 ἐπιορκίαν·
715 1346 796 1424 φειδοῖ
842 1345 908 1423 perir
937 1345 1008 1413 θεοθς
1029 1346 1088 1413 τούς
1113 1345 1255 1412 ἀθανάτους
1276 1343 1324 1417 τὴν
1349 1347 1439 1426 ἐφεξῆς
1462 1350 1618 1427 πληροῦντες

16 1439 40 1497 δθ
54 1438 162 1519 τήρησις
176 1435 283 1497 έπεται.
344 1433 382 1496 Ἦ
402 1433 453 1514 γδρ
465 1438 510 1493 οὐκ
522 1437 640 1509 ὀμεῖται,
655 1431 673 1503 ἢ
688 1431 750 1492 ὅταν
764 1428 793 1489 ὅ·
840 1433 930 1512 χώραν
944 1439 1118 1510 προηγοῦνται
1135 1437 1181 1502 τῆς
1199 1433 1360 1510 άνθρωπίνης
1376 1435 1489 1514 φύσεως,
1502 1433 1548 1491 καί
1557 1457 1618 1493 συν-

16 1549 102 1602 μνυσιν
117 1523 272 1600 εὐορκήσει·
282 1524 327 1584 καί
342 1522 400 1582 οὐτε
417 1523 449 1581 ἂν
464 1521 514 1580 ὑπὸ
526 1519 659 1592 συνηθείας
675 1517 797 1598 προδρά-
841 1520 952 1579 άπτσυσι
966 1521 999 1578 δι’
1011 1524 1109 1578 ἑαυτῶν
1124 1519 1157 1577 rit
1171 1518 1271 1599 ἔσχατα
1286 1523 1338 1587 τοῖς
1352 1518 1474 1600 πρώτοις.
1508 1519 1620 1588 Τούτοις

20 1638 61 1688 μοι
73 1618 91 1678 λ
105 1613 236 1688 γλῶσσα,
252 1610 310 1671 οὔτε
325 1609 378 1668 ὖπθ
390 1613 481 1668 παθῶν
505 1605 644 1682 &nimiu
657 1611 673 1676 θ
696 1605 795 1663 &itm
841 1601 897 1684 οὐν,
909 1612 944 1675 ὡς
955 1610 1098 1686 δευτέροις,
1108 1609 1156 1681 τὴν
1170 1605 1292 1687 δευτέραν
1303 1607 1381 1685 τιμὴν
1394 1589 1545 1668 ἀποδιδόναι
1553 1609 1618 1686 χρή,

19 1699 133 1779 σφαλείη.
159 1697 220 1768 Τὴν
239 1699 287 1772 μέν
301 1699 351 1775 γὰρ
366 1701 380 1756 θ
394 1696 487 1776 τρίπος
499 1695 608 1774 θρθώσει
618 1692 731 1774 χρηστὸς
741 1693 794 1769 ῶν,
842 1696 1088 1774 προσυπακούοντας
1109 1695 1154 1754 καλ
1168 1698 1209 1754 ἐπ’
1230 1697 1315 1752 αὐτῶν
1337 1695 1373 1754 τθ
1387 1694 1467 1771 τίμα
1481 1693 1565 1774 νόμῳ
1578 1700 1620 1762 ὡς

20 1788 63 1858 rip
76 1787 102 1844 δέ
115 1786 147 1844 τὸ
163 1785 224 1853 ἔθος
247 1791 294 1857 τῆς
308 1788 411 1863 ἀποχῆς
433 1790 478 1843 τοῦ
489 1781 609 1859 ὀμνύναι.
652 1779 753 1859 Πρέπει
768 1781 796 1837 δθ
842 1784 1039 1845 διάκεινται.
1066 1782 1099 1842 ‘ii
1113 1781 1166 1861 γθρ
1179 1783 1226 1856 ὅλη
1242 1782 1349 1858 δύναμις
1373 1786 1421 1854 τῆς
1438 1787 1517 1860 τιμῆς
1543 1786 1569 1841 ἐν
1586 1788 1619 1856 ιη’*

21 1873 251 1951 τῇπρῡῑῑβημὲνῃ
274 1875 338 1950 τιμῇ
365 1875 416 1929 τῶν
437 1873 500 1928 θεῶν
525 1874 542 1942 ἡ
563 1866 681 1948 εὐορκία,
697 1869 732 1931 titt
757 1865 796 1924 tet
841 1869 937 1948 γνώσει
950 1875 996 1942 τῆς
1008 1870 1097 1938 οὐσίας
1118 1873 1170 1928 τῶν
1187 1867 1342 1960 τιμριμένων
1357 1877 1451 1930 κεῖται·
1472 1870 1516 1949 ἀφ’
1529 1861 1560 1941 ἧς
1574 1847 1623 1930 καθ

22 1962 144 2040 σύμφυτος
161 1959 322 2023 autoritate
338 1963 386 2028 τῆς
396 1956 536 2022 ‘funestus'
551 1954 597 2014 καί
607 1952 658 2033 γὰρ
668 1953 713 2012 καί
730 1949 797 2031 δὸρ-
840 1959 871 2018 τθ
884 1964 935 2018 τῶν
951 1959 1060 2019 δεόντων
1080 1961 1160 2018 εἰπεῖν
1179 1980 1204 2015 τι
1216 1957 1233 2028 ἢ
1245 1955 1341 2034 πρᾶξαι
1352 1959 1416 2036 πρὸς
1435 1957 1467 2015 τθ
1482 1957 1619 2034 τιμώμενα

25 2072 64 2116 θος
84 2054 128 2108 τοῦ
154 2045 225 2104 θείου
250 2044 332 2120 νόμου
346 2036 378 2116 ἦν
399 2043 481 2124 φύλαξ
495 2043 563 2102 κατὰ
579 2040 685 2113 τὴντῡῧ
699 2038 796 2106 παντὸς
842 2037 871 2104 εὐ
884 2047 929 2104 καὶ
943 2051 1029 2114 καλῶς
1042 2045 1226 2126 ἐξευρίσκεται.
1240 2047 1302 2110 Πῶς
1313 2044 1363 2122 γὰρ
1376 2044 1407 2103 ὅιν
1419 2045 1568 2124 διαλεχθείη
1580 2069 1620 2111 τις

26 2134 204 2209 διακόσμησιν.
219 2134 294 2208 Τίμα
308 2123 352 2191 οὐν
365 2131 410 2189 τὸν
427 2131 506 2207 νόμον
526 2129 652 2205 ἑπόμενος
670 2129 796 2207 αὐτοῦτῇ
841 2122 879 2198 οἷς
901 2134 1002 2210 ἀγνοεῖς
1016 2137 1070 2200 πῶς
1091 2133 1118 2192 δὲ
1139 2134 1219 2212 δῶρον
1240 2131 1362 2210 προσδέξει
1383 2131 1499 2205 τούτοις,
1515 2124 1550 2190 ῶν
1573 2131 1620 2202 τὴν

25 2219 197 2291 διατάξει,καλ
215 2219 296 2278 citou
307 2219 351 2278 τὸν
367 2216 443 2295 ὅρκον
457 2219 495 2296 τῷ
512 2217 548 2294 μὴ
564 2214 710 2295 προχείρως
726 2215 797 2295 αὐτῷ
842 2217 917 2288 ἀξίαν
938 2224 985 2280 οὐκ
1005 2211 1082 2292 nibem
1096 2219 1131 2282 Ἡ
1149 2221 1241 2298 πρώτη
1260 2209 1303 2277 οὐν
1326 2219 1370 2277 καί
1386 2218 1465 2285 ὅντως
1479 2219 1560 2296 τιμή,
1575 2219 1620 2277 καῖ

26 2311 217 2386 καταχρῆσθαι,
233 2305 269 2365 ἵν’
285 2307 512 2384 έθισθῇςέὐορκεῖν
526 2307 556 2364 έκ
575 2309 621 2363 τοῦ
636 2302 673 2380 μὴ
687 2303 797 2362 εἰθίσθαι
843 2305 886 2364 tat
899 2311 951 2366 τῶν
966 2311 1097 2385 άγουῶν
1120 2307 1246 2385 ἡρώων,
1264 2306 1333 2365 ἐστὶν
1345 2314 1362 2379 ἡ
1374 2310 1420 2378 τῆς
1433 2308 1523 2375 οὐσίας
1535 2311 1621 2366 αὐτῶν

27 2397 135 2469 ὀμνύναι.
179 2393 271 2471 Μέρος
282 2391 334 2471 γθρ
347 2396 376 2451 οὐ
391 2393 482 2470 μικρόν
502 2395 559 2451 ι’στι
574 2395 620 2462 τῆς
636 2389 795 2463 εὐσεύείαςὴ
842 2394 948 2466 καὶτῆς
961 2396 1057 2464 τάξεως
1070 2399 1163 2473 γνῶσις
1178 2393 1223 2452 καί
1241 2401 1258 2466 ἡ
1278 2399 1324 2464 τῆς
1343 2393 1526 2472 παρεπομένης
1547 2394 1620 2470 trep-

27 2485 130 2562 εὐορκία.
172 2482 228 2543 Καὶ
242 2483 305 2562 περὶ
318 2481 364 2557 μέν
376 2487 422 2540 τοῦ
436 2479 539 2560 πρώτου
551 2477 640 2559 γένους
653 2481 705 2537 τῶν
716 2502 798 2558 κρειτ·
817 2559 822 2568 Ι
841 2482 913 2560 γιίας
926 2483 971 2542 καί
982 2485 1018 2550 εἰς
1030 2483 1088 2542 τόδε
1099 2481 1128 2540 τδ
1139 2491 1190 2541 πᾶν
1205 2479 1378 2552 διατεινούσης
1393 2476 1538 2543 συντελείας
1551 2479 1622 2551 εἴδη·

903 1159 935 1169 -
942 1157 1013 1174 --ι
1020 1159 1051 1174 -
1063 1129 1134 1179 ἔπειθ’
1143 1131 1221 1192 ἥρωας
1231 1111 1340 1194 ἀγαθούς.

29 2633 181 2646 Ρ-
188 2629 981 2643 Μ--ι--ι--Ἢ
1188 2628 1354 2638 ——n-—u-
1358 2623 1619 2636 navam—m

28 2704 164 2778 possessio,
185 2705 221 2758 ab
235 2705 271 2758 iis
282 2703 367 2758 etiam
382 2711 478 2756 sancte
493 2711 672 2755 conservatur
682 2699 798 2772 jurisju-
844 2714 948 2786 Legem
960 2713 1047 2786 igitur
1062 2728 1191 2767 reverere
1202 2750 1210 2778 ,
1223 2709 1348 2764 instituta
1364 2705 1424 2778 ejus
1435 2704 1622 2778 observando,

30 2790 102 2844 randi
114 2791 222 2862 reiigiO·
238 2789 352 2863 optima
364 2799 456 2843 autem
471 2787 669 2842 conservanda!
680 2785 798 2858 juriSjll·
844 2797 1078 2870 etjquufflildum
1091 2797 1166 2866 cole,
1183 2795 1363 2852 temerarium
1372 2793 1431 2866 ejus
1441 2792 1562 2848 abusum
1574 2792 1617 2846 vi.

30 2875 101 2930 randi
115 2877 281 2931 reverentia
303 2877 376 2930 ratio
396 2876 464 2944 erit,
486 2875 508 2928 si
532 2891 584 2928 nec
606 2873 729 2934 crebro,
746 2891 798 2927 uec
846 2885 950 2959 tando,
972 2896 1004 2942 ut
1023 2903 1089 2941 ram
1109 2881 1295 2956 jurisjurandi
1312 2899 1365 2936 usu
1388 2891 1482 2936 sancte
1507 2877 1623 2950 jurandi

32 2962 440 3036 itmeffasse‘i‘ifflb11515beiiss
455 2961 547 3029 “hub
560 2979 613 3015 ¹1⁰0
633 2959 670 3015 ad
688 2978 797 3014 ⁵²¹¹1110·
845 2990 953 3028 morem
970 2973 1107 3027 obtineas.
1131 2973 1199 3026 Pars
1219 2970 1294 3026 enim
1309 2987 1368 3023 non
1388 2968 1489 3040 exigua
1508 2966 1621 3039 pietatis

34 3051 69 3103 nis
95 3052 333 3125 complementum
355 3067 408 3104 nec
431 3049 468 3103 ad
499 3049 667 3103 narrationis
694 3045 798 3102 confir·
845 3070 885 3114 est
893 3057 1082 3134 jurisjurandi
1095 3067 1190 3112 sancta
1206 3056 1379 3112 observatio.
1399 3051 1539 3108 Hactenus
1554 3069 1623 3106 vero

33 3139 170 3193 Μίῑθῡθῐῐῑ
198 3157 233 3194 00
277 3135 470 3205 ⁰²³m11¹2⁵⁸d
494 3145 628 3209 quantum
652 3153 799 3208 P⁰⁵⁵¹¹¹¹¹¹¹⁵
845 3147 883 3202 de
907 3149 1001 3221 primo
1016 3163 1186 3219 superorum
1206 3159 1308 3217 genere
1327 3151 1356 3196 et
1382 3140 1417 3194 de
1432 3139 1527 3194 divina
1549 3137 1624 3210 lege,

35 3223 133 3302 illudio
146 3225 310 3281 necessariis
321 3234 428 3279 tanturn
439 3234 523 3295 atque
536 3220 652 3292 majoris
661 3224 799 3276 momenti
846 3253 908 3308 φη
924 3234 1018 3290 ordini
1032 3243 1147 3307 prm,
1163 3241 1192 3286 et
1211 3229 1248 3285 de
1266 3225 1470 3300 jurejurando,
1490 3223 1567 3298 quod
1583 3225 1624 3278 le.

35 3311 106 3365 “1³⁰⁵
117 3312 320 3387 adhibeamus,
337 3311 423 3383 idque
437 3320 519 3379 tunc,
534 3328 598 3364 cum
611 3327 708 3364 earum
722 3309 797 3365 nulla
844 3339 909 3394 gem
921 3322 1081 3377 comitatur.
1091 3321 1182 3373 Porro
1192 3327 1284 3373 autem
1293 3332 1406 3368 carmen
1412 3313 1516 3368 docens
1524 3311 1625 3384 proxi-

37 3397 97 3452 salus
109 3399 177 3473 aiio,
192 3417 280 3473 quam
293 3417 325 3454 ex
340 3398 398 3453 sola
411 3399 529 3451 veritate
535 3395 719 3468 jurejurando
730 3413 798 3450 con·
844 3424 921 3460 mum
945 3423 1061 3480 qnoque
1084 3403 1137 3460 diis
1159 3419 1266 3476 genus,
1291 3398 1370 3473 quod
1397 3416 1449 3452 nos
1468 3395 1623 3452 meandum

37 3481 132 3540 iirmata
148 3497 279 3561 apparet.
296 3487 443 3541 Invenient
459 3483 600 3560 vcrobaec
619 3481 703 3538 fidem
723 3483 799 3557 apud
844 3491 984 3567 diximus,
1008 3488 1133 3546 secundo
1157 3489 1222 3542 loco
1248 3483 1449 3540 honorandum
1475 3500 1549 3555 esse,
1570 3481 1623 3538 ad-

39 3571 182 3647 auditores,
192 3577 214 3629 si
230 3591 326 3628 mores
341 3572 519 3628 ostendamus
530 3569 710 3642 jurijurando
726 3589 799 3626 con·
840 3579 913 3651 γ’ῑςῑς,
1281 3584 1287 3592 ·

39 3659 178 3728 venicntcs,
189 3679 243 3715 nec
257 3661 348 3714 ulium
365 3657 532 3732 suspicionis
544 3656 641 3712 iocum
654 3658 799 3730 relinqua·
1183 3669 1236 3724 111,
1260 3685 1291 3724 2,

39 3757 103 3812 mus,
114 3763 201 3800 rerum
217 3747 375 3819 quidquam
385 3745 572 3800 humanarum
583 3784 592 3813 ,
604 3747 662 3799 sive
673 3741 799 3815 injuratis

40 3828 87 3883 sive
95 3830 188 3900 juratis
201 3835 293 3906 pluris
307 3831 461 3906 aliquando
474 3849 533 3887 esse
549 3850 634 3903 quarn
643 3832 795 3890 veritatem.

41 3913 94 3968 11⁰⁰
104 3919 198 3990 utique
210 3929 401 3994 praeceptum,
413 3920 611 3988 jrojurnndum
631 3919 705 3986 cole,
718 3917 800 3972 nobis
885 3903 922 3960 iii
934 3913 1000 3957 sunt
1011 3897 1137 3955 medium
1151 3893 1223 3951 iilud
1237 3911 1323 3970 genus
1338 3901 1501 3947 naturarum
1517 3887 1624 3944 intelli-

42 4013 91 4052 nou
105 4003 188 4057 solum
206 4017 238 4060 ut
252 4016 345 4060 sancte
356 4004 497 4077 juremus,
509 4004 558 4059 sed
571 4015 603 4058 ut
621 4015 649 4058 et
663 4021 678 4058 a
686 4002 799 4077 jureju.
843 3992 979 4068 gentium,
991 3989 1040 4062 qui
1052 3983 1206 4042 secundum
1220 4001 1236 4037 a
1249 3980 1303 4035 diis
1318 3975 1622 4034 immortalibuslocurn

41 4085 117 4140 “mdo
133 4089 336 4162 abstineamus,
368 4091 499 4166 injungit.
523 4087 569 4146 Sic
593 4093 667 4146 enim
689 4109 800 4164 semper
845 4088 969 4133 tenentes
981 4077 1135 4131 humanam
1148 4081 1279 4125 naturam
1291 4064 1455 4141 praecedunt
1466 4064 1623 4138 primisque

43 4181 123 4227 sancte
131 4174 301 4247 jurabimus,
320 4181 341 4233 si
356 4175 543 4250 jurejurando
563 4195 621 4232 non
636 4176 795 4234 abutamur.
844 4167 943 4221 uitima
957 4165 1118 4218 interventu
1134 4178 1186 4214 suo
1208 4164 1391 4212 connectunt.
1417 4151 1469 4207 His
1485 4153 1579 4226 igitur,
1593 4162 1625 4206 ut

42 4255 64 4308 is
76 4261 141 4314 enim
156 4266 202 4335 qui
217 4266 320 4321 crebro
338 4265 415 4337 jurat
426 4266 456 4320 in
470 4264 626 4338 perjurium
636 4263 718 4318 facile
729 4282 798 4336 pro.
845 4250 989 4321 secundis,
1001 4247 1157 4306 secundum
1171 4245 1310 4301 honorem
1333 4240 1457 4296 tribuere
1471 4239 1623 4308 debemus,

44 4339 91 4396 labi
110 4353 189 4419 possit
205 4371 212 4407 :
231 4353 372 4407 rariorem
392 4369 460 4406 vero
486 4351 544 4423 ejus
571 4369 651 4404 usum
673 4352 800 4422 sequitur
846 4341 881 4396 de
897 4342 929 4396 iis
943 4355 1057 4414 quoque
1069 4335 1257 4408 intelligentes
1266 4327 1337 4384 illud
1353 4343 1499 4387 venerare.
1512 4328 1553 4378 uti
1562 4325 1625 4399 iege

46 4428 193 4492 observatio.
206 4441 262 4494 Aut
279 4441 353 4494 enim
366 4439 427 4511 quis
440 4454 499 4492 non
511 4436 639 4508 jurabit,
655 4448 703 4492 aut
712 4455 799 4508 quum
845 4431 974 4502 dispositi
987 4435 1062 4481 sunt.
1076 4425 1147 4478 Tota
1159 4421 1234 4475 enim
1250 4418 1291 4471 vis
1303 4413 1422 4470 honoris
1433 4413 1524 4486 posita
1538 4411 1622 4465 estin

44 4513 120 4588 jurat,
138 4537 228 4581 sancte
242 4527 369 4598 jurabit,
383 4537 411 4580 et
425 4526 478 4594 ita,
493 4536 526 4579 ut
538 4543 630 4597 neque
650 4535 799 4578 consuetu·
846 4525 950 4570 naturae
965 4531 1064 4568 eorum
1088 4510 1138 4583 qui
1160 4507 1338 4562 honorantur
1353 4500 1533 4573 cognitione,
1547 4495 1624 4551 unde

46 4599 101 4658 dine
113 4607 201 4683 lingua
213 4615 299 4668 menri
311 4623 483 4686 ,mem-rat,
494 4629 547 4666 nec
559 4610 798 4665 mensassectuum
846 4602 917 4676 qnid
940 4601 1035 4656 dicere
1055 4599 1100 4652 vel
1126 4595 1218 4650 iacere
1243 4599 1377 4666 oporteat
1400 4587 1510 4640 ratione
1528 4581 1623 4638 habita

47 4684 235 4765 intemperantia
266 4710 452 4772 pervertatur.
481 4698 559 4754 Hanc
590 4700 664 4754 enim
688 4717 798 4766 morum
846 4683 1230 4760 eorum,quibusbonorem
1255 4677 1419 4742 tribuimus,
1439 4679 1623 4726 recteetor-

48 4777 155 4843 probitas
168 4786 304 4860 corriget,
321 4785 397 4840 illam
420 4796 515 4840 autem
539 4795 670 4840 consueta
683 4782 799 4855 jurisju·
846 4776 911 4832 dine
925 4775 1047 4831 ducitur.
1061 4771 1124 4844 Quo
1140 4771 1212 4824 enim
1224 4776 1308 4841 pacto
1320 4762 1383 4836 quis
1395 4757 1530 4814 sermonis
1544 4773 1624 4810 com·

49 4861 114 4917 nudi
125 4867 291 4930 abstinentia.
304 4872 415 4926 Honori
430 4883 522 4927 autern
536 4872 673 4942 deorum,
688 4870 724 4924 de
741 4889 799 4943 quo
846 4863 982 4920 mercium
996 4879 1061 4916 cum
1075 4861 1109 4914 iis
1120 4857 1222 4912 habeat
1236 4869 1308 4926 quos
1329 4843 1458 4922 ignorat?
1476 4839 1623 4942 quomodo

50 4951 156 5018 superius
173 4955 292 5029 dictum,
309 4959 442 5013 convenit
456 4957 641 5031 jurisjurandi
654 4957 799 5026 sanctitas,
845 4973 914 5012 vero
942 4951 996 5006 illis
1020 4965 1135 5004 munera
1166 4941 1282 5007 offeret,
1311 4951 1434 5011 quorum
1459 4930 1623 5004 dignitatem

51 5039 76 5082 ’θ
96 5051 149 5105 quae
169 5043 274 5113 pietatis
289 5055 407 5119 aogmata
429 5063 581 5119 comesque
598 5045 633 5099 sit
646 5055 798 5118 perpetua,
845 5043 949 5097 nescit?
964 5039 1074 5094 Primus
1090 5035 1177 5108 igitur
1199 5041 1227 5085 et
1239 5043 1321 5082 verus
1332 5023 1425 5076 honos
1439 5019 1533 5084 etiarn,
1544 5014 1622 5088 quod

53 5121 256 5198 quandoquidem
270 5143 297 5188 et
307 5133 399 5205 ipsum
411 5131 610 5204 jusjurandum
620 5129 720 5186 divinae
733 5132 800 5205 legis
846 5129 882 5183 ad
896 5129 1016 5182 illustres
1028 5125 1130 5177 heroes
1150 5118 1264 5184 attinet,
1280 5121 1321 5167 est
1340 5124 1440 5164 eorum
1455 5123 1514 5159 non
1531 5101 1623 5200 solum

54 5213 130 5262 custos
156 5211 204 5269 mit
227 5218 255 5272 in
280 5217 465 5298 custodienda
490 5237 585 5274 rerum
612 5219 798 5274 universitate.
846 5227 951 5271 natura
963 5223 991 5268 et
1005 5207 1114 5265 ordinis
1126 5202 1256 5271 scientia,
1270 5195 1412 5254 sedetiam
1428 5187 1629 5270 actionisrude·

907 3819 1092 3837 ........
1114 3818 1125 3830 .
1139 3779 1226 3830 nunde
1235 3779 1319 3828 heroes
1328 3775 1444 3825 illustres.
