3708 5916
652 415 703 475 nn
724 418 926 480 ninnocnn.
1364 375 1365 380 Ν
1521 429 1579 482 na

11 575 58 630 nuo
70 549 231 620 accidisset,
245 560 277 606 ut
287 547 395 606 codicis
405 545 526 606 Medioei
540 545 767 604 coitatioattar-
809 564 924 604 carmen
947 544 1039 602 edidit
1063 545 1139 620 (αἳ).
1164 544 1237 602 Huic
1259 538 1336 604 haud
1358 543 1580 616 contemnenda,

11 638 105 716 puardo
130 635 227 693 (iudio
253 633 341 704 iacta,
361 653 447 710 quam
468 631 514 693 lo.
530 632 597 691 tib.
619 631 766 690 Fabricius
804 632 1048 710 quemadmodum
1062 635 1124 710 ipse
1134 632 1191 706 ait,
1206 631 1416 690 emendationis
1433 630 1581 702 subsidia,

11 737 96 784 nactus
109 741 171 780 cum
183 720 360 778 Ncedhamio
373 719 609 778 communicatam
623 718 765 787 voluerat,
810 717 917 794 quihus
944 717 1107 795 superiores
1131 718 1272 775 editiones
1295 728 1459 788 caruerant,
1478 729 1583 792 praesto

10 811 118 870 adhunc
131 827 190 865 non
204 806 382 884 perveniret,
393 806 508 864 interim
520 825 582 863 eam
593 804 768 868 J0.Wolirus
813 805 937 864 suerunt.
960 805 1029 862 Nam
1053 817 1245 882 praeterquam
1261 804 1338 879 quod
1361 804 1424 881 ipse
1439 815 1582 861 vetustum

10 897 104 975 Lipsiae
116 914 143 953 a.
166 913 242 965 ¹7¹⁰
265 891 376 970 publici
397 892 474 969 juris
497 892 607 950 iecerat.
630 892 769 961 Quarnvis
811 891 946 950 Codicem
962 891 1213 948 vindobonensem
1230 890 1348 948 tortasse
1359 909 1435 948 anno
1445 898 1502 964 pat
1518 908 1585 948 exa·

10 997 90 1041 autem
105 1000 162 1038 non
177 997 292 1037 omnem
306 978 442 1036 lectionis
464 977 628 1036 varietatem
649 992 698 1036 aut
718 979 768 1036 Fa·
814 991 906 1036 ratum
923 997 1034 1060 ¹summa
1047 977 1197 1052 diligentia
1210 979 1347 1049 contulit,
1367 977 1479 1035 invenit
1493 977 1524 1033 in
1538 977 1587 1034 Bi-

12 1059 206 1128 bricius'Gudii
223 1084 344 1123 munere
354 1066 508 1142 accepisset
519 1078 568 1124 aut
578 1065 698 1123 Wolfius
708 1065 769 1123 edi·
813 1061 958 1121 bliothcca
987 1063 1141 1136 Bodleiano
1170 1063 1247 1120 inter
1275 1061 1368 1122 libros
1392 1061 1587 1120 Dorrillianos

12 1155 103 1226 disset,
121 1164 213 1210 umen
236 1150 290 1208 hac
305 1150 457 1208 collatione
477 1150 513 1208 ad
532 1151 672 1228 plurimos
691 1152 771 1210 locos
814 1149 977 1226 exemplum
989 1149 1208 1220 Curteriauum,
1224 1149 1254 1206 in
1266 1148 1349 1224 cujus
1362 1147 1491 1223 margine
1504 1147 1588 1204 Luce

13 1239 140 1300 sanandos
150 1241 225 1296 bene
239 1257 308 1296 usus
318 1251 360 1296 cst
372 1238 526 1297 Ashtonus.
544 1239 621 1298 idem
638 1239 720 1297 docte.
736 1239 772 1298 de
817 1235 958 1294 llolstenii
968 1253 1053 1293 manu
1064 1235 1191 1312 plurium
1200 1233 1428 1292 membranarum
1440 1233 1588 1310 scriptume

14 1329 92 1386 variis
103 1327 244 1385 Hieroclis
258 1326 330 1384 locis
345 1339 550 1384 commentatus
561 1340 618 1398 est,
631 1327 774 1404 interpre-
816 1321 1007 1397 discrepantia
1023 1320 1165 1401 adscripta
1184 1319 1299 1394 legitur.
1313 1319 1369 1378 sed
1383 1321 1418 1378 de
1439 1319 1486 1376 his
1505 1337 1590 1376 accu-

15 1417 135 1472 tationem
155 1414 275 1474 latinam
300 1413 412 1472 limavit
432 1414 514 1472 etad
535 1433 655 1488 graecam
679 1413 773 1492 philo·
818 1421 878 1466 rate
891 1407 1120 1466 disseruimuset
1133 1426 1197 1484 quae
1211 1405 1296 1464 nobis
1317 1407 1389 1484 ipsis
1409 1405 1591 1481 contigerunt

15 1494 88 1570 sophi
110 1493 267 1550 orationem
291 1493 382 1566 magis
407 1491 652 1563 accommodavit,
674 1493 705 1550 in
719 1491 775 1550 hoc
819 1495 863 1552 rei
881 1493 955 1552 bene
968 1493 1098 1568 gerendae
1117 1495 1306 1551 instrumenta
1323 1493 1548 1551 memoravimus
1559 1493 1591 1550 in

16 1591 110 1636 tanturn
124 1577 395 1654 reprehendendus,
412 1578 491 1654 quod
502 1597 561 1635 non
577 1579 671 1636 solum
686 1577 776 1638 Need·
818 1581 946 1638 editione
966 1579 1106 1658 ampliore
1126 1580 1173 1637 cui
1197 1580 1298 1637 titulus
1317 1591 1360 1637 est
1382 1598 1389 1634 ι
1406 1582 1544 1636 moncks
1562 1583 1591 1634 in

17 1665 145 1736 hamium,
165 1664 216 1722 sed
240 1663 402 1741 Bentlejurn
417 1665 502 1722 etiam
524 1666 603 1724 omni
627 1666 778 1724 messione
820 1687 934 1722 aureum
966 1669 1202 1739 Pythagoreorum
1228 1687 1341 1722 carmen
1371 1671 1589 1722 commentarius.

18 1751 133 1810 acerbius
144 1751 326 1827 perstringit
821 1757 964 1810 decemuir
984 1765 1012 1808 et
1032 1751 1151 1830 (critica
1173 1753 1375 1830 exegeticaque
1393 1755 1588 1831 annotatione)

51 1837 171 1913 lienique
185 1856 265 1894 anno
280 1837 355 1895 1850
366 1836 492 1896 Thomas
502 1837 684 1897 Gaislordius
693 1836 779 1896 loan·
822 1843 968 1895 illustravit
983 1837 1030 1899 Fr.
1043 1838 1080 1896 G.
1093 1841 1129 1899 Α.
1145 1837 1327 1898 Mullachius.
1341 1840 1486 1911 Berolini‚
1505 1841 1592 1901 1853.

20 1923 165 1982 nisStobaei
178 1921 280 1998 Eclog.
291 1923 432 2000 Physicas
450 1935 477 1982 et
495 1923 609 1982 Ethicas
628 1944 693 1982 cum
713 1917 779 1982 ttiess
823 1924 1091 2002 iuterpretationem
1110 1927 1228 1984 latinam
1245 1925 1314 1985 huic
1335 1927 1449 1987 demum
1470 1927 1594 1986 editioni

21 2011 95 2072 roclis
107 2011 315 2068 commentario
333 2010 364 2069 in
384 2029 501 2069 aureum
523 2011 779 2088 Pythagoricorum
825 2011 1021 2088 adjunximus.

22 2174 191 2224 trinitatum
207 2175 322 2224 carmina
339 2176 538 2224 Commentarios.
560 2177 643 2224 Grtoce
659 2177 683 2224 et
699 2161 779 2225 tatius.
824 2176 974 2225 Tirurtboum
989 2175 1125 2237 Bibliopolas
1137 2177 1240 2226 cantab.
1255 2180 1365 2226 veneunt
1380 2175 1443 2238 apud
1459 2179 1483 2225 J.
1494 2180 1589 2227 Nonne

24 2245 94 2289 traca
114 2242 249 2292 accuratim
263 2255 327 2294 nune
347 2243 467 2304 recognita
485 2247 509 2291 ct
525 2243 555 2292 ad
575 2245 642 2292 MSS·
664 2243 780 2292 codicum
826 2247 851 2293 P.
865 2245 978 2300 vailtaot.
991 2249 1014 2295 J.
1029 2245 1136 2295 Beecrott
1150 2246 1224 2295 Lond.
1238 2251 1303 2296 itit.

24 2313 82 2359 intuo
96 2311 586 2374 exactapiurimisquetutoctsecodiana
599 2311 694 2360 Medioei
707 2313 781 2361 codi-
854 2314 902 2376 (2³)
921 2315 1028 2364 Ἰωάννου
1037 2315 1149 2364 tradatur
1159 2317 1261 2376 ἐκλογῶν
1270 2315 1348 2378 fictiia
1361 2317 1391 2379 β’,
1403 2317 1496 2366 loannis
1509 2315 1596 2365 stobret
1695 2297 1698 2304 Ἴ

24 2383 51 2428 cis
64 2382 178 2430 mitstione
195 2381 324 2431 emendata
335 2395 382 2430 una
394 2395 449 2430 eum
464 2383 531 2432 Notis
551 2381 684 2443 subjunctis
703 2382 776 2432 edit
825 2383 964 2443 Eclogarum
988 2384 1139 2446 physicarum
1159 2387 1183 2434 et
1205 2385 1336 2433 ettiicarum
1357 2384 1409 2432 litui
1423 2383 1479 2433 diro.
1500 2383 1598 2433 Accedit

25 2452 136 2512 (tetrardus)
151 2453 184 2500 W
199 2452 301 2513 (aneti).
320 2455 345 2501 S.
363 2455 392 2500 Τ.
413 2456 440 2502 Ρ.
461 2453 522 2502 coit.
541 2454 591 2502 tes.
610 2453 683 2502 cant.
704 2465 780 2514 nuper
825 2453 938 2501 durastis
949 2454 1134 2502 commentarius
1149 2455 1172 2503 io
1185 2466 1256 2502 aurea
1270 2453 1374 2504 carmina
1387 2453 1595 2516 Pythagoreorum.

26 2519 98 2567 udus.
119 2518 232 2582 Lonrttni,
256 2520 329 2581 typis
347 2523 400 2570 tac.
419 2519 567 2571 Betteultam.
586 2522 704 2584 impulsis
722 2520 778 2572 Gut.
823 2521 858 2571 sd
878 2525 944 2573 tiss.
965 2523 1041 2573 codd.
1062 2537 1111 2573 reo.
1130 2525 1216 2575 Tuom.
1239 2524 1358 2576 Gaislord.
1373 2524 1473 2586 monii,
1494 2528 1561 2574 tato.
