3708 5916
573 381 615 440 tlt
635 381 799 444 tttttntltt
818 381 988 446 mantin.
1527 399 1585 452 ιιι

7 519 74 600 φελος
85 511 270 575 κατατίθεσθαι
284 512 340 587 δεῖ,
355 509 447 590 πράως
459 509 506 589 μίν
519 509 636 579 εἴκοντας
650 521 703 580 τοῖς
718 537 766 574 κο-
809 513 840 574 sl
854 515 977 584 καταδεδς
991 517 1069 577 αὐτοῦ
1076 519 1130 589 ’τῆς
1141 515 1258 596 γνώμης,
1267 517 1436 597 ὀδυρομένους
1450 518 1477 579 dl
1490 522 1590 597 μάλλον

7 609 39 670 ῶς
57 599 240 682 ὑφηγουμένας
263 603 315 659 τῶν
337 597 431 680 φίλων,
445 597 536 680 πράως
560 595 587 658 dl
608 601 695 666 αὐτοῖς
714 603 767 660 τῶν
811 603 856 662 καί
870 608 1026 683 θρηνοῦντας
1049 606 1205 684 θπιραλγιῑν
1226 607 1364 666 αὐτοῦκαὶ
1385 605 1590 686 θπερειίχισθαι,

7 693 72 752 ,αλῶν
85 688 131 759 τὴν
143 686 280 746 κοινωνίαν
294 685 491 767 προτείνοντος,
504 685 566 766 περὶ
582 685 609 744 δὲ
622 686 768 767 χρημάτων
810 691 857 750 καί
869 691 956 752 πάντα
969 697 1108 772 πειρᾶσθαι
1122 693 1205 753 ποιεῖν
1227 695 1260 753 sd
1276 693 1341 776 πρδς
1362 692 1409 767 τὴν
1426 697 1458 754 ἐκ
1471 717 1593 774 μεταμε-

7 775 90 844 ιδόξης
102 773 120 845 ἤ
133 796 201 841 τινας
222 772 301 832 άλλσυ
314 774 366 830 τῶν
390 772 421 830 lx
444 775 492 844 τῆς
511 775 604 844 θνητῆς
619 771 769 853 σσσσσῑχίσς
810 777 881 845 λείας
903 779 1034 860 σωτηρίαν
1058 778 1136 840 αιίτδν
1158 780 1331 862 ἐπανάγοντα.
1355 784 1473 843 Τοιαῦτα
1491 783 1520 842 δί
1536 787 1592 846 ἐστι

7 861 158 934 ιηδεπείιποτε
170 863 256 926 αὐτοῖς
267 858 475 940 διαφερομίνους.
485 863 571 922 Τοῦτο
578 860 628 942 γάρ
638 853 669 932 ἦν
682 861 770 940 ἆμαρ-
811 866 842 927 tl
857 866 924 946 μήτε
938 866 999 948 περὶ
1011 867 1155 948 χρημάτων
1170 869 1237 945 μήτε
1249 870 1310 950 περί
1329 868 1403 941 δόξης
1414 871 1485 950 αὐτῷ
1499 873 1592 956 διαφί-

7 951 63 1016 rito<
83 947 169 1008 σίσασ
193 951 289 1028 pupis
308 949 345 1014 είς
359 945 500 1026 ‘tilium
522 946 694 1007 σσθίσσσσθσῑ
715 956 782 1018 τοῖς,
813 955 1014 1034 pretermisi
1027 955 1066 1035 μὴ
1081 955 1120 1037 θφ’
1134 955 1207 1036 θθρει
1226 961 1273 1030 τῆς
1287 958 1422 1026 κοινωνίας
1435 959 1512 1020 αὐτὸν
1527 965 1593 1022 ἀπο·

7 1036 48 1114 ιερὶ
68 1033 100 1094 ιδ
114 1037 227 1112 μίγιστα
243 1033 329 1112 δγαθδ
344 1033 427 1114 φίλοις
448 1036 511 1106 ἡμῖν
529 1033 699 1114 ὑπάρχωσιν.
722 1035 770 1100 Εἰς
812 1046 921 1124 στερτῖν,
936 1043 1003 1121 μηδὲ
1015 1043 1162 1123 φιλοτιμίαν
1177 1047 1269 1105 inmun*
1287 1046 1416 1105 ποιεῖσθαι
1430 1046 1479 1120 τὴν
1494 1049 1594 1110 ἐκείνου

7 1122 72 1182 πάντα
95 1113 138 1180 οὖν
163 1123 217 1180 τῶν
239 1119 321 1208 φίλων
341 1117 502 1198 ἀνεξόμεθα,
519 1121 554 1187 θα
575 1121 626 1180 ὑπὸ
646 1118 770 1199 μεγίστης
812 1129 965 1210 δυστυχίαν.
978 1129 1088 1203 Ἐπειδὴ
1098 1129 1126 1190 st
1136 1130 1181 1191 καὶ
1194 1133 1258 1210 πρὸς
1267 1130 1316 1204 τὴν
1328 1132 1436 1212 ἀρίστην
1449 1137 1593 1216 τῶνφίλων

7 1210 99 1285 iri-sm:
111 1211 158 1279 τῆς
171 1209 275 1288 φιλικῆς
288 1206 426 1274 διαθέσεως
441 1207 605 1284 πιεζόμενοι,
618 1208 688 1280 πλὴν
703 1207 768 1275 tile.
811 1216 922 1295 τήρησιν
933 1217 980 1277 καί
992 1217 1057 1299 πρὸς
1067 1217 1116 1291 τὴν
1128 1217 1234 1296 εὔλογον
1245 1219 1366 1279 ἀπόθεσιν
1375 1220 1421 1280 καὶ
1431 1221 1496 1300 πρὸς
1502 1223 1551 1297 τὴν
1562 1226 1594 1284 ἐκ

7 1295 92 1375 llll?
113 1295 146 1366 ὅθ
159 1293 207 1354 *σί
221 1293 285 1375 πρὸ(
306 1293 337 1352 σθ
357 1293 444 1374 χῑῗρσσ
459 1293 662 1375 ίσσῼσρσμίνσῑς
684 1295 770 1362 σῦσσῖς
813 1304 986 1382 μεταμελείας
999 1305 1275 1380 αθτῶνέπανάκλησιν
1287 1309 1398 1368 πλεῖστα
1413 1308 1593 1384 συμὸάλλεται

7 1383 99 1462 stow,
112 1381 169 1442 οθδθ
185 1379 426 1460 persultantium
439 1381 469 1440 tx
482 1385 528 1450 σῆσ
541 1380 601 1461 σσρί
617 1379 769 1461 φίλοσσφίσί
813 1391 844 1452 τδ
864 1392 991 1471 ἡμίτερον
1015 1393 1165 1463 ἀνεξίκακον
1179 1392 1300 1474 καὶπερὶ
1321 1395 1429 1471 μηδενδς
1449 1396 1515 1476 πρδς
1534 1397 1595 1466 robe

7 1473 100 1543 ιπουδῆς
111 1473 146 1538 τίς
158 1468 317 1551 ἔτίραντινδ
331 1474 376 1529 τοῦ
393 1468 450 1549 βίου
461 1471 581 1548 πρόθεσιν
596 1469 772 1542 δπακολυυθτζ-
813 1478 900 1560 φίλους
915 1480 1159 1559 μικρολογούμενον,
1174 1482 1241 1559 μηδὲ
1260 1480 1423 1549 limarsum
1441 1484 1505 1564 πρὸς
1519 1485 1594 1565 ἀχρί.

7 1583 69 1636 ιομιν
79 1559 122 1619 καί
136 1557 211 1619 αὐτοὶ
222 1556 439 1638 συνεκφερόμενα
452 1558 505 1625 τοῖς
514 1557 705 1620 ἀποπίπτουσιν
718 1557 771 1618 tul
814 1564 899 1638 δτιαν,
914 1567 973 1626 ἀλλ’
986 1565 1046 1628 ὅσον
1059 1557 1111 1628 οἷάν
1123 1590 1152 1627 τε
1165 1568 1365 1645 θιτομονητικίν·
1380 1569 1423 1629 διδ
1437 1575 1513 1632 τοῦτο
1529 1571 1594 1644 lmi-

7 1653 38 1706 rui
48 1649 107 1728 πρὸς
119 1645 216 1726 άρετὴν
228 1649 346 1718 σκοποῦ,
360 1643 428 1704 ἀλλὰ
443 1647 558 1722 μάλιστα
571 1643 618 1721 μίν
632 1645 706 1726 πάσῃ
719 1668 772 1723 μη·
814 1676 894 1733 γαγεν
908 1651 989 1735 άρρα
1004 1651 1096 1735 δίνη.
1113 1644 1178 1714 llius
1193 1653 1236 1714 ἵνα
1252 1655 1289 1732 μὴ
1310 1655 1358 1727 τὴν
1372 1657 1482 1733 δύναμιν
1494 1663 1534 1740 τῷ
1547 1664 1595 1730 τῆς

7 1740 60 1814 φανῇ
70 1733 246 1815 πειρασόμεθα
258 1732 302 1790 ‘tlt
316 1731 390 1813 pilot
405 1729 652 1810 ἐπανορθώσασθαί·
665 1729 703 1806 μὴ
715 1729 772 1791 mi·
814 1741 989 1824 προαιρέσεως
1011 1742 1098 1823 μάτρῳ
1116 1743 1239 1822 κανονίσῃ
1258 1765 1312 1817 τις,
1324 1745 1382 1803 ἀλλ’
1395 1746 1467 1824 αὐτῷ
1488 1747 1526 1823 τῷ
1547 1748 1595 1815 τῆς

7 1829 75 1889 luisse
89 1821 114 1879 dl
130 1822 247 1900 ἡσυχίαν
260 1818 361 1896 ἕξομεν,
381 1817 440 1877 οὔτε
454 1817 545 1899 ίχθρθν
564 1817 715 1898 ποιούμενοι
729 1818 771 1876 διδ
815 1827 914 1909 φύσεως
933 1830 1054 1910 φορητῷ,
1068 1827 1127 1889 ὅσον
1144 1833 1161 1899 ἡ
1175 1827 1276 1908 ἀνάγκη
1298 1831 1476 1910 προσελθοῦσα
1499 1829 1595 1909 ampl.

7 1907 269 1988 τὴνπροῦπηργμίνην
282 1905 637 1989 φιλίαν,οθτιφίλονάτιδιθ
650 1907 696 1980 vlu
708 1908 773 1988 πρθς
815 1937 888 1989 extu,
912 1916 1030 1996 θπήγαγε
1054 1917 1195 1994 δύναμις
1218 1916 1284 1998 γάρ
1307 1917 1455 1995 ἀνάγκης
1479 1917 1596 1995 δγγθθι

7 1997 28 2056 σθ
46 2004 125 2076 χσῖρσθ
149 1995 312 2071 μσσσὸσδθν·
324 1991 413 2055 Ὧσσῐ
438 1993 530 2054 σσῦσσσ
547 1994 626 2141 χίφῑν
640 1995 683 2054 τὸν
697 1995 771 2076 φίλσί
815 2005 916 2064 ναίει.
930 2001 1067 2072 Ἕκαστος
1078 2004 1146 2086 γάρ,
1160 1995 1197 2063 ὧν
1210 2001 1293 2064 οίεται
1304 2004 1447 2078 δίνασθαι,
1458 2005 1538 2064 πλίον
1551 2006 1596 2063 δυ·

7 2081 413 2161 σσίᾶσσισίμεθα.ὡιμηκίτι
423 2082 642 2160 inspersum
652 2081 772 2142 κοινωνὸν
816 2094 925 2169 νόμους
950 2094 1001 2154 ὑπὸ
1017 2097 1064 2166 τῆς
1085 2093 1201 2170 ἀνάγκης
1223 2091 1368 2170 ἰλίγγων.
1397 2095 1528 2154 Τοσοῦτον
1550 2083 1595 2152 civ

7 2178 58 2250 llll*
78 2175 184 2250 ίσῑσῆσν
206 2163 239 2241 ἧς
263 2169 338 2230 ίίῑσσ
362 2169 409 2230 *σί
431 2167 481 2242 1’θί
500 2167 584 2250 ἀρχὴν
609 2167 681 2250 φίλον
696 2168 772 2229 “lili
817 2185 1003 2260 προθυμεῖσθαι
1014 2180 1065 2262 χρὴ
1077 2185 1129 2240 τῶν
1161 2178 1480 2258 θιυινάνίχτσθαι,θοονὴ
1493 2181 1595 2259 ἀνάγκη

8 2257 180 2336 ίτοιησάμεθα.
208 2256 245 2317 Ἡ
261 2257 288 2317 bl
310 2259 432 2326 άπάθισις
455 2255 607 2338 φυλαττέτω
627 2257 658 2318 τδ
680 2256 717 2335 μὴ
738 2257 774 2324 είς
818 2259 946 2320 δείκνυσιν
967 2263 1038 2337 ἡμᾶς
1055 2205 1227 2337 δυναμίνυις,
1241 2259 1287 2318 καί
1300 2258 1330 2318 τί
1344 2280 1375 2339 γε
1390 2257 1508 2340 ἐξαίφνης
1529 2258 1596 2338 ἀφθ-

7 2344 88 2424 ίχθριν
100 2353 270 2422 μεταπεσεῖν.
285 2348 332 2406 Asi
347 2345 415 2426 γάρ,
429 2347 452 2404 εἰ
464 2343 511 2403 καί
524 2348 620 2411 ίκιῖνος
629 2347 675 2415 τῆς
685 2342 773 2424 φιλίας
819 2370 895 2428 ρητον
908 2347 987 2426 paulu
1000 2351 1034 2425 τῇ
1047 2350 1094 2416 τῆς
1106 2345 1191 2425 φιλίας
1206 2344 1307 2424 ἀνάγκη
1319 2344 1430 2426 φορητὸν
1440 2353 1535 2407 notris.
1549 2345 1596 2417 iti

7 2433 83 2491 ίσιτθν
104 2431 275 2511 θπιξήγαγεν,
297 2439 368 2510 ἡμᾶς
390 2437 453 2511 γοῦν
475 2431 600 2503 πλείστην
622 2433 771 2509 ίπιμίλειαν
816 2433 868 2513 γάρ
883 2432 915 2505 δή
928 2453 979 2492 που
992 2431 1024 2491 τά
1038 2431 1102 2510 πρὸς
1116 2432 1175 2512 βίον
1188 2431 1378 2509 θπιταττάμινα
1391 2430 1458 2509 μίνα
1481 2431 1596 2511 οἰώμεθα

7 2525 136 2594 ποιεῖσθαι,
150 2519 220 2588 ὅπως
236 2520 429 2594 ἐπανακληθείη
444 2519 508 2600 πρὸς
524 2519 554 2580 τὸ
567 2520 636 2594 δίον,
647 2522 695 2580 οθκ
706 2523 773 2600 άγα·
817 2521 958 2600 προσήκειν
979 2519 1101 2598 γενναίοις
1121 2518 1269 2596 θπομίνειν,
1285 2518 1353 2578 etit
1366 2519 1412 2580 καί
1424 2518 1459 2579 sd
1471 2521 1535 2600 πρὸς
1549 2543 1598 2600 φυ-

7 2609 94 2675 τῶντας
105 2604 150 2679 τὴν
163 2606 318 2668 ἀπόπτωσιν
332 2613 378 2669 τοῦ
391 2609 466 2690 φιλου
477 2607 534 2668 nott
551 2610 774 2689 ὑπερφρονοῦντας
818 2606 901 2680 λακὴν
914 2610 966 2666 τῶν
981 2607 1063 2689 φίλων
1075 2605 1122 2666 καί
1143 2607 1288 2680 ἀνάκλησιν
1305 2606 1468 2668 συντείνοντα
1482 2607 1598 2686 μείζονος

9 2805 80 2877 gressi
92 2813 169 2881 snut,
188 2805 388 2879 quodcunque
402 2805 473 2860 alius
489 2805 545 2860 alio
565 2805 666 2860 melius
676 2805 775 2878 μηνί·
818 2803 945 2876 inopiam
961 2801 1160 2876 despicientes,
1173 2800 1224 2857 sed
1236 2802 1364 2859 lamentis
1379 2804 1477 2878 potius
1488 2814 1516 2860 et
1525 2805 1598 2880 plo-

12 2889 88 2963 derit,
113 2890 142 2946 id
155 2921 159 2928 ·
174 2891 205 2947 in
236 2909 418 2946 communem
449 2891 599 2945 utilitatem
631 2889 776 2960 conferre,
819 2899 884 2946 ratu
892 2890 983 2944 ricem
998 2886 1058 2958 ejus
1074 2887 1201 2944 dolentes
1213 2896 1241 2944 et
1256 2907 1311 2963 pro
1326 2907 1360 2944 eo
1374 2900 1596 2964 precantes,et·

12 2977 175 3034 enicisbene
194 2978 380 3034 monentibus
397 2979 499 3034 leniter
513 2977 657 3048 cedentem
675 2979 776 3034 leniter
820 2994 876 3050 que
902 2977 998 3031 omnia
1026 2976 1120 3031 facere
1149 2985 1297 3046 conantes,
1328 2977 1431 3050 quibus
1450 2977 1497 3034 ille
1531 2978 1598 3034 facti

12 3065 82 3119 etiam
98 3081 146 3134 ea,
161 3084 223 3138 quae
245 3065 322 3122 bonu
340 3076 423 3140 sunt,
436 3083 502 3122 curn
518 3065 552 3121 iis
564 3065 775 3121 communican-
818 3064 957 3137 poenitens
974 3062 1139 3118 adsalutem
1152 3061 1315 3118 reducatur.
1329 3064 1509 3120 Taliaantem
1519 3075 1596 3142 sunt,

13 3159 55 3218 tus,
71 3169 209 3225 nunquam
232 3163 330 3208 autem
348 3151 384 3208 de
406 3153 535 3226 pecuniis
548 3161 596 3208 aut
613 3153 704 3226 gloria
728 3164 776 3208 ant
819 3163 851 3207 ut
871 3169 925 3206 nec
943 3150 980 3207 de
992 3152 1135 3224 pecuniis,
1153 3169 1206 3206 nec
1225 3149 1261 3206 de
1280 3151 1371 3224 gloria
1389 3169 1454 3207 cum
1476 3171 1510 3209 eo
1525 3172 1598 3208 con-

14 3235 57 3291 alia
69 3255 96 3292 re
109 3255 124 3292 e
137 3238 313 3294 caducarum
328 3255 431 3312 genere
447 3256 512 3294 cnm
526 3239 581 3293 illis
600 3236 774 3297 dissidentes.
820 3239 980 3310 tendamus,
995 3256 1088 3312 neque
1102 3257 1168 3293 cnm
1187 3239 1357 3294 contumelia
1380 3257 1445 3295 eum
1465 3242 1599 3298 societate

13 3321 40 3376 ld
59 3325 125 3378 mim
140 3335 211 3382 esset
232 3335 354 3399 propter
372 3326 434 3381 leve
453 3335 604 3400 peccatum
617 3325 776 3382 inimicitias
818 3329 975 3404 privemus,
995 3344 1088 3400 neque
1105 3323 1165 3396 ejus
1186 3324 1374 3380 infortunium
1394 3328 1477 3382 nobis
1501 3330 1599 3403 glorius

14 3411 135 3483 suscipere
152 3431 217 3468 cnm
241 3413 311 3483 illis,
324 3413 374 3486 qui
389 3414 420 3468 in
440 3414 568 3470 maximis
590 3411 673 3468 bonis
693 3415 776 3470 amici
819 3417 966 3474 ducamus.
976 3412 1214 3486 Quandoquidem
1228 3430 1296 3468 vero
1311 3421 1371 3468 turn
1381 3413 1418 3470 ad
1440 3415 1594 3472 amicoso-

14 3496 83 3551 uobis
93 3509 161 3556 sunt.
177 3501 239 3555 Nos
253 3499 339 3573 igitur
357 3501 449 3556 amica
466 3501 631 3570 affectione,
641 3511 775 3574 tanquam
818 3505 908 3579 ptime
920 3500 1084 3558 retinendos
1093 3497 1226 3576 justeque
1251 3499 1459 3574 repudiandos,
1486 3513 1546 3558 tum
1560 3503 1599 3561 ud

14 3585 115 3640 narina
127 3585 336 3642 necessitudine
355 3589 464 3657 coacti,
478 3589 585 3644 amicos
595 3589 626 3642 in
643 3589 776 3645 omnibus
820 3607 868 3646 eos
882 3589 1054 3664 pernitentiis
1065 3585 1205 3643 beneficio
1216 3589 1365 3645 sanamad
1378 3597 1503 3648 mentem
1514 3610 1600 3648 rem·

15 3671 129 3741 leremus,
143 3683 266 3749 excepto
286 3693 357 3729 uno.
373 3675 471 3748 Neque
492 3676 568 3730 enim
590 3676 647 3732 illis
666 3693 775 3731 morem
821 3678 926 3734 candos
938 3677 1093 3751 plurimum
1109 3675 1221 3731 coniert
1233 3687 1331 3732 nostra
1344 3676 1512 3749 injuriarum
1526 3681 1600 3736 tole-

14 3759 83 3813 etiam
95 3778 237 3834 geremus,
255 3763 278 3817 si
293 3763 481 3836 prolabantur
497 3763 528 3819 in
542 3764 684 3832 deterius;
702 3783 774 3834 nec,
819 3767 928 3834 rantis,
939 3774 968 3820 et
975 3765 998 3819 si
1012 3764 1048 3820 de
1058 3763 1172 3818 minutis
1179 3763 1265 3819 rebus
1272 3781 1338 3818 cum
1349 3765 1444 3820 amicis
1454 3784 1599 3840 nunquam

7 3845 53 3908 „sia
62 3850 193 3922 sapientia
204 3849 303 3906 studio
317 3849 356 3905 ad
368 3850 446 3906 aliud
459 3851 577 3924 aliquod
589 3853 652 3906 vitae
664 3852 776 3907 institu-
820 3853 979 3928 litigemns;
994 3869 1048 3906 nec
1061 3849 1097 3906 ad
1122 3851 1253 3906 amussim
1267 3851 1365 3906 omnia
1378 3851 1535 3926 exigamus,
1549 3852 1600 3909 sed

17 3939 66 3984 tum
80 3944 230 4006 transeant,
246 3953 295 3992 eos
309 3953 471 4010 sequemur,
484 3937 598 4012 abrepti
608 3949 637 3993 et
650 3939 705 4013 ipsi
720 3955 778 3994 una
821 3949 960 4013 quantum
972 3936 1035 3993 fieri
1047 3946 1142 4011 potest
1159 3938 1304 4011 patiamur
1317 3957 1324 3992 :
1340 3937 1405 3994 ideo
1417 3938 1494 4009 boc,
1507 3941 1603 4012 quoad

19 4033 72 4072 cum
84 4021 262 4079 iisauirtutis
272 4041 362 4099 scopo
373 4024 583 4096 aberrantibus,
593 4025 643 4082 sed
653 4044 776 4100 quacun·
817 4032 920 4100 possis,
945 4023 1061 4096 adjecit.
1075 4022 1187 4080 Deinde
1204 4041 1241 4080 ne
1260 4026 1323 4098 quis
1337 4025 1411 4081 banc
1438 4025 1602 4083 facultatem

18 4121 63 4175 que
72 4111 184 4165 maxime
193 4129 346 4185 possumus
355 4113 468 4167 ratione
480 4113 647 4168 conabimur
656 4115 777 4169 amicum
820 4113 972 4169 uoluntatis
985 4130 1041 4168 snae
1054 4112 1173 4168 modulo
1186 4113 1348 4183 metiretur,
1368 4101 1479 4170 sedilia
1493 4125 1603 4171 naturas

17 4187 40 4242 in
56 4205 151 4250 rectam
166 4199 241 4254 viam
262 4198 424 4254 reducere:
441 4199 544 4273 quodsi
567 4201 593 4256 ei
607 4201 778 4276 persuadere
821 4201 972 4275 patientia,
992 4209 1126 4273 quantam
1138 4205 1288 4256 necessitas
1300 4201 1436 4277 ingruens
1458 4201 1601 4278 suggerit,

18 4295 184 4353 nequeamus,
214 4296 276 4340 turn
302 4287 494 4359 quiescemus,
514 4305 608 4361 neque
632 4289 777 4345 inimicum
821 4307 912 4362 porro
921 4287 1052 4346 addidit:
1067 4312 1078 4336 ι
1085 4283 1217 4358 facultas
1227 4293 1302 4344 enim
1312 4307 1402 4364 prope
1414 4297 1603 4347 necessitatem

17 4362 81 4420 illum
94 4367 221 4428 iacientes
232 4383 353 4446 propter
364 4373 514 4428 amicitiam
526 4393 713 4450 praegressum,
724 4395 778 4433 nec
823 4375 943 4434 habitat.
965 4397 978 4426 ν
993 4376 1193 4449 Unusquisque
1210 4377 1286 4432 enim
1304 4389 1423 4453 urgente
1440 4379 1604 4436 necessitate

19 4467 62 4521 pro
74 4457 158 4512 amico
167 4459 196 4513 in
209 4469 357 4534 posterum
367 4461 499 4519 hebentes
508 4474 628 4536 propter
642 4465 777 4520 mutatio·
822 4463 886 4538 plns
900 4481 982 4538 posse
997 4465 1187 4535 conuincitur,
1205 4481 1292 4538 quam
1305 4467 1365 4540 ipse
1378 4484 1408 4522 se
1420 4484 1503 4540 posse
1523 4468 1603 4522 arbi-

20 4553 72 4593 nem
86 4541 112 4596 iu
126 4543 254 4602 deterius.
270 4548 371 4620 ltaque
384 4547 437 4603 bac
450 4547 486 4604 de
501 4567 584 4606 cansa
600 4552 720 4606 amicum
733 4551 781 4607 ali·
824 4564 926 4608 tratur.
947 4553 982 4607 ln
993 4561 1102 4607 tantum
1119 4552 1206 4626 igitur
1218 4570 1272 4608 nos
1284 4564 1398 4628 promte
1412 4555 1516 4609 amicos
1528 4555 1604 4610 serre

22 4629 119 4694 qttando
132 4633 359 4708 repudiabimus,
373 4651 462 4708 quum
474 4636 604 4714 virtutis,
619 4636 698 4711 cnjus
711 4656 777 4713 gra-
823 4639 971 4708 debemus,
992 4640 1023 4693 in
1041 4647 1177 4713 quantum
1186 4656 1240 4695 nos
1252 4657 1334 4714 posse
1349 4640 1471 4695 ostendit
1483 4642 1603 4696 necessi·

21 4712 51 4766 fit
62 4718 176 4788 primurn
187 4720 278 4777 suctus
288 4733 331 4777 est
343 4723 466 4792 amicus,
478 4723 622 4800 particeps
629 4727 778 4782 nobiscum
824 4739 885 4797 tas,
898 4737 927 4782 et
939 4726 970 4782 id
984 4725 1063 4799 quod
1084 4725 1178 4800 primo
1195 4737 1308 4800 aspectu
1321 4726 1499 4782 intolerabile
1517 4726 1603 4782 vide-

21 4801 121 4872 anplius
133 4823 188 4862 ναις
199 4825 258 4863 non
270 4819 366 4882 queat.
382 4808 547 4866 Cavendum
561 4823 656 4868 autem
670 4832 707 4869 ne
719 4814 779 4870 baec
824 4825 880 4884 tur,
901 4815 1029 4871 aruicitiae
1050 4816 1213 4870 necessitate
1236 4814 1382 4871 tolerabile
1397 4811 1528 4870 reddere.
1545 4813 1614 4868 Ne·-

20 4888 158 4958 repudiatio
177 4895 207 4948 in
223 4896 399 4952 inimicitiam
412 4907 547 4954 vertatur.
562 4899 694 4971 Quamvis
704 4903 780 4958 enim
824 4921 967 4978 quaquam
984 4903 1060 4959 enim
1073 4902 1231 4977 putandum
1247 4911 1304 4976 est,
1318 4921 1350 4959 ea
1361 4912 1485 4972 tanturm,
1500 4920 1562 4974 quae
1574 4901 1604 4958 ri

20 4970 59 5027 ille
71 4976 102 5030 ab
111 4979 228 5038 amicitia
240 5000 268 5038 se
282 4982 466 5059 subduxerit,
480 5003 534 5041 nos
551 4997 628 5043 certe
644 4987 725 5043 decet
734 5007 781 5044 cu·
824 4993 1022 5066 imponuntur,
1040 4991 1155 5047 sortiter
1168 5007 1226 5046 esse
1236 4988 1385 5064 patienda,
1398 4987 1448 5045 sed
1461 4990 1602 5064 suetiam,

21 5073 74 5114 tare
97 5061 317 5142 diligentissime,
344 5083 377 5126 ut
399 5072 436 5130 ad
468 5071 594 5131 officium
619 5086 779 5148 revocetur,
824 5098 887 5154 quae
901 5080 938 5136 sd
953 5077 1162 5136 conservandos
1178 5086 1207 5133 et
1218 5077 1394 5134 revocandos
1413 5077 1519 5133 amicos
1533 5095 1605 5132 cen-

21 5161 178 5224 nequaquam
196 5158 278 5214 σῐσὶσί
304 5157 383 5236 lapsu
406 5159 531 5220 δαιοιιιοο
551 5172 580 5223 et
599 5163 702 5238 iudicii
717 5163 779 5238 ejus
823 5167 936 5245 ierunt,
965 5166 1074 5241 majore
1107 5165 1246 5244 patientia
1271 5163 1357 5241 digm
1382 5182 1440 5223 esse
1471 5163 1605 5222 debemus
1645 5247 1647 5250 Ι
