3708 5916
594 423 633 484 ΙΝ
655 421 821 486 ΑΙΙΕΕίΙΜ
842 423 1017 486 CARMEN.
1245 495 1248 500 Δ
1287 461 1288 466 1
1529 437 1587 488 439

15 559 83 630 όνης,
96 553 139 613 καί
150 554 198 622 rii<
213 549 261 630 μὲν
273 548 467 630 αεχωρισμίνης
475 554 526 611 τῶν
538 553 648 630 λογικῶν
659 555 763 630 ούσιῶν,
808 554 945 630 δαιμονίας
964 554 1046 632 τύχας
1070 553 1117 622 τδς
1132 557 1179 624 τῆς
1198 556 1307 634 κρίσεως
1322 552 1484 634 όποράνσεις·
1500 548 1518 634 ᾗ
1539 554 1586 631 μίν

15 635 118 709 ίόςίστιν
131 646 145 702 ὁ
157 638 235 708 θεός·
259 644 304 710 τῆς
326 638 354 698 δὲ
371 640 569 720 ἐνυπαρχούσης
588 643 697 717 αὐταῖς,
718 643 763 702 καί
808 648 873 700 θεῖον
881 643 925 700 καὶ
935 642 1021 720 νοερόν
1030 643 1084 700 ἐστι
1095 641 1124 699 rb
1136 649 1232 719 κρῖνον,
1246 643 1381 718 δαιμονίας
1392 641 1437 700 καί
1445 644 1589 717 ἐπισιημο·

15 730 87 810 ᾕκατ’
98 727 184 788 οὐσίαν
200 729 290 806 ίπαρῇ
310 726 494 805 κυύερνὼσης,
517 719 568 792 οἶός
584 730 652 788 ίστιν
667 731 764 810 ὁόρθδς
808 729 880 796 νικδς
896 727 976 795 αὐτάς
983 727 1142 806 προσειπών·
1158 721 1176 808 ᾗ
1190 729 1216 788 δὲ
1227 729 1310 808 οἰκεία
1320 729 1469 809 προαιρέσει
1479 729 1591 789 κακύνε-

15 819 72 898 ίγος.
112 811 233 884 Τοιαύτη
249 813 295 890 μὲν
314 818 331 884 ἡ
353 816 404 871 τῶν
423 817 512 872 κακῶν
532 813 666 894 διάκρισις·
682 807 718 876 ὧν
735 819 773 875 ed·
808 839 853 874 ται
865 814 896 874 τὸ
907 817 1068 894 κρινόμενον,
1082 815 1126 874 καλ
1138 816 1182 876 διδι
1193 824 1267 876 τοῦτο
1276 818 1375 894 γίνεται
1387 819 1438 874 rev
1454 818 1587 896 δυσχερῶν

15 899 200 984 ίπροαιρετικά
209 921 289 979 φησιν
303 899 334 957 ἐκ
346 904 393 971 τῆς
407 901 542 976 δαιμονίας
554 900 635 980 τύχης
648 912 701 970 τοῖς
714 908 764 961 ἂν·
808 900 906 960 τούτων
919 901 998 974 άξιον,
1013 903 1133 980 προσθείς
1147 902 1176 960 τὸ
1190 903 1286 982 τύχας,
1299 904 1338 962 ότι
1347 906 1376 962 οιί
1386 905 1588 983 προηγουμένως

15 992 96 1074 ρύποις
119 985 312 1062 άπονίμεσθαι,
328 987 396 1044 itit
415 985 450 1045 τά
472 989 662 1064 περιστατικά,
682 989 700 1048 ά
720 996 765 1048 νῦν
785 1011 786 1014 ’
810 989 881 1048 τόνδε
893 988 951 1048 τινίι
965 990 1075 1048 κολάσαι
1092 989 1234 1070 ὴτιμῆσαι
1248 991 1384 1071 πρόκειται
1397 996 1435 1072 τῷ
1452 996 1510 1071 θεῷ,
1529 993 1588 1051 ἀλλ’

15 1081 41 1138 ὲν
51 1080 74 1136 ἰν
86 1075 138 1139 τοῖς
154 1075 202 1132 ούκ
217 1073 259 1154 ίρ’
280 1077 344 1149 ἡμῖν
358 1083 459 1147 κεῖται,
473 1073 558 1134 πάλαι
572 1076 602 1134 δί’
613 1099 765 1157 προαιρετι-
809 1077 850 1134 etet
866 1075 909 1135 τδν
931 1075 1029 1136 τοιόνδε
1050 1075 1067 1148 ἢ
1091 1077 1188 1136 τοιάνδε
1212 1078 1358 1154 γενόμενον·
1374 1077 1465 1140 τούτου
1489 1079 1516 1138 dl
1541 1087 1590 1152 τὴν

15 1173 48 1232 αῖς
60 1161 198 1242 ἁμαρτίαις
213 1159 443 1234 ἐπηκολούθησαν,
461 1160 568 1238 άλγεινδ
588 1161 635 1239 μίν
650 1164 720 1237 ὄντα,
731 1168 766 1232 ὡς
809 1163 895 1223 αἰτίαν
909 1168 935 1224 όν
956 1167 1020 1242 ἡμῖν
1034 1170 1148 1226 κεῖσθαι.
1188 1165 1244 1236 Τὴν
1260 1165 1308 1240 μίν
1323 1157 1366 1226 σύν
1381 1165 1527 1237 ἐπιπλοκὴν
1544 1154 1590 1237 πῆς

15 1277 97 1334 ραμεν,
107 1251 150 1310 τὸν
164 1247 192 1309 δδ
206 1248 282 1330 παρὰ
298 1253 344 1320 τῆς
355 1253 449 1330 ἀρετῆς
464 1249 563 1326 κόσμον
579 1252 762 1333 ίπιδεχόμενα.
809 1252 937 1332 ἡμετέρας
949 1251 1124 1332 προαιρέσεως
1137 1252 1183 1312 καί
1196 1257 1242 1324 τῆς
1259 1252 1357 1313 ἐκείνου
1378 1252 1487 1331 κρίσεως
1506 1253 1590 1334 τύχην

15 1341 47 1402 iol
66 1341 113 1420 γδρ
132 1335 224 1396 πενίαν
241 1335 373 1414 ίκόσμησε
388 1336 499 1416 σώρρων
513 1337 599 1396 δίαιτα
613 1338 659 1398 καί
672 1362 764 1398 ταπει-
809 1342 970 1418 ἀπογεννᾶν,
990 1337 1058 1399 ὥστε
1073 1331 1182 1400 εἶναιτὸ
1196 1339 1255 1400 ὅλον
1273 1345 1367 1412 τοῦτο,
1383 1341 1521 1417 δαιμονίαν
1541 1343 1589 1401 τύ-

15 1429 85 1500 όιητα
105 1423 192 1502 γάνους
216 1424 425 1503 ἐπηνωρθώσατο
443 1425 574 1505 φρόνησις·
593 1424 639 1484 καί
661 1427 764 1486 παίδων
809 1451 877 1507 χην,
893 1427 940 1498 τὴν
954 1426 998 1485 ἐπὶ
1011 1430 1063 1492 τοῖς
1073 1425 1268 1506 ἡμαρτημόνοις
1283 1426 1354 1485 θείαν
1368 1429 1462 1508 ψῆφον·
1473 1425 1517 1485 καί
1532 1452 1593 1486 συν·

15 1511 118 1583 πούολὴν
131 1509 220 1589 πράως
234 1509 343 1588 ἤνεγκεν
359 1514 373 1570 θ
387 1510 486 1575 δίκαιος
504 1509 575 1590 βίος,
598 1511 766 1589 θδυνάμενος
809 1514 921 1593 εισάγιιν
942 1513 1011 1580 ούτω,
1030 1513 1077 1585 τὴν
1102 1517 1153 1572 τῶν
1182 1515 1316 1592 ὀνομάτων
1336 1512 1457 1593 τεχνικὴν
1477 1514 1592 1591 εύρεσιν,

15 1603 84 1674 ίπεῑν,
107 1599 222 1670 Τέθνηκε
245 1599 276 1656 τὸ
301 1598 419 1672 παιδίον,
445 1599 537 1658 οὐκοῦν
561 1597 686 1670 ἀπεδόθη·
720 1598 765 1658 καί
808 1601 856 1672 τήν
865 1624 895 1661 τε
903 1602 974 1660 θείαν
988 1600 1156 1672 ἐπιστασίαν,
1169 1601 1214 1660 καλ
1225 1602 1256 1660 τὸ
1266 1600 1427 1678 αύγεξούσιον
1438 1605 1484 1672 τῆς
1494 1605 1592 1681 ιψυχῆς,

15 1685 180 1774 ῌδεινθνητδν
193 1685 367 1764 γεγεννηκώς.
421 1685 538 1762 Ὁμοίως
555 1685 637 1746 δίκαλ
652 1685 764 1746 τδάλλα
809 1686 855 1746 καί
868 1687 1007 1747 ἀθάνατον·
1024 1689 1069 1746 καὶ
1091 1687 1157 1764 μήτε
1176 1689 1235 1747 καθ’
1255 1685 1415 1767 είμαρμίνην
1436 1687 1452 1758 ἢ
1471 1687 1593 1766 πρόνοιαν

15 1775 91 1844 rivis,
105 1775 141 1852 τῷ
156 1773 203 1842 τῆς
225 1775 321 1852 ἀρετῆς
338 1773 431 1832 κάλλει
445 1773 650 1852 περιύληθίντα,
665 1774 766 1852 γίνεται
809 1774 896 1834 πάντα
915 1775 1040 1851 γίνεσθαι,
1055 1775 1122 1851 μήτε
1134 1779 1168 1842 te
1180 1775 1272 1853 ἔτυχε,
1284 1779 1329 1834 καί
1342 1776 1395 1832 ἀπὸ
1408 1775 1592 1850 ταύτομάτου,

16 1861 219 1940 ύσχημονὲστερα.
261 1858 340 1931 Ἑξῆς
353 1859 380 1921 δί
390 1862 463 1933 ζητεῖ
475 1864 489 1917 ὁ
502 1859 578 1936 λόγος
590 1860 656 1928 τίνες
667 1863 694 1920 αἱ
708 1861 766 1920 δαι-
810 1863 877 1942 μήτε
886 1863 955 1922 κατά
964 1864 993 1922 τὸ
1003 1862 1219 1940 αύτοπροαίρετον
1230 1866 1294 1939 ἡμῖν
1311 1863 1354 1921 τὀν
1367 1862 1422 1940 βίον
1434 1863 1594 1922 διατίθεσθαι

15 1946 79 2006 νόνναι
91 1945 183 2026 τύχαι,
198 1947 304 2012 καθ”θς
317 1950 341 2006 ολ
360 1948 449 2026 βροτοί
463 1948 510 2014 τὰς
529 1946 601 2014 inti<
615 1947 766 2028 δυσχερείας
809 1953 906 2012 πάντα.
947 1951 1018 2011 Ἀλλ’
1033 1951 1082 2010 όσα
1096 1949 1143 2028 μὲν
1156 1953 1247 2022 ἐντοῖς
1259 1949 1299 2032 ἐρ’
1314 1955 1377 2028 ἡμῖν
1394 1950 1593 2028 άμαρτάνομεν,

15 2033 101 2112 ἷχονσιν.
143 2033 175 2094 El
195 2033 319 2112 μίν’γδιρ
342 2032 543 2114 προηγουμένως
565 2038 583 2104 ἡ
605 2033 661 2093 θεία
684 2035 767 2113 κρίσις
809 2045 893 2098 ταῦτα
901 2040 1095 2119 είςπροαίρεσιν
1106 2039 1286 2118 ἀναφέρεσθαι·
1296 2037 1345 2096 όσα
1357 2036 1385 2096 δί
1396 2037 1439 2097 ἐπὶ
1451 2036 1495 2096 καί
1504 2042 1593 2117 ἡμαρ-

15 2119 81 2178 lton
99 2121 161 2200 τῷδε
177 2119 224 2196 μίν
236 2123 366 2193 πλοῦτον,
381 2119 460 2204 ἑτάρῳ
475 2121 502 2180 δί
514 2120 615 2180 πενίαν·
630 2121 766 2196 δαιμονίαν
809 2126 930 2203 τημόνοις
943 2126 1012 2186 κατδ
1025 2127 1083 2193 τοὺς
1091 2129 1136 2196 τῆς
1145 2125 1219 2198 δίκης
1228 2123 1320 2185 ἕπεται
1334 2125 1437 2201 νόμους,
1447 2129 1483 2191 εἰς
1494 2127 1594 2204 εἱμαρ-

15 2207 49 2266 ίδτι
60 2208 147 2280 ταύτην
160 2215 316 2290 προαίρεσιν
331 2211 432 2282 καλεῖν,
449 2209 542 2286 καὶμὴ
556 2211 649 2290 τύχην.
693 2212 724 2270 El
738 2209 765 2268 δί
812 2213 901 2291 μόνην·
916 2214 949 2271 εδ
961 2212 990 2272 δὲ
1005 2213 1207 2294 προηγουμένως
1223 2211 1295 2292 παρὰ
1312 2217 1357 2270 τοῦ
1370 2216 1427 2271 θεοῦ
1438 2211 1591 2288 ἐνδιδόμενα

15 2295 456 2366 ιηθίνίπιστατεῖταῐςτῶντοιούτων
462 2296 576 2371 λήξεσιν,
584 2297 684 2364 ἀλλ’ὡς
690 2297 766 2377 ίτυχε
813 2300 912 2376 ἀγαθά,
929 2301 964 2366 εἰς
978 2300 1110 2379 πρόνοιαν·
1121 2302 1156 2366 είς
1166 2299 1193 2357 dl
1205 2298 1235 2357 rb
1249 2302 1315 2370 είκῆ,
1330 2298 1375 2358 καί
1388 2301 1423 2363 ὡς
1437 2297 1538 2376 ἔτυχεν,
1549 2301 1594 2358 οὐ·

15 2383 46 2440 ιαί
57 2385 199 2458 αὐτομάτοις
222 2385 381 2459 συμπίπτει,
397 2384 441 2444 τὀν
462 2385 509 2461 μίν
523 2388 621 2464 εὐτυχῆ
642 2374 718 2458 εἶναι,
733 2385 768 2452 ὥς
811 2387 852 2448 δίν
864 2390 916 2444 τῶν
928 2385 1205 2468 όντωνάναρέρειντὴν
1214 2385 1309 2444 αἰτίαν·
1321 2387 1381 2444 ἀλλ’
1394 2386 1452 2442 ούδί
1462 2388 1513 2443 τῶν
1523 2408 1595 2463 γινο-

15 2489 76 2548 ροισι,
87 2469 126 2528 τδν
140 2469 165 2528 δὲ
180 2473 310 2552 δυστυχῆ·
326 2469 409 2550 τύχην
421 2469 473 2530 ἔδει
488 2471 587 2539 ταύτην
605 2473 708 2545 καλεῖν,
722 2473 767 2530 καί
812 2475 905 2549 μένων·
919 2475 988 2550 τίμὴ
1000 2473 1052 2554 άρα
1063 2475 1130 2534 κατὰ
1144 2473 1319 2550 συμύεύηκός,
1334 2473 1379 2531 καί
1391 2473 1449 2530 κατ’
1457 2471 1594 2547 ἐμπλοκὴν

15 2553 283 2636 ιλδαιμονίαντύχην.
326 2561 358 2618 El
370 2558 396 2618 δὲ
409 2559 473 2638 πρὸς
481 2557 528 2628 τὴν
540 2559 613 2626 ἀξίαν
623 2559 725 2639 ἑκάστῳ
734 2559 767 2617 τδι
811 2567 862 2620 τῶν
878 2564 929 2620 ἀπὸ
945 2560 1077 2642 προνοίας,
1093 2561 1139 2620 καί
1160 2561 1319 2638 εἱμαρμένης
1344 2559 1389 2618 καί
1417 2559 1619 2638 προκιρίσιως,Ι

15 2643 151 2720 προσήκοντα
165 2646 294 2720 ἀπονέμει
317 2648 331 2703 θ
350 2645 528 2726 ίπιτροπεύων
543 2649 617 2722 ἡμῶν
639 2645 708 2714 θεός,
723 2647 768 2704 καί
811 2650 1011 2728 προηγουμένως
1019 2647 1218 2728 ἐνεργουμίνων,
1228 2644 1432 2717 ἐπακολουθήσει
1440 2645 1596 2725 τθόιςίτυχε

15 2729 97 2805 τοῦμὲν
112 2721 173 2789 εἶναι
192 2731 313 2790 τοιούσδε
330 2731 479 2804 ἢτοισύσδε
492 2737 562 2811 ἡμᾶς
576 2735 622 2793 οὐκ
637 2731 708 2792 ἔστιν
719 2733 767 2789 oi·
812 2743 866 2801 τοῖς
880 2746 1055 2816 πρωτουργοῑς
1069 2735 1169 2804 αἰτίοις.
1212 2725 1276 2797 oio
1294 2733 1374 2815 φέρε,
1388 2737 1402 2792 δ
1416 2734 1596 2808 δικαστλςτδν

15 2835 61 2884 νιος·
74 2823 114 2877 τού
127 2819 152 2876 dl
164 2817 209 2886 τίς
224 2819 340 2896 άμοιύδς
354 2821 497 2878 ἀποδοῦναι
509 2817 645 2888 κατίετοδς
660 2817 769 2897 θεσμοὺς
813 2821 892 2903 ρονέα
908 2823 1026 2892 κολάζειν
1037 2822 1158 2902 βούλεται
1170 2867 1179 2898 ,
1192 2823 1237 2882 καί
1251 2823 1279 2880 οὐ
1296 2822 1370 2880 τόνδε
1383 2821 1426 2880 τὸν
1444 2821 1593 2901 ἄνθρωπον·

15 2907 48 2975 τῆς
70 2903 133 2976 δίκης
151 2906 225 2983 μόνος
240 2905 299 2966 ίστί
320 2905 424 2988 κύριος,
441 2906 546 2975 εἰκότως
569 2907 686 2990 συνάψας
710 2896 767 2968 εἷπε
812 2909 916 2978 κολάζει
940 2909 968 2969 δὲ
988 2909 1033 2970 καί
1052 2915 1157 2984 τοῦτον,
1180 2909 1209 2970 δν
1223 2913 1270 2970 ούκ
1285 2909 1421 2985 ί6ούλετο,
1434 2909 1496 2968 όταν
1518 2909 1597 2977 eliab<

15 3082 146 3171 principio,
159 3101 216 3156 sive
241 3101 347 3172 insito,
363 3101 420 3156 sive
439 3111 568 3171 externo,
591 3099 672 3174 quod
697 3103 769 3158 male
814 3097 861 3172 lit,
875 3099 1054 3176 praeest,sed
1069 3101 1187 3158 fortuito
1200 3111 1303 3158 etcasu
1314 3100 1524 3170 evenit,uthic
1538 3099 1597 3156 for-

19 3182 101 3254 agendi
114 3201 219 3240 causam
232 3187 374 3261 praebeat;
390 3187 533 3244 bonorum
548 3206 617 3245 vero
631 3189 772 3264 principio
815 3197 943 3258 umatus,
958 3189 1001 3244 uti
1027 3187 1143 3260 dicunt,
1165 3189 1213 3244 ille
1243 3207 1312 3244 vero
1338 3187 1529 3242 infortunatus
1541 3189 1595 3260 sit,

19 3271 114 3324 omnino
127 3289 195 3344 opus
209 3283 251 3328 est
273 3291 366 3346 eoque
377 3275 522 3345 solo,tnm
542 3275 577 3330 ab
593 3277 770 3350 intelligenti·
815 3275 959 3332 fortunam
980 3276 1073 3332 solum
1095 3293 1199 3332 vocare
1223 3276 1294 3332 banc
1317 3275 1463 3348 oportuit,
1478 3285 1507 3330 et
1538 3295 1598 3330 non

18 3351 60 3408 bns
71 3359 168 3412 naturis
179 3371 332 3436 separato,
352 3361 444 3434 qualis
461 3373 502 3418 est
520 3364 610 3430 Deus,
624 3372 684 3417 tum
707 3365 773 3437 ipsis
815 3363 941 3418 divinam
953 3363 1108 3420 fortunam.
1119 3362 1225 3434 Quodsi
1237 3365 1322 3428 Deus,
1334 3362 1383 3436 qui
1394 3361 1478 3416 nobis
1486 3373 1598 3435 praeest,

19 3440 99 3512 insito,
114 3446 188 3518 quod
200 3449 337 3504 interiore
348 3460 429 3505 motu
440 3468 473 3505 ea
491 3451 566 3506 ciere
577 3460 605 3504 et
614 3451 773 3526 gubernare
816 3451 971 3524 uuicuique
993 3468 1026 3506 ea
1054 3450 1155 3505 tribuit
1182 3467 1245 3521 quae
1269 3450 1375 3504 meritis
1400 3447 1459 3517 ejus
1487 3466 1599 3504 conve-

20 3530 101 3600 possit,
115 3534 200 3605 qualis
220 3546 262 3590 est
283 3547 361 3591 recta
385 3539 470 3594 ratio.
494 3533 668 3611 Huiusmodi
688 3540 773 3613 igitur
816 3538 913 3608 niunt,
930 3555 1023 3610 neque
1038 3538 1097 3610 ipse
1119 3547 1162 3592 est
1182 3553 1281 3604 causa,
1295 3555 1346 3590 cur
1362 3532 1431 3590 boni
1456 3547 1506 3591 aut
1529 3538 1598 3592 mali

20 3618 184 3674 etmalorum
195 3619 389 3693 distinctio,e
406 3624 581 3696 quibusnon
595 3641 628 3680 ea
643 3642 706 3697 quae
725 3644 774 3680 vo·
815 3625 916 3696 simus,
931 3622 981 3679 sed
1005 3623 1240 3680 remunerationis
1261 3633 1389 3690 tanturn,
1405 3641 1467 3694 quae
1493 3642 1597 3679 secun·

20 3700 120 3759 lmuria
131 3719 209 3784 sunt,
228 3710 302 3766 dicit
315 3730 332 3767 a
357 3711 454 3768 divina
474 3707 597 3768 l'ortuna'
611 3713 774 3768 hominibus
818 3711 886 3768 dum
900 3712 975 3786 leges
985 3710 1100 3783 justitia
1114 3709 1164 3780 iit,
1179 3719 1347 3778 auctorest,
1363 3711 1466 3764 merito
1484 3729 1598 3766 carmen

22 3786 144 3864 distribui,
157 3814 254 3853 verum
269 3800 431 3854 calnmitosa
445 3801 509 3868 illa,
525 3818 587 3876 quae
597 3819 656 3855 non
666 3801 773 3856 suntin
817 3799 975 3872 conjunctis
986 3799 1150 3854 nominibus
1163 3797 1265 3870 judicii
1279 3796 1361 3868 hujus
1380 3796 1495 3853 decreta
1506 3797 1598 3854 furtu·-

21 3888 98 3933 uostra
110 3899 178 3937 nunc
188 3885 404 3957 potestate,sed
418 3904 433 3941 e
445 3889 584 3962 peccatis,
597 3905 660 3960 quar
675 3887 773 3942 volen·
816 3903 868 3942 nas
884 3885 993 3941 divinas
1004 3886 1176 3960 appellavit3
1192 3895 1331 3957 quatenus
1346 3883 1463 3956 quidem
1486 3885 1598 3941 divinus

22 3971 54 4016 tes
74 3966 133 4021 olim
151 3974 352 4043 commisimus,
378 3984 527 4029 manarunt
553 3993 559 4029 :
588 3992 650 4047 quae
674 3975 774 4030 dolore
817 3983 859 4028 est
874 3972 964 4045 judex
977 3982 1005 4028 et
1018 3973 1164 4026 intellectu
1183 3970 1319 4044 praeditus
1327 4009 1336 4040 ,
1354 3988 1399 4026 eas
1418 3969 1527 4026 divinas
1548 3986 1598 4022 vo·

24 4049 117 4120 quidem
135 4074 184 4112 nos
202 4059 347 4130 alliciunt,
363 4072 394 4115 ut
409 4055 548 4132 diximus,
563 4061 613 4117 sed
635 4064 774 4116 avirtute
817 4079 883 4116 cans
907 4070 936 4115 et
956 4061 1079 4114 scientia
1100 4059 1210 4133 plenas,
1234 4068 1373 4130 quatenus
1387 4075 1456 4112 vero
1478 4057 1525 4111 ille
1546 4055 1597 4127 qui

25 4146 133 4192 ornatum
147 4145 296 4218 accipiunt.
318 4149 427 4202 Etenim
447 4158 643 4224 paupertatem
657 4159 775 4205 exornat
814 4146 959 4217 judicatur
977 4157 1077 4220 sponte
1090 4165 1141 4226 suu
1154 4147 1184 4200 in
1196 4146 1299 4200 vitium
1313 4144 1475 4218 prolabitur
1489 4152 1518 4198 et
1532 4142 1598 4196 ideo

24 4222 95 4278 victus
114 4230 180 4284 ratio
202 4243 376 4309 temperans,
400 4247 428 4291 et
453 4238 562 4310 generis
588 4237 773 4292 humilitatem
819 4234 1024 4290 calamitatibus
1036 4235 1094 4289 istis
1108 4232 1210 4308 dignus
1221 4244 1276 4303 est,
1291 4233 1418 4289 fortunas
1433 4229 1597 4303 adjungens,

27 4313 136 4369 emendat
153 4321 319 4392 prudentia,
342 4334 371 4379 et
391 4324 547 4378 liberorum
558 4323 696 4396 jacturam
712 4323 773 4396 pla·
819 4323 959 4395 quiaDeo
972 4339 1033 4376 uon
1057 4340 1091 4376 ex
1114 4321 1242 4395 professo
1262 4320 1371 4376 huncce
1387 4319 1531 4374 hominem
1552 4317 1598 4373 rel

27 4394 76 4451 cide
87 4398 133 4455 lert
152 4406 192 4460 vir
208 4408 316 4480 justus,
333 4411 381 4484 qui
396 4421 492 4485 potest
510 4410 629 4466 dicere:
655 4411 724 4465 obiit
732 4411 775 4484 fi
817 4409 959 4483 supplicio
975 4409 1019 4464 rel
1033 4409 1151 4482 praemio
1166 4405 1279 4463 allicere
1290 4407 1471 4480 propositum
1483 4403 1599 4474 est,sed

27 4481 80 4535 lius?
94 4505 155 4562 ergo
174 4496 296 4552 redditur
314 4510 372 4566 est,·
388 4509 430 4570 et,
447 4495 568 4552 sciebam
583 4515 630 4552 nie
647 4503 775 4570 genitis-re
819 4515 882 4550 euru
894 4513 1005 4568 semper
1015 4497 1065 4568 qui
1080 4497 1141 4551 talis
1156 4497 1202 4550 vel
1217 4496 1279 4564 talis
1289 4495 1393 4562 luerit:
1410 4491 1492 4564 hujus
1505 4503 1599 4548 autem

27 4576 155 4633 mortalem.
167 4579 298 4639 Similiter
314 4603 383 4642 vero
397 4597 425 4642 et
438 4586 547 4659 reliqua
558 4582 668 4654 omnia,
684 4586 775 4640 virtu·
819 4583 860 4642 rei
876 4599 988 4637 causam
1011 4583 1041 4636 in
1055 4583 1197 4638 nobismet
1213 4583 1278 4656 ipsis
1295 4581 1377 4636 sitam
1401 4597 1469 4635 esse.
1490 4579 1599 4633 Nostrae

27 4653 55 4708 stt
66 4662 260 4730 pulchritudine
281 4672 394 4744 induta,
407 4671 482 4728 fiunt
499 4671 672 4728 decentiora.
689 4674 775 4729 Dein·
817 4686 886 4724 vero
899 4669 1051 4724 voluntatis
1061 4682 1090 4724 et
1107 4669 1209 4740 judicii
1227 4667 1286 4740 ejus
1305 4666 1527 4740 implicationem
1542 4664 1599 4719 lor-

29 4757 79 4816 ⁰⁸P⁵
93 4762 177 4807 auton
197 4758 360 4832 inquiritur,
381 4778 444 4833 quae
465 4761 521 4815 sint
533 4760 587 4814 illae
602 4759 774 4816 divinator·
819 4767 893 4812 tunae
906 4755 1047 4813 beneficio
1062 4755 1154 4825 ellici,
1167 4759 1206 4811 ita
1221 4766 1253 4811 ut
1266 4765 1357 4810 totum
1369 4750 1599 4822 bocdivinafor·

29 4833 101 4923 lune,
120 4856 168 4910 ptr
193 4861 260 4915 quas
285 4846 413 4902 homines
435 4848 558 4903 externis
589 4847 776 4903 incommodis·
820 4856 888 4900 tuna
904 4845 941 4900 sit
953 4843 1006 4900 Dei
1021 4842 1057 4898 de
1070 4843 1195 4917 peccatis
1218 4843 1357 4898 sententia
1379 4859 1468 4914 eaque
1488 4843 1600 4897 ratione

29 4920 307 4990 mellentensium
317 4933 444 4990 divinum
453 4933 594 5006 judicium
606 4953 639 4990 ex
649 4935 775 5008 professo
818 4931 970 4990 artificiosa
978 4931 1025 4988 illa
1035 4933 1242 4988 vocabulorum
1252 4932 1378 4987 inventio
1386 4932 1438 4986 llei
1448 4931 1600 5005 imperium

30 4997 82 5059 lmic
92 5007 207 5088 divitias,
221 5020 259 5075 illi
270 5032 466 5096 paupertatem
485 5022 578 5091 daret,
590 5021 713 5078 divinam
723 5039 777 5095 par
819 5032 849 5077 et
862 5021 950 5077 animi
967 5031 1026 5076 tum
1040 5019 1197 5096 libertatern
1210 5030 1270 5073 tum
1286 5017 1527 5090 immortalitatem
1535 5017 1600 5089 jun·

30 5101 79 5184 etat
88 5093 150 5154 hanc
158 5105 324 5164 voluntatem
333 5109 507 5178 vocari,non
519 5121 612 5165 eutem
623 5109 774 5166 fortunam.
818 5110 885 5164 etim
895 5109 1022 5176 inducat,
1032 5124 1065 5162 ac
1076 5124 1169 5182 neque
1181 5106 1238 5162 late
1251 5116 1300 5162 aut
1312 5103 1493 5179 providentia
1504 5106 1599 5162 omnia

32 5169 70 5228 Sur
88 5192 170 5242 antem
182 5189 248 5250 nibil
271 5193 368 5251 talium
390 5193 599 5266 distributioni,
615 5213 677 5270 quae
700 5207 776 5252 sorte
818 5194 899 5266 liant,
920 5213 1013 5268 neque
1028 5194 1146 5250 fortuito
1168 5205 1197 5249 et
1211 5211 1277 5249 cusu
1292 5211 1337 5250 res
1349 5193 1491 5262 eveniant,
1506 5211 1601 5268 neque
