3708 5916
240 361 297 414 444
335 405 338 412 .
545 430 550 444 ⁸
775 350 979 414 lllEllOCLlS
998 349 1304 414 COMMENTARIUS

239 485 285 545 καί
312 483 422 563 αῖσγύιη
451 481 645 565 ἀποτρίπουσαι
669 487 720 543 τῶν
745 491 843 560 κακῶν,
863 485 1012 564 ἀνθρώπους
1057 484 1258 562 ἀπολελογήσθω
1281 487 1345 562 ἡμῖν
1367 483 1431 564 πρδς
1448 482 1505 551 τοδς
1525 484 1762 564 δυσχεραντειιούς,
1782 491 1813 548 καὶ

240 572 332 648 μόνους
349 569 546 651 ἐπιστρέφεσθαι
559 571 677 648 λίγυνται
690 573 844 648 δρθῶς.Τ
846 571 923 650 δγάρ
936 575 1013 648 λογι-
1058 573 1260 654 πανταχόθεν
1235 597 1266 632 το
1279 573 1438 650 ἀπρονοητον
1446 575 1704 640 κατασκευαζσντας
1715 596 1773 650 προς
1785 577 1814 642 a,
1835 607 1836 612 =

240 657 284 716 κδν
299 659 407 738 ζωον
373 681 449 734 μονον
458 659 714 718 συναισθανεσθαι
681 681 727 730 της
740 659 813 732 δίκης
826 661 935 738 πίρυκε.
951 662 1013 724 Τοῖς
1056 661 1101 730 καί
1114 665 1198 718 ταῦτα
1211 663 1292 720 elutis
1315 659 1429 736 δίκαιον,
1450 659 1490 718 δτι
1505 659 1535 716 ἐκ
1560 657 1609 734 μὲν
1633 681 1683 717 του
1665 660 1813 735 ”πριίωςτί

241 745 371 823 μεγίστοις
384 736 428 805 οάν
446 747 513 824 δροις
535 747 674 812 διεστῶτας
692 751 764 822 ἡμᾶς
780 750 881 810 ἀπὸ”
846 773 897 808 σοιν
912 748 1012 824 ἀλόγων
1057 748 1170 825 δυσχερῆ
1184 747 1269 826 φύρειν
1284 751 1298 804 ὁ
1311 745 1468 823 ἀνθρώπινος
1488 744 1581 823 τρόπος
1602 744 1778 822 εύλόγιστος’
1766 772 1815 804 ιιι·

241 831 367 911 διεστώσῃ
381 831 505 905 ποίμπολυ
527 833 572 891 καί
585 835 618 910 τῇ
640 831 765 902 διοικήσει
784 837 934 913 χρῆσθαιπ
913 833 1012 912 ιεροσή·
1057 833 1191 914 φαίνεται,
1203 833 1248 892 καί
1262 834 1324 912 πρὸς
1334 831 1453 910 τδπαρδν
1464 832 1651 910 ίπελαρρύνων
1664 831 1699 890 τὰ
1713 833 1815 911 δυσρερῖ,

240 941 291 979 κει.
344 917 497 998 Σύμμετρος
510 920 562 1000 γάρ
574 923 631 984 ταῖς
652 918 795 986 σύσίαις“
761 943 812 978 των
835 919 916 979 ὄντων
939 943 984 978 και
974 920 1014 978 ό
1057 917 1178 998 καὶπρὸς
1192 919 1221 978 τδ
1235 917 1460 994 μίλλονίιύμενος.
1476 917 1565 992 Ὑμεῖς
1579 918 1609 976 δὲ
1625 921 1814 995 ἀγανακτοῦντες

240 1007 286 1072 τῆς
298 1003 419 1080 προνοίας
432 1006 533 1079 θεσμός·
545 1005 635 1072 καλῶς
649 1004 748 1063 ἕκαστα
761 1005 861 1076 θπίστη
884 1006 956 1084 παρδι
970 1012 1013 1063 τοῦ
1057 1004 1270 1076 τίκαίόνήσετε,
1287 1007 1310 1063 cl
1325 1002 1451 1080 μὴμόνον
1467 1004 1624 1083 προσθείητε
1644 1013 1698 1071 τοῖς
1711 1005 1816 1074 πόνοιςτῖ

241 1091 398 1169 δημιουργοῦ
414 1095 487 1162 θεοῦ,
499 1090 566 1150 ούτω
584 1092 629 1150 καί
645 1089 766 1171 προνοίας
779 1091 905 1158 ἀξιοῦται.
944 1089 1013 1150 Φαί·
1060 1091 1182 1169 μίγιστον
1191 1095 1242 1151 τῶν
1256 1095 1344 1150 κακῶν
1360 1089 1491 1161 ἀσίδιιαν,
1502 1091 1546 1150 καί
1556 1090 1627 1149 αὐτὰ
1643 1089 1672 1148 δὲ
1685 1091 1718 1148 τά
1729 1095 1815 1169 peliri

241 1195 313 1232 νει-αι
326 1175 369 1246 δι’,
385 1176 428 1234 tel
448 1175 495 1250 μὲν
513 1179 564 1234 τῶν
588 1175 756 1254 ἀνθρωπίνων
780 1180 888 1256 ψυχῶν,
902 1176 1013 1248 ίκοίστην
1059 1177 1204 1258 τραχύτερα
1226 1182 1325 1245 ίαυτοῖς
1344 1177 1513 1256 ἐξεργάσησθε
1537 1183 1573 1254 τῷ
1595 1177 1678 1254 παρά
1698 1179 1744 1248 τήν
1758 1181 1814 1245 ἀξίαι

241 1261 316 1325 αθτδς
331 1261 490 1331 ὑποστήσας·
504 1261 548 1320 lui
557 1263 584 1320 bl
596 1265 648 1320 τῶν
662 1261 763 1337 ἀλόγων
778 1262 845 1339 μόνα
857 1262 930 1340 γίνη,
947 1285 1012 1340 προ·
1058 1264 1169 1344 πάσγιιν
1185 1266 1250 1325 αύτά
1264 1267 1362 1338 δοκεῖν,
1376 1265 1410 1325 ‘0
1424 1264 1475 1341 γάρ
1485 1267 1566 1322 νοσῶν
1581 1263 1630 1321 ίάν
1647 1269 1775 1344 ἀγανακτῇ
1787 1267 1814 1324 ότι

241 1344 385 1426 τείνωντῇ
411 1347 603 1423 διαπλαττσύσῃ
624 1347 691 1407 αὗτδι
717 1348 811 1428 φύσει,
836 1354 871 1415 ῶς
887 1350 1013 1410 Πλοίτωνι
1058 1355 1140 1424 νοσεῖ,
1154 1352 1186 1412 δι’
1199 1350 1348 1411 αύτδτοῦτο
1363 1351 1463 1428 μᾶλλον
1476 1349 1589 1420 νοσήσει.
1648 1351 1699 1407 bb
1712 1351 1815 1432 οῦδὲ-γι-

203 1439 208 1448 ’
242 1433 327 1508 δοκεῖ,
340 1437 384 1491 καί
403 1433 509 1513 Τιμαίῳ
523 1437 561 1514 τῷ
574 1436 758 1514 Πυθαγορείιρ,
778 1435 850 1494 οὐδὲν
866 1437 1014 1513 μδνπροσε·
1058 1439 1188 1496 λιπαίνειν
1205 1438 1244 1496 δεῖ
1264 1438 1328 1515 πρὸς
1341 1436 1389 1510 τὴν
1404 1436 1476 1504 ἀξίαν
1491 1440 1537 1508 τῆς
1557 1436 1714 1502 ἀποδόσεως
1726 1441 1814 1514 γινομέ-

242 1519 287 1598 χὲς
300 1524 350 1580 τῶν
359 1525 457 1594 θνητῶν
467 1521 650 1601 δημιούργημα
663 1515 728 1582 εῖναι
740 1528 786 1582 τοῦ
797 1527 854 1582 θεοῦ
866 1525 1015 1598 τιθεμένοις,
1059 1548 1119 1596 νης,
1134 1523 1178 1581 lue
1193 1523 1230 1598 μή
1245 1523 1289 1582 καί
1310 1526 1434 1603 χειρόνων
1448 1524 1474 1580 ἀν
1489 1522 1540 1589 ἔξει
1560 1521 1719 1598 γενώμεθα,
1732 1526 1770 1582 διδ
1781 1527 1815 1596 τήν

240 1607 289 1672 τάς
303 1608 330 1665 δὲ
344 1607 503 1684 ἀνθρωπίνας
513 1607 599 1686 ψυχάς
611 1607 726 1683 γίνεσθαι
737 1611 766 1668 lx
776 1615 821 1668 τοῦ
830 1611 908 1668 αὐτοῦ
917 1613 1015 1684 aperiq-
1059 1608 1102 1666 ίπί
1114 1615 1167 1674 τοῖς
1175 1615 1289 1686 παροῦσι
1300 1609 1453 1687 βλάσφημον
1464 1606 1617 1686 δυσφορίαι.
1674 1607 1815 1686 Σκεψώμεθα

243 1715 285 1768 ρος
298 1694 351 1760 τοῖς
362 1717 389 1752 τε
402 1694 548 1771 ίγκοσμίοις
566 1695 629 1760 θεοῖς
637 1740 647 1770 ,
660 1695 705 1753 καί
718 1704 771 1762 τοῖς
783 1695 918 1772 δαίμοσιν,
932 1693 949 1765 ἢ
962 1703 1016 1761 τοῖς
1060 1696 1086 1756 δὲ
1111 1696 1174 1756 αύτδ
1190 1697 1236 1756 καί
1250 1698 1319 1775 τῇδε·
1334 1695 1358 1752 εί
1370 1718 1409 1761 τις
1429 1694 1519 1754 πενίαν
1532 1692 1625 1752 λαύιδν
1642 1695 1732 1773 πράως
1752 1697 1815 1773 ρίρει,

243 1782 347 1856 ἀγαυοῖς
368 1781 462 1859 ήρωσι·
481 1781 520 1840 διδ
534 1780 642 1860 πρόνοια
663 1783 705 1841 ἀπ’
722 1781 864 1860 ἀνθρώπων
887 1779 941 1840 ίστῖ
956 1780 1014 1840 καθ’
1059 1782 1122 1862 πρδς
1146 1788 1180 1861 τῇ
1195 1783 1247 1842 ἀπὸ
1268 1788 1314 1852 τῆς
1335 1781 1478 1858 πραότητος
1501 1782 1619 1888 dborlq,
1635 1783 1682 1839 καί
1708 1781 1815 1858 ἐξευρήσει

242 1863 291 1922 δια
298 1863 461 1937 ίκαστον
421 1889 475 1932 πως
487 1865 670 1944 ἀφίσταται
636 1889 687 1926 των
698 1867 759 1926 ίκει
772 1889 827 1934 ποις
838 1867 944 1946 προςτά
953 1868 1015 1946 τηδε
1059 1869 1115 1928 τινά
1139 1873 1184 1928 τοῦ
1205 1868 1261 1947 βίου
1275 1867 1451 1946 παραμυθίαν·
1472 1871 1548 1926 τοῦτο
1568 1868 1630 1942 μέν,
1645 1872 1691 1924 τοῦ
1710 1869 1815 1942 λογισμοῦ

241 1949 317 2010 νεύει·
330 1954 386 2018 πῶς
398 1953 508 2012 ίνταῦθα
523 1951 693 2012 πολιτεύεται·
688 1957 758 2019 Ιπῶς
775 1953 806 2012 ἀν
821 1954 908 2012 ίντιῦθ
895 1959 936 2012 θεν
952 1955 1016 2011 ἀνα·
1059 1954 1136 2032 πόρον
1150 1954 1231 2034 ileop‘
1222 1977 1336 2020 ισιιοντος
1349 1955 1453 2100 εὐλόγου
1467 1957 1670 2034 διατροφῆς,
1638 1979 1678 2012 τω
1658 1955 1726 2030 ’μή
1739 1977 1815 2032 mpu-

129 2063 133 2073 ·
241 2039 374 2112 κομισθείη
389 2029 515 2098 ἐκεῖσε·
495 2063 531 2098 ων
551 2039 622 2099 οὐδὲν
638 2041 677 2098 δεῖ
699 2041 805 2116 rupi*
773 2063 819 2110 της
839 2039 933 2115 ἀλόγου
947 2043 1015 2111 ζωῆς
1058 2041 1198 2122 χύσθαιτῇ
1207 1978 1292 2121 ρλυπη·
1304 2043 1419 2102 τοῦτοδε
1408 2042 1589 2120 ε’,ἀγαμίνων
1605 2015 1733 2100 αύτδν
1699 2067 1748 2101 των
1759 2045 1814 2113 πλη

241 2124 484 2202 πραγματεύεσθαι.
554 2129 625 2185 Ούτε
647 2125 697 2205 γάρ
722 2119 798 2198 ήλθεν
826 2127 1014 2198 ἀδυνατήσεαα
1060 2151 1115 2189 σιον
1127 2153 1174 2199 της
1196 2127 1321 2208 ἔμφρονος
1343 2129 1497 2208 καρτερίας,
1512 2151 1558 2186 και
1578 2128 1814 2204 συνεκκομιζόντων,

241 2212 395 2270 ίπισπίσθαι
408 2215 467 2292 θεῷ·
483 2236 541 2272 oure
549 2214 637 2271 ίιτι
604 2237 650 2291 γης
659 2214 765 2272 δυναται
775 2213 925 2272 πολιτευεσ
912 2219 954 2272 αθι
957 2217 1012 2285 ,ὡς
1059 2213 1421 2294 όσηδύναμιςτάἀνοιγκαῖα
1434 2216 1495 2296 πρδς
1508 2239 1551 2274 πον
1567 2216 1637 2294 βίον.
1680 2213 1749 2275 ‘3³0
1741 2220 1812 2291 ἀγα·

241 2297 318 2376 φυτδν
336 2289 402 2356 ουσα
420 2300 545 2378 ούραίνιον·
565 2299 624 2358 οὔτε
646 2299 710 2378 πρός
727 2323 752 2358 τι
773 2299 894 2375 ξύννομον
916 2300 1012 2406 ἀστρρν
1059 2305 1175 2373 νακτῶν,
1190 2325 1234 2360 και
1253 2301 1403 2379 γυναικείοις
1424 2301 1644 2410 πικραινόμενος,
1664 2304 1761 2378 πρῶτον
1777 2300 1811 2374 μὲν

241 2383 383 2461 ἀνάγεσθαι
405 2385 512 2464 utpute.
553 2386 607 2444 Kal
621 2391 704 2444 ταῦτα
722 2386 768 2463 μίν
789 2409 809 2444 π
812 2386 897 2465 ρδς
872 2409 903 2444 το
927 2409 1011 2466 παρον
1057 2388 1175 2455 ίκουσίας
1188 2388 1271 2454 λύπας
1285 2386 1484 2466 προσκτᾶται·
1470 2409 1559 2444 επειτα
1574 2385 1809 2466 προσδεδεμέναςτμ

240 2607 322 2644 usum
341 2599 487 2644 consumta
501 2590 602 2644 videri.
621 2591 728 2662 Quodsi
747 2591 815 2645 nihil
836 2609 935 2648 eorum
953 2611 1014 2665 quae
1059 2593 1163 2646 animas
1175 2602 1269 2647 autem
1283 2591 1417 2646 humanas
1430 2608 1465 2645 ex
1479 2589 1579 2645 eodem
1593 2600 1723 2661 cratere,
1739 2607 1752 2642 e
1767 2605 1810 2660 quo

240 2674 356 2730 homine
370 2677 516 2749 superiora
530 2679 687 2732 suntmorti
702 2679 857 2733 obnoxium
869 2681 904 2733 sit
916 2677 926 2751 (
937 2696 1013 2750 quo·
1057 2679 1191 2735 mundani
1209 2679 1248 2734 dii
1262 2689 1290 2734 et
1308 2677 1447 2732 daemones
1460 2678 1517 2734 sive
1534 2677 1658 2732 illustres
1675 2677 1766 2731 heroes
1776 2692 1810 2727 ex·

241 2763 318 2816 niam
336 2764 395 2834 ipse
409 2761 439 2816 in
453 2763 666 2836 intelligentium
679 2775 843 2819 naturarum
856 2782 957 2838 genere
971 2767 1013 2819 ul·
1056 2767 1198 2833 stiterunt,
1225 2783 1281 2820 esse
1307 2765 1407 2834 luctas3
1428 2763 1616 2835 quamohrem
1640 2765 1713 2818 circa
1735 2781 1809 2816 ιιιιιιι

240 2851 340 2903 timum
353 2850 448 2902 locum
462 2859 556 2904 tenens
571 2861 655 2922 atque
670 2851 779 2906 idcirco
802 2852 967 2907 immortalis
984 2853 1013 2905 in
1059 2867 1200 2921 quemque
1222 2849 1365 2904 hominem
1391 2848 1574 2921 providentiae
1596 2849 1810 2902 observatiore-

240 2935 359 2989 mortale
384 2951 487 3006 corpus
517 2953 582 2989 casu
609 2935 726 2992 adverso
749 2955 896 3011 oppressus
922 2938 1011 3008 venit,
1056 2945 1142 3003 satur,
1156 2934 1302 3006 quomodo
1324 2935 1462 3006 asuperis
1473 2933 1614 3000 discedat,
1632 2931 1809 3004 quomodoin

240 3032 418 3093 assumtoque
439 3039 545 3094 organo
573 3022 699 3094 quodam
723 3023 819 3078 bestiis
841 3035 961 3098 cognato
983 3025 1013 3077 in
1057 3022 1115 3076 haec
1130 3022 1270 3077 terrestria
1283 3019 1573 3094 inclinet,quomodo
1590 3020 1639 3076 ltlc
1653 3020 1809 3093 degat,quu·

240 3117 315 3162 terra
336 3105 496 3182 versatur),
517 3108 588 3162 nihil
606 3126 662 3163 esse
685 3121 786 3184 queat,
802 3110 881 3182 quod
898 3112 1014 3166 miseriis
1058 3109 1145 3162 modo
1173 3109 1240 3162 lriuc
1262 3106 1375 3162 demum
1396 3108 1462 3162 illuc
1491 3116 1651 3161 revertatur
1678 3124 1685 3159 ε
1710 3122 1810 3177 quorum

240 3193 384 3248 nostrised
393 3212 454 3248 suas
464 3195 559 3268 epulas
567 3195 711 3264 abutatur,
720 3197 843 3270 ideoque
851 3197 921 3251 nibil
931 3200 1013 3254 etiam
1058 3195 1129 3250 nihil
1151 3194 1187 3248 de
1211 3195 1305 3248 anima
1328 3195 1443 3248 rationis
1468 3203 1584 3264 experte
1606 3193 1666 3248 dici
1689 3192 1808 3246 convenit.

241 3279 318 3351 quod
333 3280 415 3334 nobis
430 3280 615 3336 immoderate
627 3281 663 3336 ad
678 3283 859 3356 cupiditatem
875 3302 951 3339 suam
962 3303 1014 3340 ex·
1057 3284 1154 3357 Neque
1166 3283 1240 3336 euim
1254 3282 1301 3336 illa
1312 3283 1367 3338 huc
1377 3279 1470 3350 veuit,
1485 3279 1601 3352 quaudo
1612 3282 1703 3336 Deum
1714 3278 1810 3349 amplius

239 3366 371 3439 plendam
385 3377 490 3424 utatur.
504 3369 615 3422 lustitia
631 3369 718 3440 igitur
736 3379 764 3424 et
778 3370 851 3426 ordo
865 3373 1014 3426 immorta·
1056 3371 1135 3442 sequi
1147 3387 1205 3424 uon
1216 3371 1325 3442 potuit,
1339 3387 1391 3424 nec
1413 3377 1505 3441 potest
1519 3369 1550 3422 in
1563 3379 1642 3423 terra
1657 3367 1767 3432 versari,
1786 3373 1809 3416 rt

240 3453 314 3508 libus
332 3454 401 3522 illis,
415 3456 464 3526 qui
478 3455 560 3509 nobis
572 3459 734 3528 superiores
753 3467 833 3529 sunt,
850 3476 1014 3514 sue-rerum
1058 3473 1119 3526 quse
1134 3455 1232 3526 planta
1245 3455 1429 3520 coelestinus,
1439 3463 1650 3524 uequcuatura
1667 3452 1809 3518 talisestut

239 3551 398 3595 nostrarum
412 3536 659 3597 administrationis
674 3545 747 3616 teges
765 3546 967 3617 prescribant,
982 3557 1014 3600 ut
1057 3541 1094 3596 ad
1106 3534 1210 3596 istrum
1222 3541 1340 3612 aliquod
1354 3541 1407 3612 ipsi
1424 3557 1582 3612 congruens
1593 3539 1751 3595 reducatur.
1767 3535 1806 3589 u-

239 3645 272 3682 ca
286 3629 360 3682 circa
372 3646 423 3682 uos
436 3630 598 3697 moliuntur,
610 3649 672 3702 quse
682 3641 711 3685 et
725 3642 850 3686 nostram
861 3633 908 3687 hic
919 3635 1013 3705 pravi·
1057 3647 1112 3699 que
1125 3628 1184 3684 haec
1199 3628 1314 3701 quidem
1327 3647 1343 3682 a
1357 3626 1440 3682 nobis
1448 3627 1580 3680 adversus
1591 3622 1805 3699 indignabssssdoer

241 3724 325 3769 tatem
339 3717 466 3770 minuant
479 3727 507 3771 et
521 3734 556 3772 eo
572 3719 701 3785 valeant,
715 3718 792 3773 utad
806 3720 880 3791 ipsos
891 3718 1012 3773 reduca—
1057 3716 1106 3786 qui
1120 3715 1315 3786 quovismodo
1326 3713 1534 3789 providentiam
1548 3713 1666 3784 tollunt,
1679 3714 1807 3782 inpressas

239 3819 312 3857 mur.
329 3803 560 3872 Deuobiseuim,
577 3815 712 3876 tanquam
727 3805 762 3860 de
777 3806 902 3878 cognatis
913 3804 1014 3858 exsuli·
1058 3801 1132 3857 dicta
1152 3803 1223 3872 sint,
1238 3803 1370 3858 adversus
1392 3819 1463 3873 quos
1484 3809 1513 3855 et
1531 3800 1592 3853 lraec
1602 3797 1671 3868 jure
1688 3797 1805 3861 dicaumr,

238 3887 311 3958 bus,
335 3889 447 3943 solliciti
469 3899 543 3950 sunt.
573 3892 750 3962 Quapropter
777 3890 872 3964 pudor
895 3900 923 3944 et
941 3891 1012 3944 ultio
1056 3888 1202 3944 hominum
1213 3908 1397 3946 moreeexeo
1413 3905 1551 3962 apparere
1560 3888 1667 3942 ratium
1679 3894 1806 3940 consenu-

239 3973 334 4028 diviua
344 3985 373 4028 et
380 3975 519 4047 dedecus,
531 3995 653 4048 quorum
664 3995 720 4050 ope
732 3977 837 4031 amalis
849 3976 1011 4044 avertimur,
1056 3994 1140 4044 neos,
1154 3976 1234 4048 quod
1251 3993 1296 4032 res
1323 3976 1453 4032 adversas
1465 3977 1564 4029 leuiter
1582 3973 1699 4028 serendo
1711 3973 1738 4025 iu
1748 3987 1804 4041 pre·

238 4059 453 4116 hominessolos
471 4062 508 4117 ad
528 4064 658 4118 virtutem
674 4082 806 4119 revocare
823 4072 899 4118 recte
912 4063 1012 4118 dicuu-
1056 4081 1117 4118 sens
1136 4063 1257 4118 allevent
1278 4074 1307 4120 et
1330 4061 1487 4118 remedium
1512 4077 1609 4116 earum
1634 4062 1665 4114 in
1687 4068 1804 4131 posterum

239 4157 295 4202 tur.
311 4144 409 4202 Solum
428 4150 502 4202 enim
526 4152 664 4205 rationale
685 4151 787 4206 animal
805 4149 918 4221 justitie
932 4169 1012 4208 sensu
1056 4159 1167 4221 parent.
1182 4147 1343 4205 vosautem
1357 4141 1803 4221 quiindiguamini,quidtmduu

238 4231 370 4288 allicitur.
384 4233 539 4320 Nosigitur
553 4254 602 4307 qur
594 4237 778 4309 longissimo
791 4253 807 4290 a
821 4236 1011 4293 bestiisinter-
1056 4234 1222 4308 proficietis,
1244 4237 1297 4290 nisi
1320 4236 1400 4308 quod
1422 4236 1613 4307 impietatem,
1632 4233 1760 4286 malorum
1779 4245 1803 4278 o·

237 4319 313 4374 vallo
330 4301 475 4388 distamus,
490 4321 702 4394 gubernationis
722 4323 805 4377 etiarn
819 4324 906 4378 modo
930 4325 1012 4398 louge
1055 4323 1163 4376 mnium
1183 4323 1352 4390 maximum,
1368 4322 1570 4376 calamitatibus
1589 4322 1687 4375 restris
1708 4314 1815 4398 additis,¹

239 4406 350 4462 diverso
365 4403 480 4462 tractari
502 4418 626 4480 oportet.
643 4411 689 4464 Est
703 4410 777 4464 euim
792 4427 887 4464 rerum
906 4413 1013 4468 naturis
1055 4419 1142 4481 atque
1161 4408 1235 4483 ipsas
1250 4410 1336 4464 etiam
1358 4425 1494 4463 aerumnas
1513 4407 1595 4461 vobis
1620 4423 1656 4460 eo
1675 4403 1803 4476 asperiores

238 4511 396 4566 congruens
415 4494 499 4548 etiam
509 4494 694 4564 providentiae
707 4496 767 4566 lex,
787 4505 814 4549 et
826 4496 1012 4566 quemadmo-
1055 4494 1160 4564 facitis,
1175 4495 1286 4568 quod''
1267 4513 1301 4551 us
1312 4506 1413 4569 prater
1427 4495 1525 4550 merita
1538 4511 1588 4548 vos
1598 4490 1673 4548 affici
1687 4489 1801 4546 existima·

238 4580 307 4635 dum
323 4581 460 4654 singulae
473 4579 573 4634 muudi
587 4579 690 4655 opilice
703 4585 764 4636 Deo
777 4593 870 4636 creata
885 4594 963 4652 sum,
973 4585 1012 4639 sio
1057 4579 1106 4637 tis?
1121 4584 1147 4637 ls
1157 4585 1250 4650 euim,
1265 4583 1426 4655 quimorbo
1436 4581 1562 4649 laborat,
1575 4580 1598 4634 si
1612 4579 1737 4634 morbum
1746 4571 1801 4626 iudi·

238 4678 267 4723 et
280 4668 460 4741 providentia
475 4667 534 4739 ejas
552 4665 691 4724 fruuntur.
708 4667 826 4723 Videtur
836 4679 928 4725 autem
938 4671 1013 4726 Deus
1056 4677 1168 4740 guetur,
1183 4687 1218 4724 eo
1230 4670 1292 4742 ipso
1310 4669 1423 4742 gravius
1443 4667 1593 4723 laborabit.
1607 4668 1698 4737 Quare
1709 4679 1758 4715 nou
1772 4666 1802 4710 etl

238 4753 267 4808 iu
281 4753 441 4809 hominibus
450 4754 590 4830 singulas
583 4771 642 4826 ipse
655 4771 759 4808 ammas
769 4770 890 4824 creasse
899 4757 930 4810 iu
942 4754 1011 4812 bru-
1055 4755 1135 4826 quod
1157 4773 1384 4822 succenseamus,
1414 4756 1436 4810 si
1462 4753 1534 4826 quid
1549 4772 1603 4827 pro
1624 4752 1724 4807 meritis
1738 4743 1799 4800 nobit

238 4841 274 4895 tis
294 4858 363 4895 vero
385 4839 553 4894 animalibus
571 4840 629 4894 sola
652 4857 754 4913 genere
776 4853 885 4898 naturae
913 4859 1011 4898 eorum
1055 4841 1231 4912 retribuitur,
1254 4860 1291 4898 uc
1314 4852 1433 4916 propter
1455 4840 1621 4896 maledicam
1648 4833 1798 4912 presentium

236 4925 337 4982 fictrici
350 4928 548 5000 proposuisse,
561 4927 603 4982 uti
617 4925 730 4982 Platoni
743 4936 773 4982 et
786 4929 890 4984 Timaeo
905 4927 1011 4999 Pytha·
1055 4929 1195 4984 malorum
1207 4929 1409 5002 impatientium
1424 4928 1453 4982 iu
1467 4915 1797 4984 dermometimbcbr

237 5015 336 5086 gerico
356 5015 462 5087 placet,
486 5016 536 5089 qui
559 5016 632 5072 nibil
653 5015 788 5090 dignitate
806 5017 969 5089 proximum
995 5034 1011 5072 e
1055 5025 1114 5072 tum
1139 5017 1332 5090 prolabamur.
1348 5013 1560 5070 Consideremus
1576 5031 1646 5068 vero
1665 5027 1720 5066 rem
1737 5008 1796 5059 isuu

239 5100 397 5162 mortalium
413 5120 515 5177 genere
528 5121 545 5160 a
563 5105 625 5162 Deo
639 5113 766 5160 creatum
794 5122 852 5160 csse
870 5113 1007 5178 statuunt,
1054 5103 1109 5161 hoc
1123 5102 1335 5178 quoqucmodo
1350 5121 1356 5156 :
1373 5103 1396 5160 si
1411 5102 1476 5178 quis
1488 5100 1525 5158 ad
1536 5111 1683 5176 egestatem
1693 5094 1795 5154 redactus
