3708 5916
578 448 619 508 ΙΝ
646 445 1007 508 tarentinarum.

7 582 70 654 1μην,
85 579 130 639 καί
139 579 188 651 τὴν
199 579 326 659 ἂρμονίαν
342 581 421 638 αθτοῦ
431 577 550 658 συνέχον.
594 577 656 650 Zotal
671 577 722 657 γάρ
733 575 773 644 τίς
815 577 997 657 κάθαρσις,
1012 575 1045 648 ῆν
1062 577 1220 648 ποιήσασθαι
1240 578 1278 636 δεῖ
1292 587 1345 646 τοῖς
1363 582 1440 656 ίεροῖς
1464 579 1591 667 ῂτόμενον

8 679 49 730 ἴστε
59 670 88 728 τὸ
100 669 180 726 ἀῦλον
203 671 300 744 σῶμα,
315 667 361 726 καί
375 670 441 736 ζωῆς
460 667 550 724 ἐνύλυυ
563 665 723 742 γεννητικόν,
736 667 769 722 δι’
816 669 928 741 θεσμοῖς,
941 663 985 721 καὶ
999 671 1056 730 ταῖς
1066 667 1117 722 τῶν
1131 667 1207 744 ίερῶν
1219 664 1334 743 τέχναις.
1376 668 1589 746 Σωματικωτέρα

8 752 27 829 ξς
38 759 65 815 τὸ
79 756 170 827 θνητὸν
186 759 263 831 ἡμῶν
276 759 340 833 ζῷον
351 755 565 830 συμπληροῦται,
576 755 605 810 έιι
614 758 660 822 τῆς
677 753 771 829 ἀλόγου
816 753 843 810 δέ
857 777 911 820 πως
934 749 999 822 αὕτη
1018 755 1035 822 ἡ
1050 753 1222 831 κάθαρσις·
1241 752 1281 810 διὸ
1300 752 1344 812 καί
1359 756 1427 811 θλῶν
1446 756 1591 833 ἐφάπτεται

8 849 59 916 ζωῆς
68 844 111 902 καί
125 849 172 900 τοῦ
185 845 277 900 ὑλικοῦ
292 843 413 916 σώματος
425 840 610 916 συγκείμενον,
625 840 731 898 εἴδωλον
744 838 772 898 θν
816 842 1003 908 παντοδαπῶν,
1029 841 1206 918 θεραπεύουσα
1233 841 1360 906 παντοίως
1393 840 1438 898 καί
1462 844 1590 926 μεταπεί-

1530 461 1590 511 tta

8 941 39 991 :ob
51 929 203 1007 deoperitur,
221 929 247 996 θς
261 931 291 987 ἐκ
305 931 412 1008 λογικῆς
428 927 517 994 οὐσίας
532 926 578 985 καί
589 926 711 1002 σώματος
724 928 770 986 ἀθ-

8 1039 40 1076 ιου
53 1017 220 1087 συνέστηκεν.
294 1015 369 1074 Ἐπεί
384 1007 427 1072 οὖν
441 1019 518 1090 ἡμεῖς
532 1019 545 1072 θ
560 1014 706 1092 ἄνθρωπος,
722 1020 771 1072 ἀν-

8 1105 94 1182 ίρυίπου
112 1105 139 1162 δὲ
164 1109 261 1164 ταῦτα·
288 1102 415 1182 προσῆκει
440 1100 485 1160 brt
508 1101 612 1158 πάντων
636 1100 683 1176 μὲν
709 1123 771 1158 κα-

8 1196 72 1272 ίῆρα
81 1199 114 1250 σθ
123 1215 155 1249 αι
168 1191 216 1248 καί
230 1193 412 1260 τελειωθῆναι,
428 1192 472 1247 τὸν
484 1188 511 1246 δέ
525 1189 698 1248 ἐπιθάλλοντα
709 1187 769 1268 τρό-
789 1157 794 1246 l

8 1306 44 1340 τον
57 1283 92 1360 ἐρ’
111 1280 225 1348 ἑκάστης
244 1277 344 1356 φύσεως
365 1281 487 1352 τηρῆσαι.
539 1273 620 1335 Ἔστι
632 1275 683 1352 γὰρ
700 1275 768 1345 άλλη
789 1258 794 1379 Ι

8 1371 72 1428 ίλλου
89 1366 277 1445 κάθαρσις.
319 1355 394 1435 Oios,
409 1365 495 1442 ψυχῆς
506 1364 625 1440 λογικῆς,
640 1361 708 1420 κατὰ
723 1361 770 1437 μὲν

8 1457 29 1514 r'o
42 1452 156 1528 λογικόν,
179 1451 350 1528 κάθαρσις
366 1451 555 1526 ἐπιστημονικίη
571 1449 687 1520 ἀλήθεια·
702 1447 770 1507 κατά

8 1541 26 1598 il
39 1540 64 1596 τθ
76 1538 237 1611 δοξαστικόν,
253 1544 269 1608 ἡ
286 1537 439 1614 βουλευτικῆ
453 1535 544 1616 ἀρετή.
587 1539 704 1611 Θεωρεῖν
717 1535 768 1614 γάρ

8 1625 33 1683 τί
50 1625 99 1682 ἀνω
113 1624 275 1703 πεφυκότες,
301 1623 346 1682 καί
360 1623 461 1682 τάττειν
485 1624 518 1681 sd
542 1623 631 1698 κάτω,
649 1623 771 1693 ἀληθείας

8 1715 45 1786 μίν
57 1713 115 1788 πρὸς
128 1714 230 1781 ἐκεῖνα,
241 1715 376 1780 πολιτικῆς
391 1710 418 1769 δὲ
434 1714 526 1789 ἀρετῆς
540 1709 603 1788 πρὸς
616 1713 700 1767 ταῦτα
713 1711 771 1779 θεη-

8 1799 101 1872 σύμεθα,
112 1797 181 1862 dara<
192 1797 223 1854 ἀν
239 1801 291 1854 τῶν
302 1797 349 1872 μὲν
361 1795 449 1855 ἀϊδίων
463 1798 616 1875 θεωρητικοὶ
626 1797 769 1872 γινώμεθα,

8 1885 86 1942 τῶνδέ
101 1884 276 1962 ἐνδεχομένων
299 1887 450 1963 πρακτικοί.
506 1889 573 1945 Κατ’
594 1885 728 1964 ἀμφύτερα
744 1883 770 1941 δὲ

8 1979 49 2036 τοῖς
61 1971 128 2036 θείοις
142 1973 210 2049 θροις
225 1969 381 2048 ἐμμένοντες
393 1971 435 2030 aba
447 1977 493 2044 τῆς
505 1972 610 2050 ἀλογίας
623 1973 653 2029 ἀν
666 1971 771 2049 ἀπογύ-

8 2081 88 2134 γυιμεν,
96 2057 227 2118 κλύδωνα.
257 2058 321 2118 Ἀπθ
336 2059 432 2130 ταύτης
443 2061 493 2136 γὰρ
510 2061 550 2116 δεῖ
559 2083 575 2116 κ
584 2059 644 2132 αθῆ
654 2083 667 2137 ρ
677 2065 772 2116 ασθαι

8 2145 45 2216 τῆν
56 2145 155 2222 λογικὴν
168 2149 248 2219 ἡμῶν
263 2147 362 2220 σιἰσίαν,
376 2147 464 2216 ἐπειδὴ
477 2147 613 2224 καὶταύτῃ
628 2149 772 2224 προσῆλθεν

10 2235 30 2288 ἐν
47 2240 74 2306 τῇ
87 2233 120 2296 είς
135 2231 238 2309 γε’νεσιν
254 2233 349 2291 νεύσει.
400 2232 477 2292 llll&
492 2232 523 2303 δὴ
540 2234 582 2290 καί
597 2237 634 2312 τῷ
647 2233 774 2306 αὐγοειθεῖ

11 2319 72 2389 ἡμῶν
86 2317 185 2392 ουἰματι
195 2319 314 2398 προσέφα
329 2323 405 2394 σῶμα
417 2317 517 2389 θνητόν·
533 2316 602 2391 ὅμως
612 2323 772 2398 καθαρεῦσαι

11 2403 41 2458 θεῖ
52 2403 91 2461 καί
102 2402 202 2479 τούτου,
211 2407 259 2464 καί
271 2411 316 2475 τῆς
327 2406 390 2482 πρὸς
401 2403 464 2463 αύτθ
474 2405 636 2480 συμπαθείας
652 2407 771 2465 ἀπαλλα-

10 2493 84 2564 γῆναι.
137 2493 266 2551 Λείπεται
288 2493 320 2563 δὴ
343 2484 387 2551 οῦν
410 2497 427 2564 ἡ
451 2497 494 2551 τοῦ
517 2495 628 2572 ψυχικοῦ
651 2493 772 2568 σώματος

788 1641 794 1656 θ

11 2683 198 2757 conpositum,
225 2703 290 2760 quae
312 2684 404 2760 ipsius
425 2682 553 2740 hominis
569 2675 672 2758 'irnago
691 2697 734 2741 est
755 2705 772 2742 e

12 2782 97 2826 natura
126 2769 298 2844 intelligenti
322 2783 349 2827 et
375 2789 498 2846 corporo
531 2770 649 2826 materia
680 2791 771 2828 vacuo

12 2855 118 2912 rnnllati.
133 2857 227 2924 Quum
245 2857 334 2930 igitur
348 2876 402 2914 uos
416 2860 505 2914 simus
524 2856 623 2925 bomo,
644 2857 771 2914 bominis

13 2953 88 2996 antem
102 2942 157 3000 haec
172 2943 249 3018 sint,
262 2945 294 2999 in
313 2943 449 3000 omnibus
461 2946 610 3018 parificari
625 2956 652 2999 et
669 2943 770 3020 perlici

13 3026 144 3100 debemus,
160 3029 279 3087 modum
292 3050 362 3088 vero
377 3031 535 3107 unicuique
546 3032 655 3086 naturae
667 3050 771 3088 conve·

14 3112 118 3169 nientem
132 3135 258 3175 semare.
275 3115 323 3173 Est
335 3117 412 3174 enim
433 3117 490 3173 alia
508 3117 582 3174 alius
597 3119 769 3195 purificatio.

14 3195 81 3256 Velut
102 3203 186 3260 animi
207 3203 359 3260 rationalis
389 3203 419 3260 in
442 3216 521 3280 parte
547 3203 667 3260 rationis
688 3224 770 3262 usum

15 3281 138 3358 llagitantc
154 3293 317 3364 par-[ficatio
340 3302 383 3346 est
404 3290 565 3347 litterarum
594 3291 714 3361 veritas,
741 3293 772 3349 in

15 3367 142 3446 illa,quae
156 3375 297 3450 opinandi
320 3376 349 3434 vi
366 3377 486 3452 praedita
500 3389 560 3448 est,
585 3380 678 3436 virtus
700 3378 772 3436 deli·

16 3451 133 3518 beratira.
155 3462 251 3529 Quium
274 3465 350 3518 enim
367 3464 407 3520 ita
430 3477 595 3541 comparata
615 3465 652 3522 sit
673 3479 773 3522 natura

17 3556 109 3613 nostra,
133 3559 163 3603 ut
191 3549 348 3626 superiora
378 3551 614 3628 contemplemur,
643 3571 774 3626 regamus

17 3641 92 3684 mm
115 3633 270 3708 antenna,
294 3637 414 3694 vertrae
439 3625 524 3694 nonis
546 3639 582 3695 aa
606 3639 672 3707 atta,
692 3641 773 3698 cavan

22 3725 94 3770 autem
108 3719 209 3776 virtute
225 3721 262 3777 ad
277 3723 335 3779 baec
348 3742 421 3800 opus
432 3725 504 3790 erit,
515 3737 547 3781 ut
558 3737 586 3781 et
600 3738 774 3786 reseruemus

19 3806 182 3880 contemplari
205 3821 236 3864 et
257 3827 305 3866 eas
326 3830 390 3886 quae
415 3829 468 3868 usu
494 3812 617 3870 veniunt
638 3831 774 3889 peragere

18 3889 147 3958 possimus.
162 3891 194 3950 ln
208 3897 342 3971 utrisque
356 3911 448 3954 autem
465 3898 580 3956 divinas
595 3900 709 3974 regulas
721 3901 774 3959 ob·

20 3977 267 4038 serrandoinsaniae
276 3995 375 4039 aestum
388 3983 568 4058 effugiamus.
581 3985 685 4044 Abbac
695 3989 772 4044 enim

21 4073 103 4118 natura
116 4079 208 4125 nostra
222 4069 326 4126 mentis
341 4090 459 4147 compos
475 4071 625 4129 liberanda
636 4087 694 4148 est,
705 4095 774 4150 quo-

21 4148 81 4203 niam
93 4165 116 4207 et
127 4153 191 4212 huic
205 4175 236 4213 se
248 4155 391 4231 adjunxit,
405 4177 493 4232 quum
503 4158 533 4214 in
547 4157 623 4216 bunc
637 4161 773 4218 mundum

21 4230 153 4298 descendit.
180 4244 268 4319 Atqui
298 4243 395 4301 lucido
422 4245 505 4300 etiam
532 4247 648 4321 corpori
676 4261 774 4305 nostro

22 4317 126 4381 arllraret
140 4349 242 4406 corpus
264 4331 403 4400 mortale,
419 4331 468 4388 sed
493 4344 587 4388 tamen
608 4345 637 4389 et
659 4333 695 4390 ab
718 4337 774 4390 boc

24 4421 107 4479 pin-nm
122 4431 177 4470 esse
191 4429 305 4492 oportet
325 4429 410 4492 atque
428 4431 567 4474 anaturae
586 4417 649 4492 ejus
670 4440 775 4477 conve·

23 4490 113 4553 nientia
133 4513 159 4556 et
179 4503 383 4577 conjunctione
404 4503 540 4562 liberum.
568 4503 664 4561 Restat
687 4507 776 4580 igitur

23 4583 134 4652 corporis
156 4587 287 4644 animalis
315 4593 490 4666 purificatio,
524 4609 589 4665 quae
619 4591 774 4649 secundum

24 4677 101 4722 sacras
114 4669 185 4744 leges
208 4689 235 4731 et
256 4696 399 4732 sacrorum
426 4690 502 4734 artes
524 4679 586 4735 lieri
610 4678 704 4737 debet.
721 4679 776 4736 Sed

25 4765 142 4825 c0t1t0rea
154 4763 241 4834 magis
259 4761 317 4819 baec
340 4763 505 4838 purificatio
520 4777 578 4836 est;
592 4765 667 4822 unde
682 4769 777 4823 omnis

25 4840 119 4932 generis
137 4849 279 4904 materiam
303 4849 417 4922 attingit
430 4851 515 4907 varia
528 4851 610 4908 vitali
626 4850 693 4908 buic
713 4872 777 4908 cor·
811 4891 818 4907 .

27 4937 78 4990 porr
98 4930 214 4989 remedia
228 4933 368 4993 adhibens
381 4949 409 4994 et
424 4937 578 4996 efficaciter
591 4937 664 4995 illud
688 4938 776 4997 addu-

29 5023 93 5080 fflflss
112 5028 141 5070 ut
162 5037 178 5074 a
204 5023 322 5080 materia
345 5037 494 5099 separetur
516 5039 543 5083 et
568 5027 598 5083 in
624 5026 777 5086 aethereum

27 5087 104 5151 locum
116 5101 258 5182 subvolet‚
276 5109 326 5166 ubi
338 5111 434 5166 sedem
456 5111 560 5170 babere
578 5114 673 5191 prima
688 5114 778 5172 setici-

27 5185 72 5235 tate
96 5183 193 5250 lruenti
217 5195 347 5270 contigit.
376 5197 559 5273 Quaecnnque
586 5213 679 5258 autem
703 5201 780 5258 circa

815 933 895 986 θυυοα
909 928 1068 1007 δραστηρίως
1079 927 1108 985 τὸ
1123 927 1228 994 ζωτικὸν
1243 933 1318 986 τοῦτο
1332 933 1409 1004 σῶμα
1429 934 1591 1007 χωρισθῆναι

815 1019 861 1084 τῆς
880 1014 957 1087 θλης,
980 1017 1024 1075 καί
1048 1017 1195 1084 ἀναπτῆναι
1217 1015 1279 1090 πρὸς
1301 1014 1344 1072 τθν
1360 1013 1471 1094 αἰθέριον
1491 1017 1589 1088 τόπον,

815 1101 879 1160 ὅπου
892 1101 939 1173 τὴν
951 1101 1092 1169 κατάταξιν
1105 1100 1173 1180 ἔχειν
1191 1101 1261 1180 αὐτῷ
1274 1103 1425 1175 εὐδαιμονία
1438 1094 1469 1174 ῆν
1484 1103 1587 1182 πρώτη.

816 1191 908 1248 Πάντα
925 1189 951 1246 δέ
967 1192 1000 1249 τὰ
1015 1191 1075 1268 περί
1087 1194 1162 1247 τοῦτο
1175 1188 1310 1268 δρώμενα,
1324 1189 1368 1245 tm
1383 1194 1529 1267 θεοπρεπῶς
1543 1191 1588 1248 καί

816 1277 852 1351 μῆ
869 1280 1010 1354 ἀγυρτικῶς
1022 1277 1137 1354 γίνηται,
1148 1275 1370 1352 συνεπόμενατοῖς
1383 1280 1428 1346 τῆς
1443 1280 1535 1353 ἀρετῆς
1545 1277 1591 1335 καί

816 1366 938 1436 ἀληθείας
955 1365 1059 1424 κανόσιν
1071 1365 1227 1439 εὑρίσκεται.
1261 1367 1295 1423 At
1306 1361 1356 1442 γάρ
1367 1367 1412 1434 τῆς
1423 1365 1529 1439 λογικῆς
1540 1367 1591 1443 ‹lto-
1625 1373 1632 1386 “

816 1455 865 1529 χῆς
880 1477 896 1510 κ
904 1457 939 1510 αθ
950 1453 1031 1530 άροε
1042 1476 1067 1517 ις
1077 1451 1121 1508 καὶ
1134 1455 1177 1507 τοῦ
1193 1451 1339 1526 αιἰγοειθοῦς
1347 1448 1480 1526 ὀχήματος
1492 1472 1593 1527 προμη·

816 1545 936 1617 θυῦνται,
952 1541 1020 1605 ὅπως
1033 1539 1064 1597 ἀν
1081 1540 1172 1602 αὐτοῖς
1186 1539 1328 1616 ὑπόπτερον
1344 1538 1389 1596 καί
1398 1545 1474 1596 τοῦτο
1483 1539 1592 1616 γενόμε-

816 1651 858 1684 νον
872 1626 908 1703 μὴ
924 1625 1044 1701 ἐμποδὼν
1055 1624 1162 1694 ἵστηται
1177 1625 1239 1703 πρὸς
1253 1625 1300 1695 τὴν
1324 1623 1378 1682 ἀνω
1394 1624 1508 1702 πορείαν.
1522 1627 1590 1685 ίΙτε·

817 1713 909 1793 populu
923 1714 949 1772 dl
964 1717 1041 1772 αὐτοῦ
1063 1713 1175 1790 ἀρίστη,
1194 1717 1210 1782 ἡ
1229 1712 1297 1772 κατά
1312 1714 1403 1790 μικρὸν
1424 1712 1521 1788 μελέτη
1544 1717 1592 1784 τῆς

815 1805 866 1857 τῶν
889 1796 1025 1880 περιγείωθ
1051 1801 1236 1870 ἀποστάσεως,
1258 1799 1302 1858 καί
1322 1799 1410 1879 θπρθς
1429 1797 1475 1869 τῆν
1497 1797 1588 1856 ἀϋλίαν

817 1887 934 1963 ἐθισμός,
955 1888 999 1945 καί
1013 1894 1029 1961 ἡ
1046 1890 1165 1954 ἀπόθεσις
1179 1879 1214 1946 ῶν
1230 1885 1260 1944 ἂν
1275 1887 1390 1959 ἐπλήσθη
1406 1889 1546 1962 μολυσμῶν
1561 1891 1591 1946 ἐκ

815 1977 862 2044 τῆς
878 1975 938 2051 πρὸς
950 1973 979 2034 ab
989 1974 1076 2032 θλικθν
1091 1979 1167 2048 σῶμα
1179 1973 1327 2042 συζεύξεως.
1370 1976 1420 2032 Διί
1430 1973 1481 2053 γάρ
1492 1975 1590 2033 τούτων

817 2061 1008 2120 ἀναῦιιύσκεται
1031 2064 1125 2139 τρόπον
1138 2059 1208 2134 τινά,
1225 2062 1269 2120 καί
1284 2059 1445 2137 συλλέγεται,
1458 2061 1503 2120 καί
1520 2061 1590 2119 θείου

816 2151 961 2227 πληροῦται
977 2149 1069 2224 τόνου,
1084 2147 1128 2207 καί
1142 2153 1174 2226 τῆ
1189 2157 1266 2228 νοερᾷ
1287 2147 1429 2214 τελειότητι
1445 2151 1491 2217 τῆς
1506 2151 1593 2226 ψυχῆς

817 2237 987 2292 συνάπτεται.
1032 2234 1067 2292 Τί
1081 2224 1124 2291 οῦν
1139 2240 1155 2306 ἡ
1171 2234 1244 2292 ἐνίων
1266 2233 1411 2312 βρωμάτων
1425 2231 1512 2311 ἀποχὴ
1527 2234 1591 2313 πρὸς

817 2329 899 2379 ταῦτα
913 2321 1091 2398 συμθάλλοιτο
1112 2320 1159 2394 ἀν,
1177 2321 1229 2386 τοῖς
1250 2319 1401 2394 ἐθιζομένοις
1418 2321 1469 2379 ἀπὸ
1486 2319 1592 2379 πάντων

817 2409 972 2486 χωρίζεσθαι
987 2411 1038 2466 τῶν
1060 2411 1177 2478 θνητῶν,
1193 2405 1223 2465 ab
1242 2410 1318 2490 τινῶν
1332 2409 1445 2466 ἐντεῦθεν
1459 2407 1512 2478 ἤδη
1526 2431 1592 2464 παν·

817 2497 897 2561 τελῶς
913 2495 1092 2574 ἀποσχέσθαι,
1103 2495 1147 2552 καί
1158 2494 1272 2568 μάλιστα
1288 2497 1338 2551 τῶν
1350 2493 1593 2572 γλυκυθυμούντων,

817 2683 871 2741 Ιιοε
886 2697 1020 2758 aguntur,
1035 2683 1059 2741 si
1072 2683 1129 2740 ritu
1140 2682 1175 2740 ad
1185 2683 1317 2740 divinum
1332 2682 1470 2740 honorem
1483 2701 1595 2740 accom-

818 2774 948 2842 modato,
965 2785 1130 2828 nouantem
1152 2770 1392 2848 praestigiatorum
1412 2789 1492 2827 more
1508 2771 1592 2841 liant,

817 2859 983 2916 virtutisne
1005 2858 1135 2915 veritatis
1161 2857 1270 2931 regulis
1292 2857 1494 2915 convenientia
1512 2875 1594 2933 repe·

818 2946 943 3004 rinntur.
960 2943 1088 3021 Namque
1107 2944 1196 3002 animi
1220 2943 1330 3000 ratione
1353 2941 1466 3021 praediti
1490 2944 1595 3019 purili-

817 3033 943 3089 rationes
974 3031 1072 3088 lucido
1108 3030 1194 3087 etiam
1228 3027 1362 3086 vehiculo
1395 3030 1593 3107 prospiciunt,

817 3130 848 3173 ut
867 3116 922 3174 hoc
948 3135 1063 3193 alnoque
1086 3133 1184 3172 earum
1213 3134 1268 3190 ope
1295 3114 1398 3191 pennis
1423 3117 1593 3174 instructum

817 3203 898 3261 illius
912 3204 967 3260 iter
980 3203 1014 3260 ad
1031 3197 1094 3259 loca
1108 3201 1258 3279 superiora
1273 3215 1435 3277 susceptum
1453 3221 1490 3259 ne
1502 3204 1595 3280 impe-

818 3291 887 3347 diat.
900 3291 1014 3368 Optime
1030 3303 1122 3346 autem
1138 3289 1200 3364 ejus
1213 3307 1316 3364 poennae
1331 3301 1527 3358 renascentur,
1544 3289 1594 3346 ad-

818 3376 910 3434 bibita
932 3398 1016 3448 cura,
1036 3390 1068 3434 ut
1089 3391 1107 3432 a
1130 3375 1317 3432 terrestribus
1340 3375 1426 3433 rebus
1455 3377 1594 3454 paulatim

818 3464 951 3522 abscedat
964 3477 991 3521 et
1006 3463 1123 3521 semotis
1136 3481 1153 3518 a
1166 3464 1283 3518 materia
1300 3475 1442 3520 assuescat
1454 3476 1482 3519 et
1495 3464 1595 3540 inqui·

819 3565 950 3608 narnenta
974 3571 1010 3608 ex
1037 3549 1175 3625 adjuncto
1201 3549 1340 3605 materiali
1369 3569 1490 3626 corpore
1520 3550 1595 3610 forte

819 3651 964 3694 contracta
974 3637 1108 3714 deponat.
1122 3635 1232 3691 lltenim
1243 3635 1289 3692 liis
1299 3635 1595 3712 reviviscitquodanr-

821 3725 951 3781 modoet
974 3743 1004 3781 se
1028 3723 1140 3796 colligit
1162 3734 1190 3777 et
1211 3721 1313 3778 divino
1338 3725 1438 3796 vigore
1460 3724 1597 3799 impletur

820 3825 905 3887 atque
918 3810 1104 3868 intellectuali
1117 3809 1206 3866 animi
1218 3809 1385 3885 perfectioni
1397 3811 1600 3885 conjungitur(

819 3900 896 3967 Quid
916 3899 1006 3973 igitur
1020 3888 1150 3954 ciborum
1166 3895 1345 3970 quorundam
1369 3894 1542 3952 abstinentia
1559 3897 1595 3954 ad

819 3985 879 4042 baec
891 3985 1036 4042 conferat?
1056 3983 1095 4040 lis
1112 3983 1163 4059 qui
1177 3981 1214 4038 ab
1229 3981 1364 4038 omnibus
1378 3980 1465 4038 rebus
1487 3997 1594 4040 morta·

820 4072 897 4130 libus
915 4072 1042 4148 separari
1063 4081 1229 4127 assuescunt
1245 4070 1337 4146 plena,
1352 4070 1533 4144 quorundam
1555 4073 1596 4129 ci·

820 4159 941 4229 borum,
965 4157 1110 4234 imprimis
1135 4157 1232 4212 animo
1255 4169 1400 4229 gratorum
1425 4169 1453 4212 et
1476 4159 1598 4215 mortale

821 4265 922 4320 corpus
936 4249 966 4300 in
981 4243 1117 4300 mundum
1133 4241 1344 4299 detrudentium
1356 4241 1415 4318 jam
1428 4241 1533 4300 dehinc
1544 4245 1598 4301 ab·

822 4332 957 4388 stinentia
966 4331 1108 4408 profuerit
1115 4327 1150 4386 ad
1158 4331 1394 4404 purificationem.
1403 4329 1596 4398 Quamobrem

821 4432 848 4476 et
864 4420 893 4475 in
918 4419 1086 4495 symbolicis
1112 4417 1262 4494 praeceptis
1282 4419 1486 4476 nonnullorum
1510 4418 1597 4475 absti-

822 4507 919 4562 nentia
945 4505 1079 4563 studiosis
1108 4504 1314 4580 imperabatur,
1341 4524 1455 4562 sensum
1481 4505 1596 4580 quidem

821 4593 991 4668 primarium
1006 4591 1114 4648 habens
1128 4591 1257 4647 latiorem
1273 4605 1300 4648 et
1315 4592 1406 4665 magis
1421 4593 1596 4666 generalem,

822 4677 925 4736 deinde
946 4698 1014 4735 vero
1032 4678 1117 4735 etiam
1138 4697 1154 4734 a
1174 4677 1343 4755 particulari
1365 4678 1419 4734 ista
1434 4695 1464 4733 re
1478 4696 1594 4744 arcens,

822 4764 1018 4840 cujuscunque
1031 4764 1204 4821 mentionem
1223 4764 1307 4834 saeit;
1320 4762 1403 4819 verbi
1418 4763 1524 4836 gratia,
1538 4771 1599 4817 αντε·-

823 4859 923 4908 ηισιιιίε
935 4857 1045 4908 vulvam
1060 4873 1095 4907 uc
1108 4855 1247 4908 correctior.
1263 4849 1345 4918 Quod
1358 4851 1474 4925 quidem
1489 4849 1529 4905 ita
1549 4849 1599 4905 di-

824 4954 900 4997 ctum
917 4940 953 4996 ab
966 4959 1023 4996 una
1039 4940 1161 5013 quadam
1179 4958 1210 4994 re
1232 4937 1358 4993 terrestri
1373 4955 1464 5010 eaque
1478 4935 1598 4992 minima

824 5046 878 5084 nos
901 5027 1014 5083 avertit.
1039 5026 1088 5081 Sin
1107 5039 1199 5083 autem
1224 5024 1384 5101 profundos
1399 5023 1599 5099 Pythagorica·

825 5114 928 5171 mentis
941 5131 1041 5172 sensus
1054 5113 1253 5191 introspicias‚
1270 5111 1398 5168 omniurn
1411 5130 1507 5169 rerum
1522 5131 1599 5169 crea·

825 5214 916 5257 tarum
941 5200 1141 5257 abstinentiam
1167 5217 1203 5254 ex
1234 5219 1293 5255 uno
1317 5198 1440 5274 quodam
1464 5199 1598 5276 exemplo
