3690 5924
806 369 1061 434 ARISTOTELIS
1083 371 1197 434 clenti

223 524 266 560 νον
279 501 311 560 lile
326 498 478 574 ἕτελεύτητά
489 523 563 562 ποτε.
606 501 666 562 lter
683 501 711 560 it
727 501 834 582 ἄπειρον
848 501 875 563 ἓν
889 495 968 562 εἶναι·
982 507 1005 563 εἰ
1053 507 1131 586 ρῆσοιι
1143 503 1170 564 δὲ
1185 503 1301 583 ἀνάγκην
1316 495 1446 576 circuitor
1459 503 1495 572 εἰς
1506 505 1611 584 πλῆρες
1623 503 1698 577 ilici
1711 505 1798 572 sileres,

224 589 275 670 γάρ
289 589 361 650 πλέω
374 589 392 662 ἢ
405 588 449 648 δύο
459 587 511 662 εἴη,
523 587 616 670 rrr'pss'
631 590 661 649 ἂν
676 580 742 649 εἶναι
752 597 834 650 ταῦτα
848 592 911 670 πρὸς
925 591 1005 664 άλλη·
1053 591 1160 652 Τούτων
1175 591 1202 651 ii
1216 591 1304 671 τὸμὲν
1327 593 1374 651 οὔκ
1394 591 1426 651 ἂν
1441 593 1581 665 δέξασθαι,
1599 591 1632 651 τὸ
1649 591 1807 674 retinerent&

223 680 273 736 λιι·
288 677 315 736 ἓν
325 677 352 739 δὲ
365 677 392 737 ὃν
403 677 491 754 ὅμοιον
501 668 569 736 εἶναι
580 677 675 756 πάντῃ·
686 680 708 738 ei
720 677 772 758 γάρ
784 678 912 756 ἀνόμοιον,
923 680 1007 740 πλείω
1052 681 1100 740 οὐκ
1115 672 1180 739 εἶναι
1192 679 1276 758 οὐδέν,
1292 681 1322 740 τὸ
1336 681 1426 756 κενόν,
1461 685 1576 742 Τοιοῦτο
1589 680 1621 740 δὲ
1640 679 1669 740 ὃν
1682 685 1710 742 τὸ
1723 684 1744 742 ἓν
1756 683 1807 746 id}

223 764 286 824 ὄντα
299 767 347 825 οὐκ
362 765 393 824 du
410 764 447 823 ἔτι
467 763 495 824 ἓν
510 755 587 844 εἶναι,
603 765 672 826 etit
694 763 790 826 πολλά.
831 765 925 826 'iiiior
935 767 962 825 δὲ
977 767 1005 826 ὃν
1053 767 1126 826 δυνόν
1137 791 1165 827 τε
1179 768 1224 827 καὶ
1236 769 1383 847 ἀνάλγητον
1397 769 1464 847 ὑγιές
1477 791 1506 827 τε
1520 769 1568 827 καὶ
1584 769 1677 828 ἄνοσον
1691 757 1807 848 simperti

183 866 210 906 λδ
225 851 338 932 άμετρόν
352 875 381 912 τι
405 852 449 912 κοιλ
470 855 559 929 ὅμοιον
582 851 684 932 πάντῃ,
707 853 828 923 ἀκίνητον
843 844 909 912 εἶναι
925 853 955 913 τὸ
969 853 1006 913 ἓν.
1053 855 1300 934 μετακοσμούμενον
1319 856 1398 934 θέσει,
1415 855 1474 917 οὔτε
1490 857 1688 936 ἐτεροιοῦρενον
1699 853 1807 931 litteus

224 943 264 1000 Οὐ
275 940 326 1020 γάρ
340 940 370 999 ἂν
382 944 532 1014 κινηθῆναι,
546 938 582 1019 μὴ
598 939 633 1008 εἷς
646 964 672 998 τι
691 943 880 1022 ὑποχωρῆσαι·
895 944 1004 1022 ὑποχω-
1054 941 1209 1020 μιγνύμενον
1225 945 1308 1024 άλλῳ.
1333 943 1410 1004 Κπτά
1419 944 1507 1003 πάντα
1521 944 1575 1024 γάρ
1593 951 1678 1004 ταῦτα
1690 949 1776 1008 πολλά
1787 965 1807 1010 τι]

227 383 282 435 ete

224 1108 331 1158 titudinis
343 1120 399 1156 cum
413 1106 510 1167 rotgero
524 1105 674 1169 espretelle
689 1110 716 1156 ut
727 1120 803 1168 quum
814 1107 874 1156 illud
892 1122 966 1157 llnunl
977 1109 1007 1158 de

224 1192 274 1240 qno
287 1179 366 1240 egitur
381 1191 429 1226 uon
450 1179 522 1239 queat
534 1190 586 1226 esse
606 1177 649 1226 nisi
669 1177 692 1225 id
707 1178 785 1226 solum
797 1179 863 1240 quod
882 1184 918 1227 est
929 1181 956 1228 τὸ
970 1181 1005 1238 ον,

223 1249 281 1311 quis
294 1250 381 1298 crotera
394 1249 476 1297 omnia
490 1260 534 1311 pro
548 1247 623 1296 nihilo
642 1246 750 1296 ilabeuda
763 1249 829 1306 crint,
842 1247 906 1294 baud
922 1245 1008 1308 iniuria

224 1327 327 1382 recepte
336 1318 462 1380 scripturae
476 1317 627 1380 ecqlllcscere
640 1317 773 1364 videamur.
782 1319 854 1365 Porro
869 1315 927 1364 ratis
939 1328 1007 1364 oom-

224 1391 325 1441 modum
339 1387 436 1451 quidem
452 1400 550 1436 seuslrm
569 1387 660 1450 praebct
671 1386 735 1448 quod
751 1399 793 1447 pro
812 1385 874 1448 ᾠδὴ
887 1386 957 1434 πλέον
966 1387 1008 1435 κοιλ

225 1465 302 1522 μεῖζον
313 1461 337 1507 ln
345 1457 484 1507 membrana
490 1457 603 1518 Lipsieusl
615 1457 792 1518 reperiluratdll
801 1459 839 1504 πλ.
851 1473 875 1505 κ.
884 1472 920 1517 μ.;
931 1469 1010 1518 nequo

226 1537 306 1580 tamen
320 1532 443 1592 propterea
460 1528 546 1590 itlurllb
560 1527 746 1588 reprobaverim.
758 1527 919 1582 Quamobrem
932 1539 1010 1588 neque

226 1599 371 1652 Fiillebornil
394 1599 556 1660 conjecturam
582 1598 595 1647 ὃ
618 1599 643 1646 δὲ
664 1599 763 1658 legentis
783 1596 941 1646 necessariam
960 1610 1011 1646 esse

225 1672 337 1732 arbitror,
351 1683 429 1732 neque
441 1669 531 1730 Bergllii
545 1668 605 1718 iliud
617 1669 632 1732 i
644 1670 669 1717 ii
680 1669 782 1717 πλέονκ.
794 1685 816 1717 τ,
830 1669 852 1716 λ.
866 1667 937 1727 Quod
946 1668 1010 1716 enirn

227 1741 336 1791 eruditus
358 1741 397 1790 ille
417 1741 454 1788 uin
474 1741 517 1799 all,
537 1741 660 1790 Bletissum
675 1738 763 1796 dicere,
778 1741 896 1802 quatenns
910 1739 932 1786 id
945 1738 1010 1800 quoll

226 1813 258 1861 stt
270 1815 381 1870 augescat
400 1810 425 1859 et
437 1810 537 1867 creseat,
552 1811 652 1858 eatenus
668 1807 757 1869 aliquid
772 1821 801 1857 ex
818 1808 892 1856 uitlilo
910 1807 973 1867 lieri,
987 1807 1010 1856 id

227 1894 269 1943 pen
279 1893 305 1929 se
318 1879 415 1942 quidem
429 1879 485 1928 lluic
502 1879 554 1927 loco
566 1878 774 1926 accommodatum
787 1881 833 1936 est,
843 1891 923 1940 neque
940 1891 1010 1938 repu-

226 1951 342 1999 diandum
352 1950 423 2009 esset,
431 1949 450 1996 si
463 1948 487 1997 ln
497 1947 564 1996 libris
574 1961 646 1998 menn
657 1948 762 1998 exuretis
772 1947 923 2009 reperiretur,
937 1949 1011 2007 Opur-

227 2021 293 2071 tebat
305 2021 386 2068 autem
401 2018 526 2080 aeqrreutia
544 2017 580 2066 sic
600 2017 744 2066 couiormari
760 2017 853 2081 :redrp
869 2035 891 2067 τι
904 2019 1010 2080 γενέσθαι

227 2093 256 2142 ἂν
272 2091 295 2147 it
307 2087 408 2146 οὐδενός.
442 2089 513 2138 liuns
526 2101 601 2149 ullum
616 2101 664 2136 non
678 2087 839 2149 incongruens
855 2089 886 2137 sit
900 2089 930 2151 ᾤ,
952 2088 1011 2138 nillil

1055 1111 1099 1159 οὐκ
1110 1111 1138 1158 ἂν
1151 1111 1268 1169 δέξασθαι,
1282 1111 1309 1158 τὸ
1320 1111 1414 1173 πλῆρες,
1426 1111 1452 1159 τὸ
1464 1111 1489 1160 δὲ
1504 1111 1548 1160 οὐκ
1561 1111 1624 1159 εἶναι
1639 1112 1709 1164 οὐδέν,
1724 1114 1746 1161 τὸ
1754 1117 1803 1165 τεάν

1055 1180 1148 1237 Quibus
1166 1180 1245 1229 uerbis
1263 1180 1316 1228 llaec
1329 1181 1437 1239 subjecta
1452 1180 1577 1229 sententia
1599 1186 1656 1229 est:
1673 1184 1807 1238 ouueeruu

1054 1250 1174 1300 iuimitum
1193 1263 1268 1298 unum
1278 1263 1344 1310 esse;
1362 1251 1455 1300 sienim
1470 1251 1540 1311 ptura
1555 1251 1607 1299 siut
1621 1255 1664 1300 aut
1678 1252 1730 1310 duo,
1741 1255 1807 1304 ellel

1054 1322 1117 1370 inter
1128 1335 1154 1370 so
1169 1333 1221 1370 esse
1235 1319 1284 1382 (rei
1298 1323 1382 1370 mutuo
1395 1334 1447 1370 sese
1462 1321 1617 1381 terminare),
1629 1321 1670 1369 sed
1681 1335 1745 1370 unuln
1754 1325 1807 1375 simile

1054 1389 1099 1438 sibi
1113 1389 1144 1436 ele
1154 1389 1220 1437 omni
1232 1391 1299 1450 parte
1310 1402 1370 1448 esse,
1384 1389 1472 1438 idcirco
1484 1389 1542 1452 quia
1558 1390 1580 1438 sl
1596 1391 1633 1438 sui
1646 1391 1804 1454 dissiulilersse¹

1056 1462 1152 1521 propter
1162 1459 1267 1520 plurium
1279 1471 1406 1508 numerum
1415 1461 1520 1519 noujsm
1531 1461 1598 1508 tonet
1610 1471 1694 1517 unuln,
1702 1462 1737 1506 sed
1748 1462 1807 1510 nolte

1055 1533 1136 1579 Unum
1155 1531 1236 1578 autem
1256 1528 1334 1591 ipsum
1346 1543 1422 1591 quum
1440 1533 1562 1578 oeternum
1578 1529 1611 1577 sit
1623 1533 1648 1578 ei
1663 1530 1804 1581 immensuurt

1055 1600 1100 1649 cibi
1113 1600 1219 1662 nudique
1235 1600 1323 1659 simite,
1336 1600 1464 1648 immotum
1477 1601 1552 1648 etism
1564 1613 1626 1659 esse,
1641 1603 1807 1662 proprement

1055 1673 1145 1720 moueri
1157 1683 1204 1718 non
1217 1671 1299 1730 possit,
1311 1669 1355 1716 nisi
1366 1669 1386 1716 sl
1396 1682 1445 1730 quo
1459 1668 1608 1717 concesserit
1623 1681 1630 1717 ι
1643 1672 1742 1730 oportere
1750 1677 1803 1718 mter

1056 1739 1079 1790 iii
1093 1739 1157 1802 quod
1169 1739 1285 1788 concedat
1295 1742 1337 1787 aut
1347 1740 1370 1786 iu
1382 1739 1478 1798 plenum
1490 1741 1533 1788 aut
1545 1739 1571 1787 in
1582 1751 1685 1788 vacuum
1693 1739 1800 1788 mucedere:

1056 1811 1142 1858 illerum
1157 1810 1272 1866 atterum,
1286 1809 1333 1858 lloc
1348 1815 1384 1858 est
1399 1809 1507 1869 plenum,
1525 1809 1550 1856 id
1566 1821 1618 1858 non
1630 1808 1750 1868 adultere,
1762 1811 1803 1858 alte

1056 1893 1118 1941 nulii,
1129 1881 1174 1928 boc
1188 1881 1225 1928 est
1238 1891 1351 1938 uacuum,
1364 1891 1460 1940 prorsus
1471 1878 1531 1927 nillil
1545 1891 1609 1928 esse.
1643 1879 1709 1928 initio
1718 1883 1804 1940 lemurum

1056 1955 1101 1999 πᾶν
1118 1951 1142 1998 δὲ
1153 1949 1247 2010 ἄπειρον
1260 1949 1284 1996 ἓν
1294 1948 1352 1996 εἶναι
1363 1961 1406 2010 pro
1420 1948 1483 2008 rillg.
1498 1953 1547 1996 πᾶν
1556 1949 1583 1996 δὲ
1592 1948 1633 1995 καὶ
1643 1949 1728 2012 ἄπειρον
1737 1949 1756 1996 ἂν
1765 1950 1803 1997 ea

1057 2022 1094 2068 uei
1110 2023 1137 2068 ut
1148 2021 1171 2068 in
1181 2018 1236 2068 cod.
1249 2018 1312 2078 Lips.
1323 2021 1359 2066 est
1369 2023 1415 2066 πᾶν
1424 2019 1469 2081 γάρ
1481 2019 1580 2080 ἄπειρον
1594 2019 1621 2066 ὃν
1637 2015 1728 2066 ἓνεῖναι.
1753 2022 1803 2068 Bne

1055 2090 1132 2138 elisius
1149 2085 1251 2148 conjecit
1263 2091 1309 2135 πᾶν
1326 2089 1347 2136 δ’
1362 2087 1408 2149 ἄρ’,
1423 2087 1538 2148 Uerginius
1553 2087 1631 2148 πάντῃ
1644 2087 1668 2135 δὲ
1682 2089 1807 2150 ternisve

1056 2159 1126 2209 tirel:
1138 2164 1223 2210 nelttra
1235 2157 1304 2206 nobis
1313 2157 1401 2206 arridet
1415 2158 1566 2216 conjecturs.
1600 2159 1662 2213 Qum
1672 2164 1779 2218 sequuntur
1789 2151 1807 2204 il'

1057 2231 1160 2290 vulpaus
1173 2227 1349 2290 exemplaribus
1357 2227 1392 2275 sic
1403 2241 1428 2276 se
1437 2228 1527 2276 babent
1542 2228 1633 2288 εελγὰρ
1644 2228 1707 2274 πλέω
1716 2228 1728 2282 l
1736 2229 1766 2274 tic
1775 2227 1807 2284 etr„

1058 2298 1098 2346 ulli
1111 2297 1198 2347 rectius
1208 2297 1267 2346 liber
1277 2296 1404 2357 Lipsiensis
1418 2298 1490 2346 πλέω.
1526 2297 1643 2356 Berelius
1654 2296 1720 2344 scribi
1727 2297 1803 2355 illeiis?

1056 2369 1100 2434 γάρ
1112 2369 1175 2418 πλέω
1189 2370 1204 2426 ἢ
1218 2367 1258 2417 κοιλ
1273 2367 1314 2416 δύο
1331 2367 1377 2424 εἴη,
1391 2365 1415 2414 in
1432 2381 1481 2428 qllo
1499 2366 1656 2428 acquiescere
1667 2380 1744 2428 posses,
1756 2367 1803 2412 alexi

1057 2437 1337 2500 particulamomisissei.
1370 2438 1441 2492 Quod
1456 2435 1487 2484 ad
1503 2451 1566 2496 rem,
1585 2435 1674 2498 deque
1686 2435 1803 2494 arcemur,

1056 2509 1142 2557 attinet
1150 2510 1182 2558 ci.
1191 2509 1290 2558 terliltnt
1299 2507 1385 2556 Melissi
1397 2509 1480 2564 inirem.
1490 2509 1510 2557 rt
1520 2507 1548 2556 δὲ
1556 2508 1652 2570 ἄπειρον
1660 2525 1682 2556 κ.
1693 2505 1803 2556 elabente

1058 2579 1121 2640 qrroll
1135 2579 1255 2629 Bellienus
1268 2577 1374 2638 uulgauit
1388 2579 1411 2626 ἓν
1421 2579 1446 2626 δὲ
1456 2578 1538 2640 ὅμοιον
1549 2579 1609 2626 εἶναι
1620 2577 1700 2638 πάντα,
1710 2578 1763 2636 cujus
1770 2579 1803 2625 lou

1057 2651 1149 2711 utilplot
1159 2649 1259 2698 exsilii
1274 2649 1343 2712 μόνον
1361 2647 1462 2706 babent,
1478 2647 1503 2695 ld
1520 2649 1689 2697 correximuse
1700 2648 1807 2696 menbrana,

1058 2721 1187 2779 lipsiensi,
1206 2719 1276 2780 cnjus
1297 2719 1351 2767 llrec
1368 2723 1403 2766 est
1423 2719 1560 2780 scriptura:
1579 2719 1604 2767 ἓν
1616 2719 1640 2766 δὲ
1658 2717 1801 2780 elipensis

1057 2791 1141 2854 πάντῃ.
1153 2793 1271 2840 Praeterea
1280 2788 1344 2851 qlrod
1357 2789 1477 2838 Bellienus
1489 2788 1564 2837 edidit
1574 2808 1580 2836 :
1589 2791 1610 2838 et
1618 2789 1802 2850 γὰρᾰννμιιιτλτῐιν

1058 2862 1121 2913 ὄντα,
1131 2861 1174 2909 οὐκ
1195 2862 1224 2908 lile
1241 2861 1274 2908 ἔτι
1294 2859 1317 2908 ἓν
1336 2861 1406 2907 θεῖναι
1430 2859 1492 2907 taciti
1509 2859 1608 2916 negotio
1621 2858 1732 2906 emendari
1747 2855 1801 2904 eud

1060 2932 1122 2993 lips.
1137 2931 1176 2978 ubi
1187 2932 1254 2978 lllcus
1263 2929 1297 2978 sic
1308 2929 1463 2976 constituitur
1476 2943 1482 2975 ι
1496 2930 1515 2976 al
1526 2930 1572 2991 γὰρ
1581 2927 1694 2989 ἁνόμωον,
1704 2927 1760 2975 πλείω
1766 2927 1801 2972 tra

1062 3003 1105 3051 οὐκ
1114 3003 1142 3050 ἂν
1155 3003 1188 3050 ἔτι
1199 3001 1222 3049 ἓν
1232 3000 1300 3060 εἶναι,
1315 2999 1359 3048 nisi
1372 2999 1435 3060 quoll
1453 3000 1476 3046 ἓν
1487 2999 1578 3047 librarii
1592 3013 1671 3046 errore
1680 2997 1708 3046 ibi
1720 2997 1800 3043 omisca

1059 3075 1103 3120 est.
1137 3069 1273 3132 caeteroqui
1285 3071 1335 3129 iam
1348 3070 1488 3128 Sytburpius
1500 3069 1559 3117 εἶναι
1575 3067 1800 3127 teeeudulnsusplralul

1059 3147 1106 3201 esi,
1119 3141 1266 3203 quodetiam
1278 3139 1415 3188 Blandisius
1426 3141 1593 3197 coluprobsvlt
1602 3141 1733 3188 Coulluenit.
1742 3136 1799 3184 Eleatt

1059 3227 1082 3272 p.
1102 3215 1153 3258 tlte.
1187 3211 1247 3265 Quae
1262 3207 1554 3269 subjungunturdliluril
1569 3209 1596 3256 ὃν
1610 3207 1701 3268 ἄμετρον
1711 3203 1799 3252 redebu-

1060 3287 1098 3329 ινιτ
1112 3279 1211 3330 Bellieni
1223 3279 1362 3336 mercibus,
1376 3277 1418 3339 qui
1430 3279 1510 3326 tamen
1523 3279 1602 3327 edidit
1612 3280 1703 3339 μέτριον.
1731 3277 1751 3322 lll
1761 3272 1799 3319 libro

1060 3351 1173 3413 lipsiensi
1192 3349 1301 3400 Olennius
1317 3348 1425 3410 ἄμετρον,
1445 3347 1546 3396 neritus
1566 3349 1675 3410 εὔμετρον
1692 3346 1756 3402 traice
1770 3342 1798 3388 sili

1059 3421 1127 3470 risus
1137 3426 1181 3470 est.
1214 3418 1329 3480 Berglliua
1347 3417 1428 3466 locum
1442 3417 1474 3466 iia
1487 3420 1569 3467 stlulet
1590 3412 1800 3478 reingredientes

1058 3491 1084 3540 dr
1097 3492 1191 3552 άπειρὸν
1200 3506 1225 3538 τε
1237 3491 1277 3537 καὶ
1286 3489 1310 3537 ἓν
1318 3489 1357 3536 καὶ
1368 3489 1449 3548 ὅμοιον
1461 3487 1536 3550 πάντῃ
1545 3489 1653 3546 ἀκίνητοι
1667 3485 1731 3534 ellel:
1742 3482 1799 3543 quibos

1059 3559 1231 3610 multrtiouibns
1244 3560 1282 3607 xix
1298 3571 1360 3618 opus
1381 3571 1434 3606 esse
1457 3559 1602 3619 putruerint.
1634 3556 1698 3614 Quod
1709 3553 1799 3602 auli-ull

1059 3635 1150 3698 μέτριον
1161 3645 1208 3681 nou
1219 3643 1288 3692 posse
1301 3629 1395 3689 exponi,
1407 3629 1430 3676 id
1441 3629 1500 3677 bene
1514 3630 1610 3679 uidetur
1619 3621 1799 3681 Braudisiusruli·

1059 3705 1147 3762 cuisse,
1161 3701 1202 3762 qui
1215 3701 1297 3760 ὅμοιον
1309 3703 1332 3746 et
1343 3699 1434 3760 μέτριον
1449 3711 1585 3760 synonyma
1595 3697 1713 3747 essedieit.
1738 3692 1797 3742 llllile

1060 3775 1139 3822 minus
1151 3773 1248 3836 ipseper
1267 3772 1374 3831 praestat.
1408 3770 1544 3818 Doleudum
1567 3772 1667 3825 tautum,
1678 3763 1732 3826 ollii
1747 3771 1797 3820 nequ

1060 3845 1105 3894 lloc
1115 3842 1251 3892 Aristotelis
1262 3839 1325 3897 loco,
1339 3852 1416 3900 neque
1427 3839 1489 3899 apud
1504 3840 1651 3900 Simplicium
1668 3834 1764 3896 perspicua
1772 3842 1796 3875 rr·

1061 3914 1152 3977 peritur
1161 3911 1343 3966 demonstratio,
1359 3923 1408 3968 oua
1425 3923 1467 3958 eus
1477 3908 1583 3969 nullique
1595 3907 1684 3969 aeqllale
1694 3917 1735 3952 esse
1745 3901 1795 3946 liru-

1060 3989 1106 4045 lur,
1121 3983 1239 4046 siquidem
1252 3995 1279 4030 ee
1290 3992 1346 4041 qllae
1363 3979 1446 4039 fragm.
1462 3983 1476 4027 3
1491 3982 1536 4028 etl
1549 3979 1595 4028 iulc
1609 3979 1638 4027 de
1651 3989 1674 4024 re
1685 3973 1795 4022 disseruntur

1060 4053 1139 4113 exigui
1152 4055 1208 4100 sunt
1224 4051 1348 4100 momenti.
1384 4048 1491 4110 Denique
1509 4049 1533 4098 in
1547 4049 1626 4098 veritis
1639 4043 1735 4096 extremis
1746 4039 1794 4102 piri

1060 4141 1081 4172 τι
1091 4125 1248 4184 ὑπνχωρῆσαν
1260 4119 1370 4178 rescripsi
1384 4132 1397 4166 e
1409 4119 1468 4168 cod.
1483 4119 1547 4180 Lips.
1563 4133 1606 4179 pro
1619 4119 1649 4166 ln
1662 4119 1693 4172 iu,
1701 4113 1733 4162 sed
1741 4111 1794 4168 πλῆρές

1061 4194 1096 4242 ἰόν
1109 4207 1122 4242 e
1137 4192 1234 4242 belleni
1249 4189 1386 4250 conlectura
1397 4201 1440 4248 pro
1459 4191 1542 4251 πλῆρες
1554 4189 1589 4250 ὃν,
1601 4189 1699 4241 δέξασθαι
1711 4187 1794 4230 alenti

227 2159 371 2210 mutandum
385 2159 487 2208 ridetur.
520 2161 581 2209 ilem
596 2157 723 2207 mauilesto
737 2158 782 2206 lluc
791 2158 875 2206 statuit
893 2159 1010 2217 lllelissus,

226 2232 250 2280 id
269 2244 318 2293 quo
329 2234 444 2291 augeatur
460 2231 485 2278 et
497 2230 588 2278 crescat
606 2241 648 2278 eus
663 2242 691 2277 ex
710 2228 784 2278 nillilo
801 2229 860 2279 lleri.
894 2231 1012 2278 Praeterea

227 2305 303 2362 locus,
316 2301 357 2363 qni
370 2301 393 2349 in
407 2300 529 2362 plerisque
542 2300 613 2348 codd.
625 2299 660 2349 sic
672 2300 800 2349 exilibetur
809 2305 844 2362 τῷ
854 2301 899 2364 γὰρ
908 2299 1011 2348 ἐλάττονι

227 2375 254 2422 τὸ
262 2372 362 2432 elicui
373 2370 394 2419 δ’
406 2370 429 2418 ἐν
444 2375 478 2432 τῷ
490 2371 619 2432 μικροτέρῳ
635 2371 662 2419 τὸ
684 2375 760 2431 μεῖζον
778 2371 823 2432 οὐχ
834 2371 946 2434 ὑπάρχειν
958 2368 1011 2417 terri

228 2444 321 2506 nequit.
354 2441 390 2490 lld
408 2453 480 2502 quem
498 2439 633 2488 sanandum
648 2439 697 2500 jam
716 2439 815 2488 Bcclllue
828 2441 851 2488 iu
868 2440 1012 2489 enotaudae

228 2513 283 2561 eod.
299 2509 412 2571 lipsiensi
423 2509 540 2559 rnrirtalc
553 2508 659 2557 lectionis
670 2508 804 2557 libellorum
816 2509 1010 2558 Aristoteleoruru

229 2585 252 2632 ὲν
261 2587 296 2644 τῷ
309 2583 354 2644 γάρ
368 2581 471 2630 ἐλάττονι
492 2577 537 2640 legi
558 2578 677 2639 retulerat,
690 2593 743 2640 qum
767 2584 881 2640 polleret
897 2581 1011 2630 Branlllsii

228 2651 346 2702 sententia
361 2650 405 2699 luit
426 2649 451 2697 lu
472 2650 617 2696 commenti.
640 2649 685 2697 Eli.
708 2662 729 2710 p.
749 2653 790 2697 till
809 2649 911 2708 prodita.
947 2651 1011 2697 idem

230 2737 272 2786 pro
285 2723 366 2784 inepto
388 2720 429 2769 illo
443 2721 458 2778 ἢ
473 2719 492 2768 δ’
505 2720 528 2768 tr
546 2723 580 2780 τῷ
602 2720 729 2781 μικροτέρῳ
747 2720 802 2780 legit
814 2720 851 2777 ἠδ’
862 2719 942 2767 elidite
959 2721 1011 2768 litui

229 2793 357 2856 Lipsiensis
366 2792 483 2852 scriptura
494 2791 534 2838 καὶ
547 2787 595 2838 οὐδ’
608 2789 631 2836 ἐν
641 2794 675 2850 τῷ
688 2791 823 2852 μικροτέρῳ.
834 2790 931 2849 Aliquot
940 2791 1011 2837 crlltd.

228 2865 293 2926 apud
305 2861 440 2913 Bellorum
453 2859 506 2919 ct6’3
522 2857 637 2919 Bergilins
649 2857 705 2906 coll.
723 2861 754 2906 ls.
767 2859 798 2907 llo
813 2859 951 2908 l‘llilocteui.
970 2862 1011 2908 be·

229 2935 280 2984 reli.
294 2947 318 2996 p.
337 2938 379 2982 tel
391 2933 532 2992 παραδοῦναι
543 2930 596 2978 οὗτε
605 2929 683 2978 'labsis
696 2929 811 2986 ἠλελησοιν
826 2930 872 2977 tloc
886 2930 937 2976 loro
956 2942 1013 2990 prae·

226 3010 292 3066 siene
303 3003 371 3066 putri
388 3001 437 3050 οὔτ’
451 3003 474 3048 ἐν
485 3005 519 3062 τῷ
530 3001 664 3063 μικροτέρῳ.
698 2999 756 3048 llilll
774 2999 902 3058 legeulinlu
918 2997 1013 3046 vitietur

228 3080 271 3124 eut
281 3075 305 3122 ir
316 3073 360 3136 γὰρ
374 3075 409 3134 τῷ
420 3070 521 3119 ἐλάττονι
530 3071 557 3119 τὸ
566 3069 646 3125 πλέον,
656 3071 671 3128 ἢ
681 3069 705 3118 ἐν
717 3073 750 3131 τῷ
761 3070 887 3132 μικροτέρῳ
897 3070 923 3116 τὸ
935 3074 1012 3128 μεῖζον

229 3145 275 3207 οὐχ
287 3143 399 3206 ὑπάρχειν
412 3148 453 3189 ant
465 3139 529 3202 qnod
543 3140 618 3202 magis
633 3141 705 3188 eiiam
717 3145 901 3187 consentaneum
919 3138 1013 3186 xilietllr

229 3216 257 3266 οὐ
264 3214 308 3277 γάρ
315 3214 338 3263 ἐν
345 3217 379 3276 τῷ
391 3211 492 3260 ἐλάττονι
502 3211 528 3258 τὸ
537 3212 614 3268 πλέον,
627 3209 674 3258 οὐδ’
683 3211 706 3258 ἐν
718 3213 752 3271 τῷ
762 3210 889 3272 μικροτέρῳ
900 3209 926 3256 τὸ
937 3213 1013 3268 μεῖζον

229 3283 349 3346 ὑπάρχειν.
383 3279 454 3338 Quod
467 3279 586 3341 reliquum
596 3281 642 3336 est,
655 3279 771 3340 benejarn
785 3277 922 3327 Braudlsius
932 3279 1011 3326 obser-

229 3353 305 3411 varit,
318 3363 393 3414 quum
411 3349 522 3398 lilclissus
533 3348 571 3397 llic
586 3349 679 3408 licceat,
698 3362 727 3396 ex
744 3347 818 3396 uillilo
833 3347 882 3397 lieri
894 3347 1010 3409 qlllltquid

229 3423 285 3472 nori
296 3421 396 3472 nccedat
415 3419 473 3478 enti,
487 3417 562 3470 rideri
582 3417 730 3468 Aristotelem
755 3419 800 3466 iloc
813 3424 961 3479 preceptum
976 3433 1007 3466 ex

230 3493 278 3543 ello
290 3492 378 3542 llelissi
391 3491 453 3548 loco,
474 3501 521 3538 uon
538 3503 568 3538 ex
590 3488 668 3551 primo
687 3489 949 3549 lluglueulosumsisse.
985 3492 1010 3536 tu

230 3563 309 3612 verbis
323 3562 376 3611 onst
393 3561 499 3616 τελευτὴν
511 3559 544 3612 ete
555 3559 583 3616 ἢν
600 3557 735 3618 γιγνόμενον
755 3559 783 3605 άν
803 3557 936 3614 ἐτελεύτησὲ
956 3574 1012 3606 ποτε

231 3633 411 3694 Srlburgianam
434 3629 562 3679 tectionem
573 3630 604 3684 εἰς
618 3629 646 3685 ἢν
662 3629 765 3688 vulgaire
776 3629 808 3684 εἰς
827 3627 841 3676 ὃ
862 3628 1013 3688 praetulimus

231 3707 304 3765 atque
315 3704 377 3752 iuter
394 3702 529 3764 γιγνόμενον
548 3704 572 3748 et
591 3698 724 3754 trellis-erc
743 3698 886 3747 lllseruimus
897 3699 934 3758 ἀν,
949 3697 1013 3757 ιμιινλ

232 3773 323 3834 llagltat
338 3772 466 3823 sententia.
500 3773 582 3832 licque
600 3769 664 3818 euim
680 3767 779 3817 dubium
797 3769 902 3826 videtur,
917 3767 974 3830 qrriil
987 3769 1012 3815 in

232 3841 388 3904 excerpendis
409 3840 543 3902 pllllosoptli
565 3837 661 3888 Eleatici
683 3838 775 3899 platellis
793 3840 866 3886 talem
883 3839 1013 3898 respexerit

231 3913 311 3964 locum
324 3913 471 3970 Aristoteles,
482 3910 560 3972 quatis
572 3912 608 3958 est
616 3909 639 3956 iu
649 3909 732 3969 iragm.
742 3912 755 3956 7
768 3923 774 3956 :
785 3911 805 3957 et
814 3909 854 3972 μὲν
862 3909 906 3972 γὰρ
915 3909 1013 3967 ἐγένετο,

232 3984 306 4047 ἀρχὴν
318 3983 347 4031 ἂν
359 3983 430 4044 εἶχεν,
443 3981 526 4045 ἤρξατο
535 3980 579 4042 γὰρ
588 3979 616 4027 ἂν
630 3995 686 4028 ποτε
701 3979 833 4041 γινόμενον·
849 3981 888 4028 καὶ
898 3979 1013 4035 τελευτήν·

232 4051 451 4112 ἑτελεύτησιγὰράν
462 4065 519 4098 ποτε
529 4048 657 4111 γινόμενον,
690 4049 851 4106 Quamobrem
864 4048 929 4111 quod
942 4050 1013 4107 Borg-

232 4121 287 4171 llius
301 4122 438 4171 dubitanter
450 4118 561 4182 proponit
577 4118 708 4176 τελευτήσει
726 4121 884 4168 necessarium
897 4131 946 4167 non
963 4131 1015 4166 esse

233 4193 386 4242 arbitramur.

267 4269 307 4314 lt.
323 4262 452 4324 sequentia
467 4258 531 4321 apud
545 4257 698 4308 Aristotelem
710 4260 744 4308 stc
755 4259 914 4308 scribuntura
925 4258 1014 4308 Belle·

235 4348 262 4383 nn
275 4354 281 4384 ι
294 4335 346 4383 Πᾶν
356 4331 380 4380 bi
389 4332 429 4379 κοιλ
439 4331 533 4393 άττειρον
542 4329 568 4377 δν
578 4330 644 4378 εἶναι.
677 4330 697 4377 et
706 4329 751 4390 γάρ
760 4331 828 4386 πλέον
842 4331 857 4388 il
866 4330 907 4378 δύο
916 4330 964 4390 eiu,
973 4331 1015 4379 πέ·

234 4404 284 4468 ροντ’
297 4401 391 4451 ιἰνιῐνοιι
400 4405 474 4450 ταῦτα
485 4400 541 4462 πρὸς
554 4400 650 4456 άλληλα.
683 4399 706 4447 ἒν
724 4401 748 4447 δὲ
761 4399 841 4460 ὅμοιον
853 4399 911 4448 εἶναι
927 4399 1013 4448 πάντά

235 4474 256 4522 et
266 4473 311 4534 γάρ
322 4471 422 4532 ἀνόμοια
430 4469 503 4518 πλείω
516 4469 582 4529 ὄντα,
595 4469 639 4516 οὐκ
647 4469 676 4516 ἂν
692 4469 725 4517 ἔτι
736 4469 760 4518 ἓν
777 4471 849 4517 θεῖναι
858 4469 916 4517 ἀλλὰ
930 4471 1013 4520 πολλά.

235 4542 308 4591 ἀΐδιον
319 4541 343 4590 it
352 4541 377 4590 ὂν
390 4537 481 4602 μέτριόν
494 4555 519 4586 τε
531 4541 571 4586 κοιὶ
581 4537 663 4598 ὅμοιον
673 4536 747 4600 πάντῃ
758 4538 866 4596 ἀκίνητον
876 4540 933 4588 εἶναι
945 4540 973 4588 τὸ
982 4540 1015 4589 ἕν.

236 4612 319 4674 οὐγὰρ
331 4613 359 4660 ier
368 4610 490 4668 κινηθῆναι
508 4609 540 4667 μὴ
558 4607 581 4663 ἐς
592 4624 614 4654 τι
626 4607 792 4671 ὑπογωρῆσοιν.
825 4609 978 4672 ὑποχωρῆσαι
992 4609 1017 4658 δὲ

236 4683 339 4743 ἀνάγκην
353 4681 411 4729 εἶναι
422 4679 474 4738 ἦτοι
486 4679 518 4733 ete
530 4679 614 4739 πλῆρες
623 4677 683 4735 ibib
697 4677 773 4727 κενόν.
805 4679 893 4726 τούτων
902 4679 927 4728 δὲ
937 4679 964 4728 τὸ
976 4680 1017 4740 μὲν

236 4752 280 4801 οὐκ
292 4753 320 4800 ἂν
330 4751 436 4806 δέξασθαι
447 4749 474 4799 τὸ
485 4749 579 4809 πλῆρες,
589 4748 616 4797 τὸ
625 4747 650 4795 δὲ
661 4747 704 4804 οὐκ
713 4747 772 4796 εἶναι
781 4747 846 4796 οὐδὲν
857 4747 891 4810 [ἢ]
905 4749 931 4797 τὸ
941 4749 1016 4799 κενόν.

236 4821 334 4882 Corripe
347 4835 354 4870 τ
372 4823 422 4870 Πάν
431 4819 456 4868 cl
468 4819 564 4880 άπειρον
573 4817 597 4865 ἓν
605 4817 672 4866 εἶναι’
686 4817 757 4880 illic
768 4817 832 4866 riter
842 4819 857 4876 ἢ
869 4818 910 4867 δύο
919 4818 964 4878 εἴη,
974 4821 1017 4870 τιν’·

237 4892 287 4956 ρατ’
299 4893 328 4941 ἂν
339 4891 397 4940 εἶναι
406 4889 542 4952 ταῦταπρος
557 4889 654 4944 ἄλληλα·
667 4887 690 4936 ἓν
698 4887 723 4936 δὲ
736 4889 762 4936 ὃν
773 4889 854 4950 ὅμοιον
863 4889 921 4937 εἶναι
932 4890 1016 4952 πάντῃ.

237 4961 257 5009 ct
268 4961 313 5024 γάρ
322 4961 442 5022 ἀνόμοιον,
456 4957 529 5008 πλείω
542 4959 596 5006 ὄντα
606 4959 648 5006 οὐκ
661 4959 689 5006 cir
702 4957 735 5006 ἔτι
744 4959 768 5007 tr
783 4959 851 5018 εἶναι,
863 4959 921 5007 ἀλλὰ
934 4961 1016 5009 πολλά.

236 5027 310 5077 ἀΐδιον
322 5029 346 5078 δὲ
354 5029 379 5078 ὃν
388 5029 487 5094 <ipseper
494 5046 519 5079 τε
529 5029 569 5077 καὶ
577 5027 657 5088 ὅμοιον
667 5027 751 5090 πάντη,
762 5028 871 5086 ἀκίνητον
883 5029 975 5080 εἶναιτὸ
985 5031 1017 5079 ἓν.

238 5167 340 5231 ἀνάγκην
349 5170 406 5222 εἶναι
414 5173 465 5231 ἦτοι
473 5173 504 5228 εἰς
510 5173 593 5236 πλῆρες
603 5170 668 5230 iocis
679 5173 710 5227 εἰς
721 5171 796 5222 κενόν·
807 5171 894 5222 τούτων
903 5173 928 5222 δὲ
939 5173 966 5222 τὸ
977 5171 1018 5236 μὲν

1063 4264 1147 4312 eodem
1168 4262 1221 4310 cod.
1235 4262 1298 4321 lips.
1316 4272 1358 4320 pro
1375 4258 1484 4311 δόξασθοιι
1500 4259 1572 4306 edidi.
1606 4259 1715 4306 Postremo
1727 4249 1793 4312 partiu-

1062 4334 1110 4382 lnm
1122 4335 1137 4391 ἡ
1151 4331 1212 4380 iuter
1224 4331 1289 4379 οὐδὲν
1303 4331 1327 4377 et
1338 4329 1365 4376 τὸ
1374 4327 1440 4376 κενόν
1452 4328 1575 4388 tllserianl,
1589 4340 1658 4390 quarn
1667 4324 1723 4372 uncis
1731 4317 1795 4368 iucimt

1063 4401 1199 4458 Beililerus,
1216 4412 1272 4448 cunr
1289 4397 1442 4448 Fiilleboruio
1453 4399 1567 4459 expunxi.
1774 4455 1777 4462 Ι

1095 4474 1132 4521 18.
1150 4470 1275 4520 Beililertts
1289 4487 1295 4518 ι
1306 4469 1405 4516 Τοιοῦτο
1417 4465 1443 4514 δὲ
1453 4467 1480 4514 ὃν
1493 4467 1520 4516 τὸ
1532 4467 1556 4514 ἒν
1566 4464 1702 4516 &redolere
1710 4461 1740 4508 eni
1750 4455 1792 4505 ini·

1061 4554 1131 4600 γητον
1140 4541 1202 4600 ὑγιές
1213 4555 1238 4587 τε
1252 4538 1292 4586 καὶ
1302 4536 1387 4585 άνοσον
1401 4535 1470 4597 εἶναι,
1483 4537 1536 4584 οὔτε
1546 4533 1741 4598 μετακοσμούμενιν
1748 4528 1794 4606 θέρον

1062 4609 1116 4658 οὔτε
1124 4609 1293 4672 ἑτεροιούρενον
1303 4607 1367 4666 etter,
1379 4605 1432 4654 οὔτε
1441 4608 1578 4670 μιγνύμενον
1587 4608 1654 4669 ἄλλῳ.
1684 4601 1736 4652 licrli
1745 4609 1793 4645 ποτε

1062 4680 1106 4744 γὰρ
1115 4685 1189 4730 ταῦτα
1197 4679 1272 4730 πολλά
1276 4695 1302 4727 τε
1307 4678 1335 4726 τὸ
1341 4677 1365 4725 ἓν
1373 4675 1476 4737 γίνεσθαι
1483 4681 1522 4727 κοιλ
1529 4680 1556 4728 τὸ
1564 4679 1595 4740 μή
1600 4679 1624 4727 ὃν
1629 4674 1741 4725 sericeis
1746 4664 1791 4744 eriri

1062 4749 1088 4799 du
1100 4751 1229 4814 obripienter
1241 4747 1420 4810 ἀναγκάζεσθαι,
1434 4751 1514 4798 Ταῦτα
1524 4750 1544 4799 δ’
1553 4745 1715 4800 misererier.
1725 4739 1792 4819 Keilii

1063 4822 1084 4868 et
1089 4821 1115 4869 τὸ
1122 4819 1233 4884 μεμῖχθαί
1239 4821 1292 4869 ritu
1298 4821 1324 4869 ἐκ
1329 4821 1442 4870 πλειόνων
1447 4821 1545 4880 λέγοιτο,
1551 4823 1590 4870 καὶ
1597 4819 1630 4874 εἴη
1636 4815 1699 4864 πολλὰ
1706 4817 1790 4868 urerer!

1064 4891 1095 4948 εἰς
1107 4891 1195 4948 ἄλληλα
1202 4891 1232 4939 τά
1243 4889 1376 4954 πράγματα,
1386 4892 1427 4939 καὶ
1444 4895 1460 4949 ἡ
1475 4893 1532 4952 μῖξις
1545 4894 1560 4950 ἡ
1574 4894 1604 4946 ὡς
1613 4889 1635 4937 ir
1645 4887 1674 4935 bt
1683 4871 1789 4956 retenuit

1063 4967 1110 5058 '“Tft‘
1121 4963 1242 5048 relevor,
1254 4964 1270 5020 l
1282 4961 1512 5062 ῖλᾶπαλλοὶξειόλον
1521 4951 1789 5062 Ιἐπιπρόσθησιςγίνῠῑξὲιῐέ

237 5097 321 5161 οὐγὰρ
336 5099 502 5163 enervabitur,
520 5101 552 5164 μή
569 5099 600 5153 eil
611 5115 633 5146 τι
642 5100 809 5161 ὑποχωρῆσαι·
822 5101 977 5164 ὑποχωρῆσαι
994 5101 1019 5150 δὲ
1064 5031 1787 5166 ἓάέάάννάάῖ,ἐλλεάάάιάλήιάὲιλνΓνᾶρλῠὲλςηλὶΐντῄχᾝέρᾞπῗιωάν

1064 5173 1162 5224 ἕκαστον
1177 5173 1281 5239 φανερόν,
1299 5174 1473 5239 ἀφαιρουμένων
1488 5178 1535 5223 τῶν
1552 5173 1645 5238 πρώτων
1659 5154 1787 5217 essetnec
