3696 5922
528 411 530 417 ‘
576 475 663 586 nu
706 470 1146 584 intonantis
1187 473 1468 606 sununs,

908 713 1188 742 ——runov-w·

288 859 382 927 Quum
405 857 440 914 de
450 857 531 914 omni
545 857 772 931 fragmentorum
784 873 888 930 genere
902 856 1022 915 dilllcile
1067 853 1279 933 tislragmenta',
1285 875 1319 914 ea
1327 858 1419 915 uniex
1428 857 1591 915 illistribus
1598 868 1712 913 temere
1721 858 1830 930 assigne-

250 958 292 1002 est
303 945 450 1022 judicare,
471 957 504 1002 ut
517 945 673 1018 genuinae
700 943 895 1020 supposititiis
914 942 1022 1000 discer-
1069 964 1143 1002 mus.
1155 945 1384 1020 Confugiendum
1401 945 1477 1002 enim
1491 963 1607 1021 semper
1623 955 1671 1000 est
1685 943 1725 999 ad
1745 943 1829 1000 Stoboi

250 1051 364 1098 narnus,
381 1043 438 1090 tum
451 1031 486 1087 de
498 1031 657 1090 Democriti
675 1028 818 1087 librorum
834 1029 1023 1102 fragminibus
1067 1031 1247 1106 aliorumque
1256 1043 1383 1089 veterum
1396 1031 1598 1106 quilidedigni
1610 1041 1682 1086 sunt
1692 1031 1827 1088 auctorita·

252 1120 474 1188 difficillimum,
489 1117 572 1194 cujus
586 1118 616 1174 in
640 1119 791 1194 praeceptis
811 1116 982 1186 moralibus,
997 1118 1021 1174 si
1068 1117 1234 1176 tem.ldnon
1244 1132 1381 1196 perpetuo
1393 1118 1639 1176 lecisseOrellium
1648 1135 1723 1172 mox
1733 1119 1829 1174 manile

251 1227 316 1264 cum
340 1205 453 1281 reliqua
470 1203 640 1281 philosophi
657 1203 789 1262 doctrina
807 1217 1021 1280 comparentur,
1069 1205 1272 1281 stumeritqui,
1282 1207 1414 1281 quaeejus
1422 1204 1599 1279 negligentia
1607 1203 1676 1272 luit,
1692 1203 1829 1260 alienasa

254 1291 474 1349 inconstantiam
500 1290 643 1364 quandam
666 1289 727 1366 jam
753 1309 840 1366 supra
864 1289 1021 1364 attigimus.
1070 1287 1831 1368 pennmeroproDemocriteispublicavit.Qnapropter

176 1426 179 1432 .
251 1379 345 1450 Quare
366 1376 424 1432 nisi
438 1389 543 1432 certam
564 1375 715 1451 judicandi
731 1394 860 1434 normam
872 1377 968 1434 animo
979 1378 1024 1434 in·
1054 1398 1056 1404 ¹
1069 1396 1131 1432 cum
1142 1375 1308 1433 Burclmrdo
1320 1375 1407 1432 multa
1418 1373 1529 1451 rejicio,
1542 1375 1733 1432 Democritea
1740 1375 1831 1432 Orellio

252 1463 437 1536 formareris,
460 1462 542 1518 facile
563 1463 593 1519 in
621 1461 674 1518 hac
698 1463 818 1520 materia
839 1463 870 1519 in
896 1463 1022 1520 fraudem
1068 1464 1142 1536 visa,
1154 1465 1193 1520 ita
1204 1476 1308 1532 tamen,
1320 1474 1448 1538 utpauca
1458 1461 1588 1537 quaedam
1600 1481 1637 1518 ex
1647 1462 1689 1518 iis
1704 1481 1768 1537 quae
1779 1463 1832 1517 alter

252 1551 379 1608 incidere
393 1549 499 1626 possis.
521 1549 603 1618 Quod
619 1548 773 1607 lllcinersio
786 1549 925 1608 accidisse
941 1550 1023 1608 dixi·
1068 1549 1153 1606 obelo
1169 1549 1229 1626 jam
1245 1549 1400 1607 confixerat
1422 1567 1544 1624 quaeque
1564 1549 1595 1605 in
1616 1547 1832 1625 praecedentibus

252 1655 328 1708 mus,
345 1636 396 1712 qui
424 1654 512 1708 quum
531 1635 727 1693 Democritum
754 1637 785 1692 iu
804 1634 892 1693 rebus
915 1635 1024 1692 divinis
1053 1636 1126 1712 ·jam
1152 1649 1270 1694 tractata
1294 1647 1371 1704 sunt,
1394 1636 1560 1692 Democrito
1579 1635 1717 1692 reddam.
1742 1634 1831 1690 Ponam

253 1736 387 1781 constare
413 1721 470 1780 sibi
493 1721 590 1791 vellet,
617 1742 677 1780 non
698 1722 792 1780 solnm
816 1723 958 1798 praeclara
974 1723 1037 1780 illa
1069 1721 1158 1794 igitur
1178 1721 1335 1794 fragmenta
1347 1740 1411 1794 quae
1427 1722 1531 1797 partim
1551 1733 1583 1776 ut
1606 1719 1832 1777 alienaexOrrl·

255 1813 413 1885 fragmenta
423 1809 531 1886 quibus
541 1811 697 1868 secundum
708 1823 736 1866 et
747 1810 932 1867 centesimum
941 1813 1025 1886 septi·
1070 1805 1155 1863 lianis
1166 1806 1314 1880 opusculis
1327 1805 1469 1881 ejicienda
1482 1817 1560 1874 sunt,
1576 1809 1688 1881 partim
1701 1817 1734 1861 ut
1753 1824 1832 1880 suspe-

253 1917 331 1956 mum
345 1898 439 1953 locum
452 1895 595 1966 dedimus,
612 1896 756 1953 Abderitae
772 1894 961 1972 abjudicavit,
975 1896 1024 1953 sed
1069 1905 1113 1948 cta
1126 1893 1290 1949 Democrito
1305 1911 1321 1948 a
1334 1891 1512 1950 cautioribus
1525 1891 1616 1949 tribui
1630 1905 1788 1968 nequeunt.

252 1985 309 2042 alia
327 1984 411 2041 etiam
428 1983 567 2040 nonsatis
580 1983 725 2040 intellectu
742 2001 758 2039 e
775 1983 1023 2040 Detnocritcorum
1150 2030 1171 2066 ς,
1200 2029 1221 2049 ,ἢ
1284 2030 1313 2054 „
1378 2031 1384 2052 ,
1609 2029 1617 2052 ,

253 2089 373 2147 operum
393 2069 523 2144 reliquiis
541 2068 695 2146 expunxit.
712 2068 888 2145 llujnsmodi
904 2082 1025 2127 estsen·
1072 2047 1093 2087 ¹·
1149 2032 1683 2138 ’ζῗοθραἔναὶιωξονέοτινῆπονςρια.ν
1726 2115 1732 2136 1

254 2159 343 2214 tentia
355 2156 541 2230 nonagesima
552 2155 693 2227 secunda,
710 2175 794 2231 quarn
817 2157 945 2232 spuriam
964 2175 1026 2213 esse
1109 2199 1118 2221 ,
1149 2115 1393 2258 Ηῗγᾶρὲοκερως
1409 2139 1484 2220 ξονον
1500 2116 1675 2221 ἀπῖὅλῑπωσ
1692 2118 1737 2221 ,ἀει

253 2245 402 2303 contendit
412 2243 525 2301 collatis
538 2244 821 2320 octogesimaquinta
832 2256 860 2300 et
872 2246 1026 2300 centesima
1115 2204 1236 2279 ‘illm‘
1273 2225 1358 2260 “m
1380 2225 1574 2280 'mmm‘
1594 2208 1780 2280 mmm·

254 2331 438 2406 nonagesima
448 2330 560 2406 quinta.
574 2331 611 2386 ht
623 2343 799 2407 preceptum
808 2331 1025 2404 nonagesimum
1072 2341 1188 2416 Legitur
1199 2361 1246 2417 ap,
1258 2344 1338 2398 ενοι),
1350 2340 1427 2399 plor,
1438 2340 1478 2415 11,
1494 2362 1521 2412 ¹3
1537 2361 1581 2398 nr,
1597 2361 1615 2397 2
1628 2361 1680 2418 ap,
1695 2341 1830 2404 Quium,

254 2417 411 2478 secundum
431 2437 489 2492 quo
504 2417 637 2475 homines
658 2431 755 2475 monet
771 2419 965 2493 Democritus,
988 2438 1024 2475 ne
1071 2431 1121 2504 qui
1134 2429 1196 2504 ipse
1214 2428 1273 2506 jam
1288 2427 1411 2504 conjecit
1428 2427 1483 2485 hoc
1501 2428 1697 2502 fragmentum
1723 2447 1832 2483 nom

254 2504 1023 2582 quidultraviressuscipiant,nequaquamadversatur
1071 2516 1227 2572 Democriti
1255 2513 1411 2571 Abderitae,
1437 2515 1578 2571 Demetrii
1594 2533 1707 2571 nome„
1738 2534 1831 2589 pfaepo.

255 2591 367 2649 caeteris
390 2589 504 2648 duobus
518 2589 601 2650 locis.
625 2591 677 2648 llis
698 2591 774 2648 enim
801 2592 985 2667 magistratus
1000 2605 1027 2648 ct
1071 2603 1157 2659 sirum
1171 2601 1257 2658 habet
1268 2602 1299 2658 in
1313 2601 1404 2658 Dictis
1416 2600 1717 2676 poetarumestobaeo
1728 2601 1762 2658 ab
1777 2603 1830 2674 nug,

255 2678 381 2735 honores
399 2695 556 2752 regumque
579 2677 707 2734 amicitia
727 2691 862 2752 tanquam
882 2697 928 2735 res
941 2697 1027 2756 expe·
1071 2688 1174 2746 θροεῖς)
1198 2689 1294 2746 editis,
1326 2687 1455 2746 Eundem
1488 2689 1669 2746 Demetrium
1707 2701 1831 2746 auctora„

257 2763 950 2840 tendaecommendanturpropterutilitatemquae
961 2765 1028 2822 inde
1072 2787 1232 2851 agnoscunt
1242 2775 1325 2834 codd,
1342 2793 1435 2852 nuper
1446 2776 1554 2834 conari,

256 2851 288 2908 in
311 2849 463 2907 hominum
485 2850 575 2906 vitam
600 2849 750 2920 redundet,
766 2869 798 2907 ac
818 2863 955 2926 praeterca
982 2869 1028 2908 ars

256 2937 363 2994 bellica
390 2935 523 2993 laudatur
546 2935 625 3010 iique
652 2934 766 2993 labores
786 2936 894 3010 quibus
919 2937 1027 2994 clarum
1074 2961 1096 3000 ε.
1152 2937 1284 2999 Ἀδιαείτω
1296 2961 1339 3014 μοι
1353 2937 1474 3004 πλούσιος
1491 2937 1536 2996 καὶ
1551 2937 1702 3015 pharion<-

257 3041 363 3080 nomen
374 3021 464 3079 soleat
474 3021 582 3098 parari.
593 3020 675 3077 lllitto
686 3035 787 3078 caetera
799 3042 863 3098 quae
878 3025 1028 3082 molestum
1152 3031 1212 3106 ῥᾷον
1224 3024 1307 3106 φέρειν
1318 3025 1369 3105 γὰρ
1377 3022 1530 3104 κρειττόνων
1545 3024 1701 3103 τυραννίδα.

257 3121 300 3166 est
312 3125 491 3166 enumerare.
508 3106 563 3164 Sed
581 3107 637 3164 alia
657 3121 724 3165 sunt
749 3108 862 3185 adquae
878 3122 960 3167 caute
983 3130 1028 3168 se-

258 3194 401 3253 cernenda
410 3193 537 3251 animum
547 3193 599 3250 ille
609 3194 730 3252 minime
745 3198 868 3274 appulit.
885 3197 1026 3254 Fereban-
1115 3191 1250 3268 Corrupti
1266 3189 1295 3248 hi
1315 3209 1417 3248 versus
1438 3189 1473 3246 ad
1489 3189 1690 3247 Democritum
1711 3202 1841 3254 auctooeffl.

258 3295 306 3338 tur
321 3281 397 3358 apud
424 3292 535 3338 veteres
558 3281 707 3338 sententiae
725 3284 754 3338 ἐκ
777 3285 830 3339 τῶν
851 3283 1030 3362 Δημοκρίτου,
1075 3279 1148 3336 male
1162 3279 1324 3336 reseruntur
1340 3279 1370 3335 in
1381 3279 1511 3352 Corpore
1524 3281 1736 3335 sententiarum
1748 3276 1841 3334 Frobe-1

258 3365 423 3436 Ἐπικτήτου
436 3365 481 3424 καὶ
494 3363 661 3444 Ἰσοκράτους
679 3367 710 3424 in
725 3387 814 3424 unum
831 3387 936 3442 corpus
950 3369 1031 3424 cerlo·
1074 3365 1163 3423 niano
1177 3385 1242 3443 pag.
1259 3365 1333 3436 208,
1350 3367 1431 3438 cujus
1444 3365 1504 3422 haec
1518 3377 1562 3421 est
1573 3364 1729 3442 inscriptio
1742 3385 1749 3420 :
1764 3363 1831 3420 Calli·

259 3469 322 3513 ctae.
346 3454 404 3523 Qui
426 3453 482 3512 hoc
510 3454 715 3511 sententiarum
750 3474 856 3531 corpus
883 3467 948 3533 post
968 3455 1018 3513 Sto
1076 3454 1352 3530 mnehihymnicum
1363 3453 1492 3511 scholiis.
1503 3451 1832 3510 Acceduntsententiaer

258 3539 352 3599 haeum
367 3541 404 3617 (r)
421 3539 564 3610 condidit,
576 3539 701 3597 auctoris
714 3559 818 3597 nomen
831 3541 954 3616 singulis
964 3541 1032 3599 ella·
1076 3537 1710 3618 diversispoetis,oratoribusetphilosophis
1717 3539 1830 3596 collecte.

260 3629 298 3686 tis
310 3647 369 3686 non
382 3625 498 3684 videtur
512 3625 693 3703 apposuisse,
714 3629 754 3684 ita
769 3640 800 3684 ut
815 3647 873 3684 non
886 3629 1031 3704 perspice-
1076 3625 1830 3703 Basileae1532,4.Tribuuntur.llenandroaphntou

259 3727 350 3784 retur,
365 3733 430 3789 quae
443 3726 538 3771 essent
554 3713 725 3782 Democriti,
737 3733 801 3786 quae
816 3713 952 3790 Epicteti,
970 3735 1033 3790 quaa
1077 3728 1106 3772 et
1119 3715 1195 3774 hlax.
1212 3733 1242 3790 p.
1260 3715 1329 3785 213,
1345 3711 1397 3770 ubi
1411 3715 1550 3790 scriptum
1565 3726 1610 3771 est
1624 3712 1749 3770 ἀδικείτιο
1762 3733 1797 3784 με.

259 3799 405 3859 lsocratis.
427 3800 492 3869 Quo
514 3800 617 3857 lactum
633 3813 676 3857 est
689 3813 721 3858 ut
744 3801 886 3858 Antonius
900 3814 928 3858 et
942 3801 1034 3859 lllaxi·
1118 3821 1140 3860 a.
1160 3799 1254 3866 Ὀοτις
1277 3803 1354 3875 σῶμα
1378 3799 1514 3878 θεραπεύει
1537 3799 1566 3856 τὸ
1580 3801 1688 3874 ἑαυτοῦ,
1701 3803 1749 3876 οὐχ
1761 3794 1829 3854 ἔπιτον

261 3897 326 3944 inus
338 3887 390 3962 qui
400 3886 455 3944 hoc
469 3887 618 3944 volumine
633 3887 678 3944 usi
691 3899 757 3944 sunt
766 3887 908 3945 arbitratu
922 3907 974 3946 suo
987 3901 1035 3944 aut
1078 3885 1226 3964 θεραπεύει·
1237 3885 1306 3952 ὅστις
1318 3884 1456 3965 χρήματα,
1469 3883 1523 3945 οὗθ’
1533 3885 1623 3944 ἑαυτὸν
1635 3884 1698 3943 οὗτε
1710 3886 1830 3948 attufit,

261 3972 385 4030 libidine
407 3992 496 4030 unum
518 3992 555 4030 ex
573 3973 633 4030 illis
655 3974 748 4031 tribus
766 3974 945 4048 singulorum
967 3994 1035 4052 apo·
1080 3979 1137 4035 ἀλλ’
1149 3976 1187 4034 ἔτι
1204 3972 1359 4056 πορρωτέρω
1370 3976 1421 4032 τῶν
1437 3977 1538 4032 ἑαυτοῦ.
1557 3974 1638 4034 Stob.
1650 3973 1731 4034 Flor.
1746 3968 1829 4033 Xl'llh

261 4057 477 4137 phthegmatum
492 4073 636 4117 auctorem
653 4060 856 4138 perhiberent,
872 4063 919 4118 vel
934 4082 1034 4120 eornm
1081 4064 1135 4134 373
1149 4082 1195 4140 ap.
1206 4061 1294 4120 0rell.
1304 4081 1334 4119 n.
1348 4060 1396 4120 51.
1408 4059 1608 4136 Fragmentum
1620 4059 1677 4118 hoc
1691 4060 1773 4116 attica
1788 4057 1841 4112 dia·¹

262 4145 393 4204 omnium
404 4147 522 4203 nomina
532 4146 701 4223 adjicerent.
713 4148 795 4204 Adde
804 4148 881 4223 quod
894 4149 1038 4207 Democri·
1080 4150 1153 4208 lecto
1165 4149 1323 4206 conlectum
1339 4167 1397 4206 non
1409 4147 1580 4218 Democriti,
1592 4146 1643 4204 scd
1652 4146 1831 4204 Platonisesst

264 4229 286 4288 ti
303 4228 381 4286 dicta
392 4249 428 4286 ex
439 4231 537 4288 ionico
551 4232 581 4287 in
594 4251 775 4288 communem
789 4250 950 4290 sermonem
967 4255 1034 4292 con·
1081 4235 1273 4312 complurium
1291 4233 1373 4292 codd.
1399 4253 1542 4292 consensu
1569 4233 1751 4310 exploratum
1765 4229 1831 4286 habe·

262 4333 347 4372 νοντα
358 4314 419 4392 jam
435 4315 678 4374 inveniebantvel
692 4319 749 4394 ipsi
766 4321 981 4391 convertebant,
998 4322 1037 4378 ita
1081 4343 1153 4380 mus.

263 4415 297 4460 ut
310 4403 436 4477 posteris
447 4403 599 4479 judicandi
621 4404 776 4462 difficultas
789 4419 948 4480 augeretur.
967 4408 1038 4466 lude
1120 4427 1143 4469 ι.
1155 4405 1309 4484 Πολυμαθίη
1321 4404 1405 4486 κάρτα
1414 4403 1461 4483 μὲν
1472 4405 1590 4486 ὠφελέει,
1602 4405 1689 4484 κάρτα
1704 4405 1731 4463 δὲ
1745 4402 1830 4480 βλέποι

263 4490 349 4546 etiam
362 4502 415 4559 est,
432 4488 510 4564 quod
527 4490 696 4546 sententiam
716 4490 788 4570 νόμῳ
810 4491 854 4549 καὶ
874 4493 980 4572 ἄρχοντι
994 4495 1038 4552 καὶ
1082 4495 1125 4553 τὸν
1138 4493 1246 4575 ἔχοντα·
1262 4493 1368 4574 ὠφελέει
1382 4491 1429 4569 μὲν
1438 4493 1482 4552 τὸν
1495 4492 1574 4560 δεξιὸν
1594 4494 1689 4572 ἄνδρα,
1705 4487 1831 4570 pileoli

264 4573 488 4654 σοφωτέρῳεῐκειν
498 4575 617 4651 κόσμιον,
626 4596 711 4653 quam
723 4578 854 4637 Stobaeus
865 4579 944 4643 Flor.
960 4582 993 4656 V,
1002 4585 1037 4640 23
1082 4583 1125 4642 τὸν
1134 4581 1236 4661 ῥηϊδίως
1245 4587 1375 4663 φωνοῦντα
1386 4591 1438 4638 πᾶν
1449 4580 1508 4646 ἔπος
1519 4580 1690 4639 >collactanei
1703 4579 1781 4654 δήμῳ.
1789 4571 1829 4648 ld

265 4661 430 4720 Democrito
453 4663 589 4732 vindicat,
611 4665 754 4722 Antonius
772 4679 800 4723 et
814 4666 957 4727 Maximus
970 4689 1036 4747 pag.
1083 4670 1110 4728 dl
1127 4673 1217 4748 καιροῦ
1231 4669 1314 4746 μέτρα
1330 4665 1438 4725 εἰδέναι·
1450 4667 1540 4746 σοφίης
1553 4667 1603 4746 γὰρ
1616 4658 1690 4734 οὗτος
1705 4666 1768 4746 ὅρος.
1778 4657 1829 4721 Olli

269 4757 324 4824 149
333 4749 488 4808 Isocratiet
497 4749 929 4828 pag.452Epictetoascribunt.
941 4755 1040 4833 ltaque
1084 4755 1132 4823 ἔξω
1152 4760 1241 4832 καιροῦ
1253 4759 1326 4833 ῥῆσιν
1354 4752 1480 4829 μουσικὴν
1503 4750 1671 4828 πεπνυμένος
1695 4746 1829 4817 παίουσαι)

268 4853 371 4910 magna
383 4855 456 4913 opus
471 4849 515 4895 est
526 4839 784 4915 cautione,neqnae
797 4842 872 4918 apud
882 4843 1038 4900 Antonium
1083 4841 1276 4921 παραδέχονται
1292 4843 1318 4898 ἐν
1334 4841 1411 4921 rip-sb]
1429 4838 1546 4918 γνώμην,
1560 4838 1647 4898 αἰτίαν
1660 4837 1687 4895 tt
1699 4837 1780 4916 ἔχαιοι
1791 4857 1828 4908 μοι

268 4924 1040 5004 etlllaximumlegunturDemocriti,Epictetietlsocra·
1085 4929 1150 5008 ρίας.
1164 4927 1244 4991 Stob.
1262 4928 1339 4988 Flor.
1356 4927 1486 5000 lllleV,
1514 4946 1549 5002 19
1570 4946 1634 5004 sqq.
1649 4926 1741 4984 Orell.
1757 4946 1780 4982 n.
1796 4921 1827 4976 6⁰·

275 5051 1826 5082 -ψψ-Ἣ-ω-Ι-ῤ

303 5129 337 5194 (ί)
357 5101 420 5182 ltuic
445 5133 552 5198 opinioni
575 5134 677 5186 ῐοιῑειεε
699 5134 781 5188 obstat
803 5135 863 5188 cod.
889 5123 952 5188 Flor.
975 5137 1044 5188 sloh.
1058 5151 1083 5200 p.
1096 5139 1153 5199 tat,
1168 5151 1216 5188 uon
1228 5137 1285 5188 item
1296 5137 1405 5200 vulgatus
1417 5135 1507 5186 Slobaei
1519 5139 1607 5184 textus.
1840 5123 1841 5148 ¹

1057 5236 1108 5288 ara

1840 5321 1841 5358 l
