<?xml version="1.0" encoding="UTF-8"?>
<!DOCTYPE html PUBLIC "-//W3C//DTD XHTML 1.0 Transitional//EN"
    "http://www.w3.org/TR/xhtml1/DTD/xhtml1-transitional.dtd">
<html xmlns="http://www.w3.org/1999/xhtml" xml:lang="en" lang="en">
 <head>
  <title>
</title>
<meta http-equiv="Content-Type" content="text/html;charset=utf-8" />
  <meta name='ocr-system' content='tesseract 3.04.00' />
  <meta name='ocr-capabilities' content='ocr_page ocr_carea ocr_par ocr_line ocrx_word'/>
</head>
<body>
  <div class='ocr_page' id='page_1' title='image "./fragmentaphilos03mullgoog/fragmentaphilos03mullgoog_0541.png"; bbox 0 0 3708 5916; ppageno 0'>
   <div class='ocr_carea' id='block_1_1' title="bbox 213 329 1269 405">
    <p class='ocr_par' dir='ltr' id='par_1_1' title="bbox 213 329 1269 405">
     <span class='ocr_line' id='line_1_1' title="bbox 213 329 1269 405; baseline -0.014 0"><span class='ocrx_word' id='word_1_1' title='bbox 213 353 273 405; x_wconf 74' lang='lat' dir='ltr'><strong>tto</strong></span> <span class='ocrx_word' id='word_1_2' title='bbox 735 331 939 395; x_wconf 78' lang='lat' dir='ltr'><strong>flltttoctts</strong></span> <span class='ocrx_word' id='word_1_3' title='bbox 960 329 1269 395; x_wconf 73' lang='lat' dir='ltr'>COMMENTARIUS</span> 
     </span>
    </p>
   </div>
   <div class='ocr_carea' id='block_1_2' title="bbox 210 449 1846 2270">
    <p class='ocr_par' dir='ltr' id='par_1_2' title="bbox 210 449 1846 2270">
     <span class='ocr_line' id='line_1_2' title="bbox 210 449 1809 548; baseline -0.011 -16"><span class='ocrx_word' id='word_1_4' title='bbox 210 471 417 548; x_wconf 67' lang='lat' dir='ltr'><strong>incompetentiis</strong></span> <span class='ocrx_word' id='word_1_5' title='bbox 426 449 555 546; x_wconf 74' lang='grc' dir='ltr'>γνῶσιων·</span> <span class='ocrx_word' id='word_1_6' title='bbox 567 457 604 532; x_wconf 80' lang='grc' dir='ltr'><strong>οἷς</strong></span> <span class='ocrx_word' id='word_1_7' title='bbox 619 464 703 544; x_wconf 90' lang='grc' dir='ltr'>μόνοις</span> <span class='ocrx_word' id='word_1_8' title='bbox 716 469 733 536; x_wconf 82' lang='grc' dir='ltr'>ἡ</span> <span class='ocrx_word' id='word_1_9' title='bbox 748 470 792 523; x_wconf 79' lang='grc' dir='ltr'>τοῦ</span> <span class='ocrx_word' id='word_1_10' title='bbox 808 463 985 546; x_wconf 77' lang='grc' dir='ltr'>ἀνθρώπου</span> <span class='ocrx_word' id='word_1_11' title='bbox 1031 465 1223 544; x_wconf 63' lang='grc' dir='ltr'><strong>ἐπιστραφῆναι</strong></span> <span class='ocrx_word' id='word_1_12' title='bbox 1235 463 1274 520; x_wconf 85' lang='grc' dir='ltr'><strong>δεῖ</strong></span> <span class='ocrx_word' id='word_1_13' title='bbox 1287 461 1329 520; x_wconf 84' lang='grc' dir='ltr'><strong>τδν</strong></span> <span class='ocrx_word' id='word_1_14' title='bbox 1340 459 1404 539; x_wconf 76' lang='grc' dir='ltr'>πρὸς</span> <span class='ocrx_word' id='word_1_15' title='bbox 1415 457 1522 528; x_wconf 64' lang='lat' dir='ltr'><strong>attolas</strong></span> <span class='ocrx_word' id='word_1_16' title='bbox 1537 457 1734 538; x_wconf 73' lang='grc' dir='ltr'>ἕπειγόμανον.</span> <span class='ocrx_word' id='word_1_17' title='bbox 1749 455 1809 516; x_wconf 70' lang='grc' dir='ltr'>’ῶνα</span> 
     </span>
     <span class='ocr_line' id='line_1_3' title="bbox 210 545 1812 641; baseline -0.009 -23"><span class='ocrx_word' id='word_1_18' title='bbox 210 560 282 641; x_wconf 76' lang='grc' dir='ltr'>ψυχὴ</span> <span class='ocrx_word' id='word_1_19' title='bbox 297 553 478 638; x_wconf 76' lang='grc' dir='ltr'>θεραπεύεται,</span> <span class='ocrx_word' id='word_1_20' title='bbox 492 553 537 613; x_wconf 83' lang='grc' dir='ltr'><strong>καλ</strong></span> <span class='ocrx_word' id='word_1_21' title='bbox 548 555 598 611; x_wconf 90' lang='grc' dir='ltr'><strong>τῶν</strong></span> <span class='ocrx_word' id='word_1_22' title='bbox 611 553 672 632; x_wconf 85' lang='grc' dir='ltr'>τῇδε</span> <span class='ocrx_word' id='word_1_23' title='bbox 686 554 862 631; x_wconf 78' lang='grc' dir='ltr'>ἐλευθεροῦται</span> <span class='ocrx_word' id='word_1_24' title='bbox 876 551 985 610; x_wconf 89' lang='grc' dir='ltr'>πόνων</span> <span class='ocrx_word' id='word_1_25' title='bbox 1031 549 1083 631; x_wconf 80' lang='grc' dir='ltr'>γθιρ</span> <span class='ocrx_word' id='word_1_26' title='bbox 1092 553 1105 608; x_wconf 80' lang='grc' dir='ltr'>ὁ</span> <span class='ocrx_word' id='word_1_27' title='bbox 1114 549 1168 616; x_wconf 85' lang='grc' dir='ltr'>θεδς</span> <span class='ocrx_word' id='word_1_28' title='bbox 1177 547 1330 627; x_wconf 78' lang='grc' dir='ltr'>δημιουργὸς</span> <span class='ocrx_word' id='word_1_29' title='bbox 1344 546 1544 622; x_wconf 22' lang='grc' dir='ltr'>μὲνιιττόντων,</span> <span class='ocrx_word' id='word_1_30' title='bbox 1552 551 1607 606; x_wconf 87' lang='grc' dir='ltr'><strong>τῶν</strong></span> <span class='ocrx_word' id='word_1_31' title='bbox 1620 545 1654 604; x_wconf 74' lang='grc' dir='ltr'><strong>δὲ</strong></span> <span class='ocrx_word' id='word_1_32' title='bbox 1663 545 1812 624; x_wconf 73' lang='grc' dir='ltr'>ἄγαθῶιιιύ</span> 
     </span>
     <span class='ocr_line' id='line_1_4' title="bbox 211 628 1813 716; baseline -0.009 -13"><span class='ocrx_word' id='word_1_33' title='bbox 211 639 539 714; x_wconf 77' lang='grc' dir='ltr'>εἰςτὴνθείανλῆξιν</span> <span class='ocrx_word' id='word_1_34' title='bbox 563 638 749 716; x_wconf 83' lang='grc' dir='ltr'>μιθισταμίνη.</span> <span class='ocrx_word' id='word_1_35' title='bbox 790 628 985 698; x_wconf 80' lang='grc' dir='ltr'>Συνελόντιούν</span> <span class='ocrx_word' id='word_1_36' title='bbox 1033 635 1151 716; x_wconf 76' lang='grc' dir='ltr'>πατήρ.</span> <span class='ocrx_word' id='word_1_37' title='bbox 1192 632 1476 714; x_wconf 80' lang='grc' dir='ltr'>Ὁγοῦντὴνλύσιν</span> <span class='ocrx_word' id='word_1_38' title='bbox 1494 635 1706 692; x_wconf 80' lang='grc' dir='ltr'>τῶνκακῶν</span> <span class='ocrx_word' id='word_1_39' title='bbox 1723 633 1813 702; x_wconf 71' lang='grc' dir='ltr'>συνιείς,</span> 
     </span>
     <span class='ocr_line' id='line_1_5' title="bbox 211 719 1846 807; baseline -0.01 -17"><span class='ocrx_word' id='word_1_40' title='bbox 211 732 310 802; x_wconf 81' lang='grc' dir='ltr'>εἰπεῖν,</span> <span class='ocrx_word' id='word_1_41' title='bbox 323 735 337 790; x_wconf 83' lang='grc' dir='ltr'><strong>ὁ</strong></span> <span class='ocrx_word' id='word_1_42' title='bbox 350 733 406 795; x_wconf 80' lang='grc' dir='ltr'>νοῦς</span> <span class='ocrx_word' id='word_1_43' title='bbox 416 729 467 785; x_wconf 90' lang='grc' dir='ltr'><strong>τῶν</strong></span> <span class='ocrx_word' id='word_1_44' title='bbox 481 725 656 807; x_wconf 79' lang='grc' dir='ltr'>προκειμένων</span> <span class='ocrx_word' id='word_1_45' title='bbox 675 727 744 783; x_wconf 78' lang='grc' dir='ltr'>ἐπῶν</span> <span class='ocrx_word' id='word_1_46' title='bbox 759 727 815 783; x_wconf 71' lang='grc' dir='ltr'>ἐστι</span> <span class='ocrx_word' id='word_1_47' title='bbox 831 729 951 791; x_wconf 79' lang='grc' dir='ltr'>τοιοῦτος·</span> <span class='ocrx_word' id='word_1_48' title='bbox 963 725 986 782; x_wconf 87' lang='lat' dir='ltr'><strong>oi</strong></span> <span class='ocrx_word' id='word_1_49' title='bbox 1033 722 1142 781; x_wconf 79' lang='grc' dir='ltr'>καὶτῶν</span> <span class='ocrx_word' id='word_1_50' title='bbox 1156 723 1312 802; x_wconf 78' lang='grc' dir='ltr'>αὐθαιρέτων</span> <span class='ocrx_word' id='word_1_51' title='bbox 1327 720 1453 796; x_wconf 82' lang='grc' dir='ltr'>πημάτων</span> <span class='ocrx_word' id='word_1_52' title='bbox 1466 721 1712 799; x_wconf 79' lang='grc' dir='ltr'>θλευθερούμενος,</span> <span class='ocrx_word' id='word_1_53' title='bbox 1727 719 1771 776; x_wconf 77' lang='grc' dir='ltr'><strong>καί</strong></span> <span class='ocrx_word' id='word_1_54' title='bbox 1781 721 1815 786; x_wconf 67' lang='grc' dir='ltr'><strong>πίῃ</strong></span> <span class='ocrx_word' id='word_1_55' title='bbox 1845 771 1846 781; x_wconf 68' lang='grc'>,</span> 
     </span>
     <span class='ocr_line' id='line_1_6' title="bbox 215 798 1819 889; baseline 0.001 -22"><span class='ocrx_word' id='word_1_56' title='bbox 215 810 313 886; x_wconf 89' lang='grc' dir='ltr'>γνόντες</span> <span class='ocrx_word' id='word_1_57' title='bbox 325 805 431 872; x_wconf 79' lang='grc' dir='ltr'>ἑαυτούς</span> <span class='ocrx_word' id='word_1_58' title='bbox 443 805 649 864; x_wconf 76' lang='grc' dir='ltr'>ἀπολύονται</span> <span class='ocrx_word' id='word_1_59' title='bbox 667 807 712 874; x_wconf 81' lang='grc' dir='ltr'><strong>τῆς</strong></span> <span class='ocrx_word' id='word_1_60' title='bbox 724 807 817 874; x_wconf 79' lang='grc' dir='ltr'>θνητῆς</span> <span class='ocrx_word' id='word_1_61' title='bbox 832 803 984 880; x_wconf 78' lang='grc' dir='ltr'>θμπαθείας.</span> <span class='ocrx_word' id='word_1_62' title='bbox 1033 808 1128 888; x_wconf 67' lang='grc' dir='ltr'>λυγρὰν</span> <span class='ocrx_word' id='word_1_63' title='bbox 1139 809 1191 887; x_wconf 82' lang='grc' dir='ltr'>ίριν</span> <span class='ocrx_word' id='word_1_64' title='bbox 1209 807 1372 889; x_wconf 84' lang='grc' dir='ltr'>περικόπτων</span> <span class='ocrx_word' id='word_1_65' title='bbox 1385 812 1417 886; x_wconf 85' lang='grc' dir='ltr'>τῇ</span> <span class='ocrx_word' id='word_1_66' title='bbox 1432 808 1541 889; x_wconf 74' lang='grc' dir='ltr'>θκουσίιρ</span> <span class='ocrx_word' id='word_1_67' title='bbox 1558 813 1634 889; x_wconf 74' lang='grc' dir='ltr'>φυγῇ</span> <span class='ocrx_word' id='word_1_68' title='bbox 1647 853 1658 884; x_wconf 86' lang='grc'>,</span> <span class='ocrx_word' id='word_1_69' title='bbox 1672 798 1754 870; x_wconf 70' lang='grc' dir='ltr'>οὗτοι</span> <span class='ocrx_word' id='word_1_70' title='bbox 1766 810 1819 882; x_wconf 65' lang='lat' dir='ltr'><strong>zfs‘se</strong></span> 
     </span>
     <span class='ocr_line' id='line_1_7' title="bbox 211 885 1818 976; baseline -0.004 -19"><span class='ocrx_word' id='word_1_71' title='bbox 211 893 263 976; x_wconf 65' lang='grc' dir='ltr'><strong>Διὰ</strong></span> <span class='ocrx_word' id='word_1_72' title='bbox 275 894 302 952; x_wconf 84' lang='grc' dir='ltr'>τί</span> <span class='ocrx_word' id='word_1_73' title='bbox 316 885 359 952; x_wconf 72' lang='grc' dir='ltr'>νύν</span> <span class='ocrx_word' id='word_1_74' title='bbox 369 894 402 950; x_wconf 75' lang='grc' dir='ltr'><strong>οὗ</strong></span> <span class='ocrx_word' id='word_1_75' title='bbox 417 891 541 957; x_wconf 65' lang='grc' dir='ltr'>πάντες</span> <span class='ocrx_word' id='word_1_76' title='bbox 561 888 784 966; x_wconf 60' lang='lat' dir='ltr'><strong>eastimet,</strong></span> <span class='ocrx_word' id='word_1_77' title='bbox 798 890 891 956; x_wconf 66' lang='grc' dir='ltr'>πάντες</span> <span class='ocrx_word' id='word_1_78' title='bbox 905 895 987 968; x_wconf 73' lang='grc' dir='ltr'>ἆφῠρ·</span> <span class='ocrx_word' id='word_1_79' title='bbox 1032 895 1079 966; x_wconf 72' lang='grc' dir='ltr'><strong>τὴν</strong></span> <span class='ocrx_word' id='word_1_80' title='bbox 1094 899 1123 956; x_wconf 75' lang='grc' dir='ltr'>ἐκ</span> <span class='ocrx_word' id='word_1_81' title='bbox 1135 901 1180 954; x_wconf 81' lang='grc' dir='ltr'>τοῦ</span> <span class='ocrx_word' id='word_1_82' title='bbox 1200 900 1257 953; x_wconf 77' lang='grc' dir='ltr'>θεοῦ</span> <span class='ocrx_word' id='word_1_83' title='bbox 1274 895 1438 964; x_wconf 77' lang='grc' dir='ltr'>καθήκουσαν</span> <span class='ocrx_word' id='word_1_84' title='bbox 1455 893 1536 956; x_wconf 78' lang='grc' dir='ltr'>ἀίδιον</span> <span class='ocrx_word' id='word_1_85' title='bbox 1551 896 1692 975; x_wconf 77' lang='grc' dir='ltr'>βοήθειαν</span> <span class='ocrx_word' id='word_1_86' title='bbox 1711 896 1818 970; x_wconf 67' lang='lat' dir='ltr'><strong>immpr-</strong></span> 
     </span>
     <span class='ocr_line' id='line_1_8' title="bbox 212 975 1820 1063; baseline -0.001 -25"><span class='ocrx_word' id='word_1_87' title='bbox 212 975 986 1059; x_wconf 54' lang='lat' dir='ltr'><strong>ptgtpsvmtppdrsoespi&lt;telesinotleleurdvoioie&#39;u</strong></span> <span class='ocrx_word' id='word_1_88' title='bbox 1032 981 1155 1063; x_wconf 74' lang='grc' dir='ltr'>ρόμενος,</span> <span class='ocrx_word' id='word_1_89' title='bbox 1170 981 1313 1063; x_wconf 70' lang='grc' dir='ltr'>ἀναὸοᾷτδ</span> <span class='ocrx_word' id='word_1_90' title='bbox 1327 981 1580 1061; x_wconf 79' lang='grc' dir='ltr'>Ζεῦπιίτερ,τῷ</span> <span class='ocrx_word' id='word_1_91' title='bbox 1603 983 1664 1054; x_wconf 76' lang='grc' dir='ltr'><strong>ἤδη</strong></span> <span class='ocrx_word' id='word_1_92' title='bbox 1689 983 1820 1058; x_wconf 75' lang='grc' dir='ltr'>προειργό-</span> 
     </span>
     <span class='ocr_line' id='line_1_9' title="bbox 211 1059 1818 1148; baseline -0.005 -18"><span class='ocrx_word' id='word_1_93' title='bbox 211 1066 275 1126; x_wconf 72' lang='grc' dir='ltr'>Ὀτι</span> <span class='ocrx_word' id='word_1_94' title='bbox 291 1071 315 1124; x_wconf 77' lang='grc' dir='ltr'><strong>οἱ</strong></span> <span class='ocrx_word' id='word_1_95' title='bbox 329 1068 455 1139; x_wconf 70' lang='grc' dir='ltr'>πλεῖστοι,</span> <span class='ocrx_word' id='word_1_96' title='bbox 472 1068 507 1130; x_wconf 70' lang='grc' dir='ltr'><strong>ὡς</strong></span> <span class='ocrx_word' id='word_1_97' title='bbox 520 1063 598 1143; x_wconf 65' lang='lat' dir='ltr'><strong>ipos,</strong></span> <span class='ocrx_word' id='word_1_98' title='bbox 613 1063 752 1143; x_wconf 65' lang='grc' dir='ltr'>αὖθαίρῑτα</span> <span class='ocrx_word' id='word_1_99' title='bbox 766 1064 868 1141; x_wconf 65' lang='grc' dir='ltr'>πήματ’</span> <span class='ocrx_word' id='word_1_100' title='bbox 885 1059 987 1142; x_wconf 65' lang='grc' dir='ltr'>ίχθθτίς</span> <span class='ocrx_word' id='word_1_101' title='bbox 1035 1073 1095 1126; x_wconf 84' lang='grc' dir='ltr'>σθαι</span> <span class='ocrx_word' id='word_1_102' title='bbox 1108 1067 1141 1127; x_wconf 79' lang='grc' dir='ltr'><strong>εδ</strong></span> <span class='ocrx_word' id='word_1_103' title='bbox 1155 1068 1245 1134; x_wconf 80' lang='grc' dir='ltr'>παιδός</span> <span class='ocrx_word' id='word_1_104' title='bbox 1259 1067 1317 1135; x_wconf 74' lang='grc' dir='ltr'>ἄξια</span> <span class='ocrx_word' id='word_1_105' title='bbox 1328 1067 1370 1124; x_wconf 78' lang='grc' dir='ltr'><strong>τὸν</strong></span> <span class='ocrx_word' id='word_1_106' title='bbox 1385 1067 1442 1126; x_wconf 77' lang='grc' dir='ltr'>θεὸν</span> <span class='ocrx_word' id='word_1_107' title='bbox 1456 1068 1584 1148; x_wconf 77' lang='grc' dir='ltr'>πατέρα</span> <span class='ocrx_word' id='word_1_108' title='bbox 1598 1070 1717 1126; x_wconf 84' lang='grc' dir='ltr'>καλῶν·</span> <span class='ocrx_word' id='word_1_109' title='bbox 1729 1067 1774 1124; x_wconf 77' lang='grc' dir='ltr'><strong>καὶ</strong></span> <span class='ocrx_word' id='word_1_110' title='bbox 1786 1071 1818 1122; x_wconf 78' lang='grc' dir='ltr'>ἐν·</span> 
     </span>
     <span class='ocr_line' id='line_1_10' title="bbox 211 1149 1821 1234; baseline -0.001 -21"><span class='ocrx_word' id='word_1_111' title='bbox 211 1153 324 1232; x_wconf 78' lang='lat' dir='ltr'><strong>eiotv,oi</strong></span> <span class='ocrx_word' id='word_1_112' title='bbox 334 1158 385 1212; x_wconf 90' lang='grc' dir='ltr'><strong>τῶν</strong></span> <span class='ocrx_word' id='word_1_113' title='bbox 396 1156 500 1230; x_wconf 77' lang='grc' dir='ltr'>ἀγαθῶν</span> <span class='ocrx_word' id='word_1_114' title='bbox 512 1151 592 1217; x_wconf 88' lang='grc' dir='ltr'>πίλας</span> <span class='ocrx_word' id='word_1_115' title='bbox 603 1151 684 1210; x_wconf 78' lang='grc' dir='ltr'>ὄντων</span> <span class='ocrx_word' id='word_1_116' title='bbox 699 1149 753 1209; x_wconf 79' lang='grc' dir='ltr'>οὔτ’</span> <span class='ocrx_word' id='word_1_117' title='bbox 770 1155 912 1232; x_wconf 77' lang='grc' dir='ltr'>ίσορῶσιν,</span> <span class='ocrx_word' id='word_1_118' title='bbox 930 1150 986 1210; x_wconf 82' lang='grc' dir='ltr'>οὔτε</span> <span class='ocrx_word' id='word_1_119' title='bbox 1031 1161 1098 1225; x_wconf 86' lang='grc' dir='ltr'>νοεῖ,</span> <span class='ocrx_word' id='word_1_120' title='bbox 1120 1153 1149 1212; x_wconf 80' lang='grc' dir='ltr'>τό</span> <span class='ocrx_word' id='word_1_121' title='bbox 1172 1155 1212 1234; x_wconf 81' lang='grc' dir='ltr'><strong>ἐρ’</strong></span> <span class='ocrx_word' id='word_1_122' title='bbox 1236 1157 1328 1212; x_wconf 80' lang='grc' dir='ltr'>ἑαυτοῦ</span> <span class='ocrx_word' id='word_1_123' title='bbox 1354 1152 1497 1228; x_wconf 76' lang='grc' dir='ltr'>συμύαῖνον</span> <span class='ocrx_word' id='word_1_124' title='bbox 1524 1159 1560 1221; x_wconf 83' lang='grc' dir='ltr'><strong>ὡς</strong></span> <span class='ocrx_word' id='word_1_125' title='bbox 1589 1159 1613 1214; x_wconf 80' lang='grc' dir='ltr'><strong>εί</strong></span> <span class='ocrx_word' id='word_1_126' title='bbox 1646 1153 1759 1230; x_wconf 80' lang='grc' dir='ltr'>γένοιτο</span> <span class='ocrx_word' id='word_1_127' title='bbox 1783 1155 1821 1212; x_wconf 80' lang='grc' dir='ltr'>ἐπὶ</span> 
     </span>
     <span class='ocr_line' id='line_1_11' title="bbox 212 1233 1822 1320; baseline -0.001 -21"><span class='ocrx_word' id='word_1_128' title='bbox 212 1241 342 1301; x_wconf 90' lang='grc' dir='ltr'>κλύουσιν.</span> <span class='ocrx_word' id='word_1_129' title='bbox 384 1240 487 1316; x_wconf 86' lang='grc' dir='ltr'>Ὀλίγυι</span> <span class='ocrx_word' id='word_1_130' title='bbox 507 1236 534 1295; x_wconf 83' lang='grc' dir='ltr'><strong>δι’</strong></span> <span class='ocrx_word' id='word_1_131' title='bbox 550 1240 612 1295; x_wconf 80' lang='grc' dir='ltr'>εἰσιν</span> <span class='ocrx_word' id='word_1_132' title='bbox 625 1239 649 1294; x_wconf 81' lang='grc' dir='ltr'><strong>οἱ</strong></span> <span class='ocrx_word' id='word_1_133' title='bbox 671 1238 716 1309; x_wconf 69' lang='lat' dir='ltr'><strong>rhu</strong></span> <span class='ocrx_word' id='word_1_134' title='bbox 729 1241 781 1296; x_wconf 85' lang='grc' dir='ltr'><strong>τῶν</strong></span> <span class='ocrx_word' id='word_1_135' title='bbox 805 1242 897 1296; x_wconf 86' lang='grc' dir='ltr'>κακῶν</span> <span class='ocrx_word' id='word_1_136' title='bbox 913 1235 986 1296; x_wconf 85' lang='grc' dir='ltr'>λύσιν</span> <span class='ocrx_word' id='word_1_137' title='bbox 1030 1233 1174 1314; x_wconf 74' lang='grc' dir='ltr'>πόντων,</span> <span class='ocrx_word' id='word_1_138' title='bbox 1199 1239 1322 1306; x_wconf 78' lang='grc' dir='ltr'>πάντες</span> <span class='ocrx_word' id='word_1_139' title='bbox 1346 1241 1440 1316; x_wconf 81' lang='grc' dir='ltr'>δμοίως</span> <span class='ocrx_word' id='word_1_140' title='bbox 1461 1239 1491 1300; x_wconf 75' lang='grc' dir='ltr'>δν</span> <span class='ocrx_word' id='word_1_141' title='bbox 1518 1243 1592 1320; x_wconf 79' lang='grc' dir='ltr'>αύτῷ</span> <span class='ocrx_word' id='word_1_142' title='bbox 1616 1243 1743 1300; x_wconf 82' lang='grc' dir='ltr'>κακῶν</span> <span class='ocrx_word' id='word_1_143' title='bbox 1768 1243 1822 1297; x_wconf 80' lang='grc' dir='ltr'>σ’ττ</span> 
     </span>
     <span class='ocr_line' id='line_1_12' title="bbox 213 1317 1820 1406; baseline -0.001 -20"><span class='ocrx_word' id='word_1_144' title='bbox 213 1322 987 1403; x_wconf 78' lang='grc' dir='ltr'>συνιέντεςίκτοῒιγνῶναιοίῳτῷδαίμονιχρῶνται·</span> <span class='ocrx_word' id='word_1_145' title='bbox 1031 1328 1167 1386; x_wconf 85' lang='grc' dir='ltr'>λυθεῖεν.</span> <span class='ocrx_word' id='word_1_146' title='bbox 1209 1317 1820 1406; x_wconf 72' lang='grc' dir='ltr'>Εἶθέύρῶντοῦτομλπροόαῑνον,ούδεδτθν</span> 
     </span>
     <span class='ocr_line' id='line_1_13' title="bbox 213 1405 1820 1494; baseline -0.001 -22"><span class='ocrx_word' id='word_1_147' title='bbox 213 1405 284 1474; x_wconf 67' lang='grc' dir='ltr'>οὗτοι·</span> <span class='ocrx_word' id='word_1_148' title='bbox 297 1413 324 1471; x_wconf 93' lang='grc' dir='ltr'><strong>δί</strong></span> <span class='ocrx_word' id='word_1_149' title='bbox 336 1417 399 1472; x_wconf 81' lang='grc' dir='ltr'>εἰσιν</span> <span class='ocrx_word' id='word_1_150' title='bbox 413 1417 437 1472; x_wconf 87' lang='lat' dir='ltr'><strong>oi</strong></span> <span class='ocrx_word' id='word_1_151' title='bbox 451 1411 586 1494; x_wconf 79' lang='grc' dir='ltr'>ριλοσορίορ</span> <span class='ocrx_word' id='word_1_152' title='bbox 600 1409 783 1488; x_wconf 83' lang='grc' dir='ltr'>καθαιρόμενοι</span> <span class='ocrx_word' id='word_1_153' title='bbox 794 1413 846 1470; x_wconf 86' lang='grc' dir='ltr'><strong>τῶν</strong></span> <span class='ocrx_word' id='word_1_154' title='bbox 861 1414 906 1480; x_wconf 78' lang='grc' dir='ltr'><strong>τῆς</strong></span> <span class='ocrx_word' id='word_1_155' title='bbox 922 1410 987 1466; x_wconf 83' lang='grc' dir='ltr'>δλο·</span> <span class='ocrx_word' id='word_1_156' title='bbox 1032 1414 1104 1484; x_wconf 85' lang='grc' dir='ltr'>θεόν,</span> <span class='ocrx_word' id='word_1_157' title='bbox 1114 1411 1182 1471; x_wconf 73' lang='lat' dir='ltr'><strong>llil</strong></span> <span class='ocrx_word' id='word_1_158' title='bbox 1196 1412 1237 1470; x_wconf 85' lang='grc' dir='ltr'>διδι</span> <span class='ocrx_word' id='word_1_159' title='bbox 1248 1411 1308 1481; x_wconf 79' lang='grc' dir='ltr'>τούς</span> <span class='ocrx_word' id='word_1_160' title='bbox 1322 1412 1457 1482; x_wconf 79' lang='grc' dir='ltr'>πλείστους</span> <span class='ocrx_word' id='word_1_161' title='bbox 1468 1413 1610 1494; x_wconf 76' lang='grc' dir='ltr'>αὐθαίρετα</span> <span class='ocrx_word' id='word_1_162' title='bbox 1622 1415 1742 1490; x_wconf 73' lang='grc' dir='ltr'>πήματ’</span> <span class='ocrx_word' id='word_1_163' title='bbox 1755 1414 1820 1491; x_wconf 75' lang='grc' dir='ltr'>ἔχοι·</span> 
     </span>
     <span class='ocr_line' id='line_1_14' title="bbox 213 1496 1821 1578; baseline -0.002 -20"><span class='ocrx_word' id='word_1_164' title='bbox 213 1499 272 1577; x_wconf 87' lang='grc' dir='ltr'>γίας</span> <span class='ocrx_word' id='word_1_165' title='bbox 282 1501 388 1569; x_wconf 72' lang='grc' dir='ltr'>παθῶν,</span> <span class='ocrx_word' id='word_1_166' title='bbox 402 1500 446 1557; x_wconf 81' lang='grc' dir='ltr'><strong>καὶ</strong></span> <span class='ocrx_word' id='word_1_167' title='bbox 457 1501 546 1557; x_wconf 82' lang='grc' dir='ltr'>ἐκτῶν</span> <span class='ocrx_word' id='word_1_168' title='bbox 560 1499 622 1577; x_wconf 85' lang='grc' dir='ltr'>τῇδε</span> <span class='ocrx_word' id='word_1_169' title='bbox 634 1497 733 1565; x_wconf 85' lang='grc' dir='ltr'>τόπων,</span> <span class='ocrx_word' id='word_1_170' title='bbox 746 1496 838 1574; x_wconf 84' lang='grc' dir='ltr'>ῶσπερ</span> <span class='ocrx_word' id='word_1_171' title='bbox 849 1500 878 1555; x_wconf 76' lang='lat' dir='ltr'><strong>ts</strong></span> <span class='ocrx_word' id='word_1_172' title='bbox 887 1499 987 1571; x_wconf 89' lang='grc' dir='ltr'>δεσμω-</span> <span class='ocrx_word' id='word_1_173' title='bbox 1032 1519 1086 1569; x_wconf 89' lang='grc' dir='ltr'>τας,</span> <span class='ocrx_word' id='word_1_174' title='bbox 1099 1498 1169 1575; x_wconf 81' lang='grc' dir='ltr'>λέγει</span> <span class='ocrx_word' id='word_1_175' title='bbox 1180 1497 1356 1577; x_wconf 74' lang='grc' dir='ltr'>πρδςὲαυτόν,</span> <span class='ocrx_word' id='word_1_176' title='bbox 1367 1499 1450 1558; x_wconf 71' lang='grc' dir='ltr'>ἀλλὰ</span> <span class='ocrx_word' id='word_1_177' title='bbox 1464 1499 1502 1558; x_wconf 84' lang='grc' dir='ltr'>σύ</span> <span class='ocrx_word' id='word_1_178' title='bbox 1515 1501 1552 1559; x_wconf 87' lang='grc' dir='ltr'><strong>θεί</strong></span> <span class='ocrx_word' id='word_1_179' title='bbox 1565 1523 1640 1578; x_wconf 87' lang='grc' dir='ltr'>ρσει</span> <span class='ocrx_word' id='word_1_180' title='bbox 1655 1503 1698 1566; x_wconf 78' lang='grc' dir='ltr'><strong>ὡς</strong></span> <span class='ocrx_word' id='word_1_181' title='bbox 1710 1499 1760 1568; x_wconf 69' lang='grc' dir='ltr'><strong>τὴν</strong></span> <span class='ocrx_word' id='word_1_182' title='bbox 1770 1501 1821 1556; x_wconf 67' lang='lat' dir='ltr'><strong>iii-v</strong></span> 
     </span>
     <span class='ocr_line' id='line_1_15' title="bbox 214 1574 1823 1663; baseline 0.001 -21"><span class='ocrx_word' id='word_1_183' title='bbox 214 1585 324 1663; x_wconf 71' lang='lat' dir='ltr'><strong>copiose,</strong></span> <span class='ocrx_word' id='word_1_184' title='bbox 348 1584 563 1662; x_wconf 80' lang='grc' dir='ltr'>θλευθιρούμενοι.</span> <span class='ocrx_word' id='word_1_185' title='bbox 619 1587 681 1650; x_wconf 89' lang='grc' dir='ltr'><strong>Πῶς</strong></span> <span class='ocrx_word' id='word_1_186' title='bbox 702 1574 746 1641; x_wconf 76' lang='grc' dir='ltr'>οὖν</span> <span class='ocrx_word' id='word_1_187' title='bbox 770 1606 834 1661; x_wconf 88' lang='grc' dir='ltr'>ρησι</span> <span class='ocrx_word' id='word_1_188' title='bbox 856 1583 918 1662; x_wconf 81' lang='grc' dir='ltr'>πρὸς</span> <span class='ocrx_word' id='word_1_189' title='bbox 942 1581 986 1640; x_wconf 79' lang='grc' dir='ltr'><strong>τὸν</strong></span> <span class='ocrx_word' id='word_1_190' title='bbox 1034 1583 1175 1662; x_wconf 70' lang='grc' dir='ltr'>ἐξευρηκὼς</span> <span class='ocrx_word' id='word_1_191' title='bbox 1197 1589 1244 1654; x_wconf 78' lang='grc' dir='ltr'><strong>τῆς</strong></span> <span class='ocrx_word' id='word_1_192' title='bbox 1273 1584 1463 1652; x_wconf 77' lang='grc' dir='ltr'>ἀπολύσεως</span> <span class='ocrx_word' id='word_1_193' title='bbox 1484 1589 1546 1644; x_wconf 89' lang='grc' dir='ltr'><strong>τῶν</strong></span> <span class='ocrx_word' id='word_1_194' title='bbox 1571 1591 1712 1646; x_wconf 81' lang='grc' dir='ltr'>κακῶν.</span> <span class='ocrx_word' id='word_1_195' title='bbox 1757 1586 1823 1654; x_wconf 63' lang='lat' dir='ltr'><strong>hirs</strong></span> 
     </span>
     <span class='ocr_line' id='line_1_16' title="bbox 214 1663 1823 1753; baseline -0.001 -23"><span class='ocrx_word' id='word_1_196' title='bbox 214 1669 294 1744; x_wconf 75' lang='grc' dir='ltr'>Δίας</span> <span class='ocrx_word' id='word_1_197' title='bbox 307 1665 458 1742; x_wconf 65' lang='grc' dir='ltr'><strong>Ινῖπολλῶν</strong></span> <span class='ocrx_word' id='word_1_198' title='bbox 471 1692 507 1728; x_wconf 91' lang='grc' dir='ltr'><strong>κε</strong></span> <span class='ocrx_word' id='word_1_199' title='bbox 521 1673 630 1728; x_wconf 87' lang='grc' dir='ltr'>κακῶν</span> <span class='ocrx_word' id='word_1_200' title='bbox 643 1670 777 1735; x_wconf 89' lang='grc' dir='ltr'>λύσειας</span> <span class='ocrx_word' id='word_1_201' title='bbox 792 1667 945 1738; x_wconf 69' lang='grc' dir='ltr'>ἅπαντας,</span> <span class='ocrx_word' id='word_1_202' title='bbox 959 1671 988 1726; x_wconf 81' lang='grc' dir='ltr'><strong>εί</strong></span> <span class='ocrx_word' id='word_1_203' title='bbox 1034 1663 1104 1742; x_wconf 74' lang='grc' dir='ltr'>δὲῆν</span> <span class='ocrx_word' id='word_1_204' title='bbox 1121 1671 1190 1743; x_wconf 85' lang='grc' dir='ltr'>ήδιδι</span> <span class='ocrx_word' id='word_1_205' title='bbox 1207 1677 1253 1742; x_wconf 74' lang='grc' dir='ltr'><strong>τῆς</strong></span> <span class='ocrx_word' id='word_1_206' title='bbox 1266 1675 1363 1750; x_wconf 69' lang='grc' dir='ltr'>ἱερᾶς</span> <span class='ocrx_word' id='word_1_207' title='bbox 1381 1672 1531 1751; x_wconf 86' lang='grc' dir='ltr'>ριλοσορίας</span> <span class='ocrx_word' id='word_1_208' title='bbox 1545 1671 1704 1753; x_wconf 71' lang='grc' dir='ltr'>ἐπιστροφὴ</span> <span class='ocrx_word' id='word_1_209' title='bbox 1719 1671 1823 1748; x_wconf 65' lang='lat' dir='ltr'><strong>arpini</strong></span> 
     </span>
     <span class='ocr_line' id='line_1_17' title="bbox 213 1745 1821 1838; baseline -0.001 -24"><span class='ocrx_word' id='word_1_210' title='bbox 213 1766 320 1816; x_wconf 72' lang='grc' dir='ltr'>πᾶσιν</span> <span class='ocrx_word' id='word_1_211' title='bbox 335 1757 508 1835; x_wconf 78' lang='grc' dir='ltr'>δείξαςοίῳ</span> <span class='ocrx_word' id='word_1_212' title='bbox 530 1760 572 1834; x_wconf 83' lang='grc' dir='ltr'>τῷ</span> <span class='ocrx_word' id='word_1_213' title='bbox 587 1750 905 1834; x_wconf 72' lang='grc' dir='ltr'>δαίμονίχρῶνταις</span> <span class='ocrx_word' id='word_1_214' title='bbox 921 1745 987 1836; x_wconf 68' lang='lat' dir='ltr'><strong>ltps</strong></span> <span class='ocrx_word' id='word_1_215' title='bbox 1034 1755 1244 1835; x_wconf 84' lang='grc' dir='ltr'>δεικνύμενα</span> <span class='ocrx_word' id='word_1_216' title='bbox 1263 1758 1313 1817; x_wconf 77' lang='grc' dir='ltr'>ὑπὸ</span> <span class='ocrx_word' id='word_1_217' title='bbox 1328 1763 1372 1815; x_wconf 76' lang='grc' dir='ltr'>τοῦ</span> <span class='ocrx_word' id='word_1_218' title='bbox 1393 1759 1534 1832; x_wconf 83' lang='grc' dir='ltr'>θεοῦ,θοὶ</span> <span class='ocrx_word' id='word_1_219' title='bbox 1548 1758 1648 1818; x_wconf 78' lang='grc' dir='ltr'>πολλοὶ</span> <span class='ocrx_word' id='word_1_220' title='bbox 1661 1759 1821 1838; x_wconf 77' lang='grc' dir='ltr'>οὗχὸρῶσι,</span> 
     </span>
     <span class='ocr_line' id='line_1_18' title="bbox 214 1841 1823 1924; baseline -0.001 -23"><span class='ocrx_word' id='word_1_221' title='bbox 214 1845 250 1910; x_wconf 75' lang='grc' dir='ltr'><strong>ὥς</strong></span> <span class='ocrx_word' id='word_1_222' title='bbox 263 1845 303 1903; x_wconf 80' lang='grc' dir='ltr'>ίπ’</span> <span class='ocrx_word' id='word_1_223' title='bbox 315 1843 403 1922; x_wconf 73' lang='grc' dir='ltr'>ἐκείνῳ</span> <span class='ocrx_word' id='word_1_224' title='bbox 416 1843 443 1903; x_wconf 81' lang='grc' dir='ltr'>δν</span> <span class='ocrx_word' id='word_1_225' title='bbox 455 1843 500 1901; x_wconf 82' lang='grc' dir='ltr'><strong>καλ</strong></span> <span class='ocrx_word' id='word_1_226' title='bbox 510 1842 619 1908; x_wconf 72' lang='grc' dir='ltr'>ἄκοντας</span> <span class='ocrx_word' id='word_1_227' title='bbox 628 1843 781 1922; x_wconf 66' lang='grc' dir='ltr'>ἐπιστρέψαι</span> <span class='ocrx_word' id='word_1_228' title='bbox 792 1841 909 1920; x_wconf 77' lang='grc' dir='ltr'>πρδςπλν</span> <span class='ocrx_word' id='word_1_229' title='bbox 924 1841 986 1911; x_wconf 77' lang='lat' dir='ltr'><strong>diri-</strong></span> <span class='ocrx_word' id='word_1_230' title='bbox 1034 1844 1076 1902; x_wconf 83' lang='grc' dir='ltr'>δεδι</span> <span class='ocrx_word' id='word_1_231' title='bbox 1097 1845 1126 1902; x_wconf 83' lang='grc' dir='ltr'>τὸ</span> <span class='ocrx_word' id='word_1_232' title='bbox 1153 1843 1190 1922; x_wconf 80' lang='grc' dir='ltr'><strong>μὴ</strong></span> <span class='ocrx_word' id='word_1_233' title='bbox 1212 1847 1291 1924; x_wconf 82' lang='grc' dir='ltr'>ὀρθῶς</span> <span class='ocrx_word' id='word_1_234' title='bbox 1305 1851 1419 1924; x_wconf 78' lang='grc' dir='ltr'>χρῆσθαι</span> <span class='ocrx_word' id='word_1_235' title='bbox 1442 1853 1498 1910; x_wconf 86' lang='grc' dir='ltr'>ταῖς</span> <span class='ocrx_word' id='word_1_236' title='bbox 1521 1849 1624 1910; x_wconf 87' lang='grc' dir='ltr'>κοιναῖς</span> <span class='ocrx_word' id='word_1_237' title='bbox 1646 1845 1783 1914; x_wconf 75' lang='grc' dir='ltr'>ἐννοίαις,</span> <span class='ocrx_word' id='word_1_238' title='bbox 1799 1847 1823 1909; x_wconf 66' lang='lat' dir='ltr'><strong>ie</strong></span> 
     </span>
     <span class='ocr_line' id='line_1_19' title="bbox 214 1927 1822 2011; baseline 0 -23"><span class='ocrx_word' id='word_1_239' title='bbox 214 1935 285 1989; x_wconf 90' lang='grc' dir='ltr'>θειαν</span> <span class='ocrx_word' id='word_1_240' title='bbox 308 1930 476 2006; x_wconf 68' lang='grc' dir='ltr'>ἅπαντας,</span> <span class='ocrx_word' id='word_1_241' title='bbox 492 1930 601 2008; x_wconf 78' lang='grc' dir='ltr'>σἰμελιίρ</span> <span class='ocrx_word' id='word_1_242' title='bbox 625 1927 652 1986; x_wconf 76' lang='grc' dir='ltr'><strong>δύ</strong></span> <span class='ocrx_word' id='word_1_243' title='bbox 674 1927 691 1998; x_wconf 78' lang='grc' dir='ltr'><strong>ἢ</strong></span> <span class='ocrx_word' id='word_1_244' title='bbox 716 1928 929 2006; x_wconf 78' lang='grc' dir='ltr'>ίπιύουλῇτοῶτο</span> <span class='ocrx_word' id='word_1_245' title='bbox 950 1927 987 2003; x_wconf 79' lang='grc' dir='ltr'><strong>μὴ</strong></span> <span class='ocrx_word' id='word_1_246' title='bbox 1034 1931 1248 2011; x_wconf 86' lang='grc' dir='ltr'>προσίρυσιν</span> <span class='ocrx_word' id='word_1_247' title='bbox 1274 1933 1287 1988; x_wconf 88' lang='grc' dir='ltr'>θ</span> <span class='ocrx_word' id='word_1_248' title='bbox 1310 1931 1463 2010; x_wconf 79' lang='grc' dir='ltr'>δημιουργὸς</span> <span class='ocrx_word' id='word_1_249' title='bbox 1488 1933 1527 2011; x_wconf 79' lang='grc' dir='ltr'>τῷ</span> <span class='ocrx_word' id='word_1_250' title='bbox 1541 1934 1646 2010; x_wconf 78' lang='grc' dir='ltr'>λογικῷ</span> <span class='ocrx_word' id='word_1_251' title='bbox 1671 1931 1822 2010; x_wconf 76' lang='grc' dir='ltr'>γε’νειπρός</span> 
     </span>
     <span class='ocr_line' id='line_1_20' title="bbox 213 2009 1821 2094; baseline -0.006 -12"><span class='ocrx_word' id='word_1_252' title='bbox 213 2023 358 2086; x_wconf 69' lang='grc' dir='ltr'>πῠῑθῧθτῡςι</span> <span class='ocrx_word' id='word_1_253' title='bbox 375 2015 407 2073; x_wconf 66' lang='grc' dir='ltr'><strong>ἵν’</strong></span> <span class='ocrx_word' id='word_1_254' title='bbox 429 2020 455 2075; x_wconf 65' lang='lat' dir='ltr'><strong>it</strong></span> <span class='ocrx_word' id='word_1_255' title='bbox 474 2023 526 2081; x_wconf 67' lang='lat' dir='ltr'><strong>&#39;wit</strong></span> <span class='ocrx_word' id='word_1_256' title='bbox 541 2017 644 2092; x_wconf 66' lang='grc' dir='ltr'>δεσμοῖς</span> <span class='ocrx_word' id='word_1_257' title='bbox 668 2012 836 2091; x_wconf 69' lang='grc' dir='ltr'>κατίχοινῖος</span> <span class='ocrx_word' id='word_1_258' title='bbox 852 2012 889 2073; x_wconf 83' lang='grc' dir='ltr'><em>Ἢ</em></span> <span class='ocrx_word' id='word_1_259' title='bbox 905 2017 988 2071; x_wconf 79' lang='grc' dir='ltr'>ταῦτα</span> <span class='ocrx_word' id='word_1_260' title='bbox 1035 2016 1171 2094; x_wconf 71' lang='grc' dir='ltr'>ἐπίγνωσιν</span> <span class='ocrx_word' id='word_1_261' title='bbox 1186 2021 1290 2077; x_wconf 76' lang='grc' dir='ltr'>ἑαυτοῦ.</span> <span class='ocrx_word' id='word_1_262' title='bbox 1332 2018 1409 2078; x_wconf 77' lang='grc' dir='ltr'>Ἐπεὶ</span> <span class='ocrx_word' id='word_1_263' title='bbox 1422 2009 1466 2077; x_wconf 72' lang='lat' dir='ltr'><strong>eis</strong></span> <span class='ocrx_word' id='word_1_264' title='bbox 1478 2019 1512 2077; x_wconf 83' lang='grc' dir='ltr'>τὸ</span> <span class='ocrx_word' id='word_1_265' title='bbox 1526 2023 1562 2077; x_wconf 87' lang='grc' dir='ltr'><strong>δε</strong></span> <span class='ocrx_word' id='word_1_266' title='bbox 1575 2019 1606 2086; x_wconf 63' lang='lat' dir='ltr'><strong>ii</strong></span> <span class='ocrx_word' id='word_1_267' title='bbox 1617 2017 1654 2077; x_wconf 89' lang='grc' dir='ltr'><strong>αί</strong></span> <span class='ocrx_word' id='word_1_268' title='bbox 1667 2042 1726 2076; x_wconf 86' lang='grc' dir='ltr'>τινι</span> <span class='ocrx_word' id='word_1_269' title='bbox 1741 2023 1821 2076; x_wconf 68' lang='grc' dir='ltr'>ὁτιοῦν</span> 
     </span>
     <span class='ocr_line' id='line_1_21' title="bbox 215 2099 1817 2186; baseline 0 -26"><span class='ocrx_word' id='word_1_270' title='bbox 215 2103 262 2179; x_wconf 72' lang='grc' dir='ltr'>μὲν</span> <span class='ocrx_word' id='word_1_271' title='bbox 282 2105 334 2162; x_wconf 75' lang='grc' dir='ltr'>οὐδ’</span> <span class='ocrx_word' id='word_1_272' title='bbox 350 2103 419 2160; x_wconf 77' lang='grc' dir='ltr'>ὅσιον</span> <span class='ocrx_word' id='word_1_273' title='bbox 443 2103 563 2161; x_wconf 72' lang='grc' dir='ltr'>ἐπινοεῖν.</span> <span class='ocrx_word' id='word_1_274' title='bbox 629 2103 722 2161; x_wconf 87' lang='grc' dir='ltr'>Εκεινο</span> <span class='ocrx_word' id='word_1_275' title='bbox 734 2101 760 2157; x_wconf 92' lang='grc' dir='ltr'><strong>δε</strong></span> <span class='ocrx_word' id='word_1_276' title='bbox 775 2102 873 2177; x_wconf 70' lang='grc' dir='ltr'>μᾶλλον</span> <span class='ocrx_word' id='word_1_277' title='bbox 886 2103 899 2157; x_wconf 91' lang='grc' dir='ltr'>θ</span> <span class='ocrx_word' id='word_1_278' title='bbox 911 2099 986 2174; x_wconf 88' lang='grc' dir='ltr'>λόγος</span> <span class='ocrx_word' id='word_1_279' title='bbox 1037 2101 1082 2160; x_wconf 89' lang='grc' dir='ltr'><strong>δύο</strong></span> <span class='ocrx_word' id='word_1_280' title='bbox 1090 2101 1237 2186; x_wconf 82' lang='grc' dir='ltr'>προσώπων</span> <span class='ocrx_word' id='word_1_281' title='bbox 1252 2101 1379 2186; x_wconf 71' lang='grc' dir='ltr'>ἐνεργείας</span> <span class='ocrx_word' id='word_1_282' title='bbox 1391 2104 1527 2170; x_wconf 83' lang='grc' dir='ltr'>είςταύτδν</span> <span class='ocrx_word' id='word_1_283' title='bbox 1547 2104 1761 2183; x_wconf 81' lang='grc' dir='ltr'>συνδραμούσας</span> <span class='ocrx_word' id='word_1_284' title='bbox 1776 2107 1817 2179; x_wconf 77' lang='grc' dir='ltr'><strong>ἔρ·</strong></span> 
     </span>
     <span class='ocr_line' id='line_1_22' title="bbox 214 2186 1819 2270; baseline 0 -22"><span class='ocrx_word' id='word_1_285' title='bbox 214 2189 402 2262; x_wconf 83' lang='grc' dir='ltr'>ίπιδείκνυται,</span> <span class='ocrx_word' id='word_1_286' title='bbox 425 2187 465 2246; x_wconf 82' lang='grc' dir='ltr'><strong>ότι</strong></span> <span class='ocrx_word' id='word_1_287' title='bbox 489 2187 534 2247; x_wconf 69' lang='lat' dir='ltr'><strong>tel</strong></span> <span class='ocrx_word' id='word_1_288' title='bbox 554 2187 596 2247; x_wconf 90' lang='grc' dir='ltr'><strong>τδν</strong></span> <span class='ocrx_word' id='word_1_289' title='bbox 617 2187 691 2260; x_wconf 91' lang='grc' dir='ltr'>θεόν,</span> <span class='ocrx_word' id='word_1_290' title='bbox 710 2191 745 2255; x_wconf 79' lang='grc' dir='ltr'><strong>ὡς</strong></span> <span class='ocrx_word' id='word_1_291' title='bbox 763 2187 826 2266; x_wconf 82' lang='grc' dir='ltr'>πρὸς</span> <span class='ocrx_word' id='word_1_292' title='bbox 845 2188 989 2267; x_wconf 81' lang='grc' dir='ltr'>πατέρα,</span> <span class='ocrx_word' id='word_1_293' title='bbox 1038 2186 1132 2266; x_wconf 81' lang='grc' dir='ltr'>φαίνει·</span> <span class='ocrx_word' id='word_1_294' title='bbox 1153 2189 1222 2268; x_wconf 68' lang='grc' dir='ltr'>(πῶς</span> <span class='ocrx_word' id='word_1_295' title='bbox 1236 2189 1285 2269; x_wconf 78' lang='grc' dir='ltr'><strong>γδρ</strong></span> <span class='ocrx_word' id='word_1_296' title='bbox 1304 2190 1334 2248; x_wconf 78' lang='grc' dir='ltr'>ἃν</span> <span class='ocrx_word' id='word_1_297' title='bbox 1355 2189 1484 2258; x_wconf 74' lang='grc' dir='ltr'>δείξαις</span> <span class='ocrx_word' id='word_1_298' title='bbox 1500 2193 1608 2270; x_wconf 77' lang='grc' dir='ltr'>τυρλῷ,</span> <span class='ocrx_word' id='word_1_299' title='bbox 1628 2191 1682 2249; x_wconf 77' lang='grc' dir='ltr'>κᾶν</span> <span class='ocrx_word' id='word_1_300' title='bbox 1700 2191 1819 2269; x_wconf 77' lang='grc' dir='ltr'>μυριάκις</span> 
     </span>
    </p>
   </div>
   <div class='ocr_carea' id='block_1_3' title="bbox 215 2406 1818 3696">
    <p class='ocr_par' dir='ltr' id='par_1_3' title="bbox 215 2406 1818 3696">
     <span class='ocr_line' id='line_1_23' title="bbox 216 2406 1818 2484; baseline -0.001 -18"><span class='ocrx_word' id='word_1_301' title='bbox 216 2409 330 2466; x_wconf 75' lang='lat' dir='ltr'>mortali</span> <span class='ocrx_word' id='word_1_302' title='bbox 344 2419 452 2464; x_wconf 83' lang='lat' dir='ltr'><strong>natrrrse</strong></span> <span class='ocrx_word' id='word_1_303' title='bbox 464 2406 582 2464; x_wconf 81' lang='lat' dir='ltr'><strong>firmiter</strong></span> <span class='ocrx_word' id='word_1_304' title='bbox 600 2407 759 2478; x_wconf 73' lang='lat' dir='ltr'>adhaerent,</span> <span class='ocrx_word' id='word_1_305' title='bbox 775 2409 918 2464; x_wconf 78' lang='lat' dir='ltr'><strong>liberatum</strong></span> <span class='ocrx_word' id='word_1_306' title='bbox 933 2412 981 2475; x_wconf 79' lang='lat' dir='ltr'><strong>iri,</strong></span> <span class='ocrx_word' id='word_1_307' title='bbox 1033 2407 1222 2481; x_wconf 83' lang='lat' dir='ltr'><strong>etlampater.</strong></span> <span class='ocrx_word' id='word_1_308' title='bbox 1234 2407 1290 2476; x_wconf 88' lang='lat' dir='ltr'><strong>Qui</strong></span> <span class='ocrx_word' id='word_1_309' title='bbox 1303 2427 1372 2482; x_wconf 81' lang='lat' dir='ltr'><strong>ergo</strong></span> <span class='ocrx_word' id='word_1_310' title='bbox 1384 2428 1399 2465; x_wconf 87' lang='lat' dir='ltr'><strong>e</strong></span> <span class='ocrx_word' id='word_1_311' title='bbox 1412 2407 1538 2466; x_wconf 86' lang='lat' dir='ltr'><strong>malisse</strong></span> <span class='ocrx_word' id='word_1_312' title='bbox 1551 2407 1703 2484; x_wconf 82' lang='lat' dir='ltr'><strong>expedire</strong></span> <span class='ocrx_word' id='word_1_313' title='bbox 1722 2409 1777 2466; x_wconf 86' lang='lat' dir='ltr'><strong>scit</strong></span> <span class='ocrx_word' id='word_1_314' title='bbox 1794 2420 1818 2464; x_wconf 88' lang='lat' dir='ltr'><strong>et</strong></span> 
     </span>
     <span class='ocr_line' id='line_1_24' title="bbox 216 2491 1815 2570; baseline 0 -20"><span class='ocrx_word' id='word_1_315' title='bbox 216 2496 449 2570; x_wconf 82' lang='lat' dir='ltr'><strong>quandoquidem</strong></span> <span class='ocrx_word' id='word_1_316' title='bbox 470 2496 522 2550; x_wconf 90' lang='lat' dir='ltr'><strong>soli</strong></span> <span class='ocrx_word' id='word_1_317' title='bbox 538 2496 621 2550; x_wconf 86' lang='lat' dir='ltr'><strong>etiam</strong></span> <span class='ocrx_word' id='word_1_318' title='bbox 637 2493 675 2550; x_wconf 89' lang='lat' dir='ltr'><strong>ad</strong></span> <span class='ocrx_word' id='word_1_319' title='bbox 690 2513 790 2551; x_wconf 86' lang='lat' dir='ltr'><strong>eorum</strong></span> <span class='ocrx_word' id='word_1_320' title='bbox 816 2495 988 2568; x_wconf 88' lang='lat' dir='ltr'><strong>contempla·</strong></span> <span class='ocrx_word' id='word_1_321' title='bbox 1032 2491 1144 2550; x_wconf 86' lang='lat' dir='ltr'><strong>damnis</strong></span> <span class='ocrx_word' id='word_1_322' title='bbox 1158 2493 1235 2550; x_wconf 79' lang='lat' dir='ltr'><strong>ultro</strong></span> <span class='ocrx_word' id='word_1_323' title='bbox 1249 2495 1393 2551; x_wconf 78' lang='lat' dir='ltr'><strong>arcessitis</strong></span> <span class='ocrx_word' id='word_1_324' title='bbox 1404 2493 1554 2567; x_wconf 89' lang='lat' dir='ltr'><strong>liberatur,</strong></span> <span class='ocrx_word' id='word_1_325' title='bbox 1569 2507 1601 2551; x_wconf 88' lang='lat' dir='ltr'><strong>ct</strong></span> <span class='ocrx_word' id='word_1_326' title='bbox 1615 2513 1743 2568; x_wconf 80' lang='lat' dir='ltr'><strong>gravem</strong></span> <span class='ocrx_word' id='word_1_327' title='bbox 1754 2513 1815 2550; x_wconf 86' lang='lat' dir='ltr'><strong>con·</strong></span> 
     </span>
     <span class='ocr_line' id='line_1_25' title="bbox 216 2579 1812 2658; baseline 0.001 -23"><span class='ocrx_word' id='word_1_328' title='bbox 216 2585 337 2650; x_wconf 89' lang='lat' dir='ltr'><strong>tionem,</strong></span> <span class='ocrx_word' id='word_1_329' title='bbox 354 2601 416 2654; x_wconf 83' lang='lat' dir='ltr'><strong>quae</strong></span> <span class='ocrx_word' id='word_1_330' title='bbox 431 2599 495 2636; x_wconf 87' lang='lat' dir='ltr'><strong>vere</strong></span> <span class='ocrx_word' id='word_1_331' title='bbox 507 2579 584 2636; x_wconf 84' lang='lat' dir='ltr'><strong>bona</strong></span> <span class='ocrx_word' id='word_1_332' title='bbox 598 2589 680 2649; x_wconf 90' lang='lat' dir='ltr'><strong>sunt,</strong></span> <span class='ocrx_word' id='word_1_333' title='bbox 695 2597 751 2634; x_wconf 87' lang='lat' dir='ltr'><strong>sese</strong></span> <span class='ocrx_word' id='word_1_334' title='bbox 768 2590 986 2648; x_wconf 86' lang='lat' dir='ltr'><strong>converterunt,</strong></span> <span class='ocrx_word' id='word_1_335' title='bbox 1032 2579 1186 2636; x_wconf 71' lang='lat' dir='ltr'><strong>tentionem</strong></span> <span class='ocrx_word' id='word_1_336' title='bbox 1201 2580 1267 2654; x_wconf 78' lang='lat' dir='ltr'><strong>iuga</strong></span> <span class='ocrx_word' id='word_1_337' title='bbox 1277 2581 1441 2638; x_wconf 82' lang='lat' dir='ltr'><strong>voluntarie</strong></span> <span class='ocrx_word' id='word_1_338' title='bbox 1454 2580 1606 2658; x_wconf 74' lang='lat' dir='ltr'><strong>precidit,</strong></span> <span class='ocrx_word' id='word_1_339' title='bbox 1621 2581 1673 2638; x_wconf 90' lang='lat' dir='ltr'><strong>hic</strong></span> <span class='ocrx_word' id='word_1_340' title='bbox 1687 2583 1725 2639; x_wconf 81' lang='lat' dir='ltr'><strong>ad</strong></span> <span class='ocrx_word' id='word_1_341' title='bbox 1739 2594 1812 2637; x_wconf 83' lang='lat' dir='ltr'><strong>aeter·</strong></span> 
     </span>
     <span class='ocr_line' id='line_1_26' title="bbox 216 2667 1817 2742; baseline 0 -20"><span class='ocrx_word' id='word_1_342' title='bbox 216 2687 411 2742; x_wconf 84' lang='lat' dir='ltr'><strong>quosaequmn</strong></span> <span class='ocrx_word' id='word_1_343' title='bbox 425 2678 465 2722; x_wconf 90' lang='lat' dir='ltr'><strong>est</strong></span> <span class='ocrx_word' id='word_1_344' title='bbox 477 2677 505 2720; x_wconf 91' lang='lat' dir='ltr'><strong>et</strong></span> <span class='ocrx_word' id='word_1_345' title='bbox 516 2667 628 2720; x_wconf 85' lang='lat' dir='ltr'><strong>deorum</strong></span> <span class='ocrx_word' id='word_1_346' title='bbox 640 2667 783 2720; x_wconf 83' lang='lat' dir='ltr'><strong>ordinibus</strong></span> <span class='ocrx_word' id='word_1_347' title='bbox 794 2667 910 2736; x_wconf 85' lang='lat' dir='ltr'><strong>ascribi,</strong></span> <span class='ocrx_word' id='word_1_348' title='bbox 923 2677 988 2722; x_wconf 88' lang='lat' dir='ltr'><strong>uta</strong></span> <span class='ocrx_word' id='word_1_349' title='bbox 1032 2685 1101 2722; x_wconf 85' lang='lat' dir='ltr'><strong>nuru</strong></span> <span class='ocrx_word' id='word_1_350' title='bbox 1123 2667 1262 2723; x_wconf 83' lang='lat' dir='ltr'><strong>auxilium</strong></span> <span class='ocrx_word' id='word_1_351' title='bbox 1285 2686 1302 2724; x_wconf 86' lang='lat' dir='ltr'><strong>a</strong></span> <span class='ocrx_word' id='word_1_352' title='bbox 1322 2667 1383 2724; x_wconf 89' lang='lat' dir='ltr'><strong>Deo</strong></span> <span class='ocrx_word' id='word_1_353' title='bbox 1406 2668 1504 2725; x_wconf 87' lang='lat' dir='ltr'><strong>datum</strong></span> <span class='ocrx_word' id='word_1_354' title='bbox 1528 2687 1694 2726; x_wconf 78' lang='lat' dir='ltr'><strong>conversus</strong></span> <span class='ocrx_word' id='word_1_355' title='bbox 1715 2671 1817 2741; x_wconf 74' lang='lat' dir='ltr'><strong>Jupiter</strong></span> 
     </span>
     <span class='ocr_line' id='line_1_27' title="bbox 215 2752 1814 2831; baseline -0.001 -21"><span class='ocrx_word' id='word_1_356' title='bbox 215 2767 421 2821; x_wconf 81' lang='lat' dir='ltr'><strong>sacranatura,</strong></span> <span class='ocrx_word' id='word_1_357' title='bbox 435 2754 466 2809; x_wconf 92' lang='lat' dir='ltr'><strong>id</strong></span> <span class='ocrx_word' id='word_1_358' title='bbox 481 2765 521 2808; x_wconf 87' lang='lat' dir='ltr'><strong>est</strong></span> <span class='ocrx_word' id='word_1_359' title='bbox 532 2753 726 2826; x_wconf 81' lang='lat' dir='ltr'><strong>philosophia,</strong></span> <span class='ocrx_word' id='word_1_360' title='bbox 741 2754 859 2810; x_wconf 87' lang='lat' dir='ltr'><strong>edoctos</strong></span> <span class='ocrx_word' id='word_1_361' title='bbox 874 2763 902 2810; x_wconf 88' lang='lat' dir='ltr'><strong>et</strong></span> <span class='ocrx_word' id='word_1_362' title='bbox 913 2755 943 2808; x_wconf 90' lang='lat' dir='ltr'><strong>in</strong></span> <span class='ocrx_word' id='word_1_363' title='bbox 955 2755 991 2808; x_wconf 85' lang='lat' dir='ltr'><strong>&#39;iis</strong></span> <span class='ocrx_word' id='word_1_364' title='bbox 1030 2766 1117 2826; x_wconf 83' lang='lat' dir='ltr'><strong>pater</strong></span> <span class='ocrx_word' id='word_1_365' title='bbox 1128 2752 1286 2823; x_wconf 82' lang='lat' dir='ltr'><strong>exclamat,</strong></span> <span class='ocrx_word' id='word_1_366' title='bbox 1302 2767 1456 2830; x_wconf 79' lang='lat' dir='ltr'><strong>propterea</strong></span> <span class='ocrx_word' id='word_1_367' title='bbox 1478 2755 1570 2810; x_wconf 85' lang='lat' dir='ltr'><strong>Deum</strong></span> <span class='ocrx_word' id='word_1_368' title='bbox 1586 2767 1707 2831; x_wconf 86' lang='lat' dir='ltr'><strong>patrem</strong></span> <span class='ocrx_word' id='word_1_369' title='bbox 1727 2754 1814 2828; x_wconf 84' lang='lat' dir='ltr'><strong>appel·</strong></span> 
     </span>
     <span class='ocr_line' id='line_1_28' title="bbox 217 2837 1813 2916; baseline -0.002 -20"><span class='ocrx_word' id='word_1_370' title='bbox 217 2861 279 2916; x_wconf 80' lang='lat' dir='ltr'><strong>quae</strong></span> <span class='ocrx_word' id='word_1_371' title='bbox 298 2840 423 2896; x_wconf 87' lang='lat' dir='ltr'><strong>officinm</strong></span> <span class='ocrx_word' id='word_1_372' title='bbox 436 2840 559 2914; x_wconf 88' lang='lat' dir='ltr'><strong>postulat</strong></span> <span class='ocrx_word' id='word_1_373' title='bbox 577 2841 752 2897; x_wconf 86' lang='lat' dir='ltr'><strong>exercitatos.</strong></span> <span class='ocrx_word' id='word_1_374' title='bbox 774 2844 848 2896; x_wconf 87' lang='lat' dir='ltr'><strong>Num</strong></span> <span class='ocrx_word' id='word_1_375' title='bbox 861 2859 929 2898; x_wconf 85' lang='lat' dir='ltr'><strong>vero</strong></span> <span class='ocrx_word' id='word_1_376' title='bbox 942 2841 990 2896; x_wconf 91' lang='lat' dir='ltr'><strong>di·</strong></span> <span class='ocrx_word' id='word_1_377' title='bbox 1033 2839 1094 2896; x_wconf 85' lang='lat' dir='ltr'><strong>lans</strong></span> <span class='ocrx_word' id='word_1_378' title='bbox 1114 2837 1192 2912; x_wconf 89' lang='lat' dir='ltr'><strong>quod</strong></span> <span class='ocrx_word' id='word_1_379' title='bbox 1204 2837 1264 2914; x_wconf 86' lang='lat' dir='ltr'><strong>jam</strong></span> <span class='ocrx_word' id='word_1_380' title='bbox 1278 2849 1344 2894; x_wconf 86' lang='lat' dir='ltr'><strong>ante</strong></span> <span class='ocrx_word' id='word_1_381' title='bbox 1357 2839 1454 2895; x_wconf 82' lang='lat' dir='ltr'><strong>leserit</strong></span> <span class='ocrx_word' id='word_1_382' title='bbox 1465 2857 1529 2914; x_wconf 87' lang='lat' dir='ltr'><strong>qnae</strong></span> <span class='ocrx_word' id='word_1_383' title='bbox 1543 2838 1639 2895; x_wconf 83' lang='lat' dir='ltr'><strong>filium</strong></span> <span class='ocrx_word' id='word_1_384' title='bbox 1664 2837 1813 2904; x_wconf 83' lang='lat' dir='ltr'><strong>decebant,</strong></span> 
     </span>
     <span class='ocr_line' id='line_1_29' title="bbox 216 2923 1813 3006; baseline 0 -26"><span class='ocrx_word' id='word_1_385' title='bbox 216 2929 349 2982; x_wconf 83' lang='lat' dir='ltr'><strong>vinorum</strong></span> <span class='ocrx_word' id='word_1_386' title='bbox 378 2928 528 3006; x_wconf 86' lang='lat' dir='ltr'><strong>hominum</strong></span> <span class='ocrx_word' id='word_1_387' title='bbox 556 2929 696 2984; x_wconf 83' lang='lat' dir='ltr'><strong>societatis</strong></span> <span class='ocrx_word' id='word_1_388' title='bbox 724 2931 876 3004; x_wconf 81' lang='lat' dir='ltr'><strong>participes</strong></span> <span class='ocrx_word' id='word_1_389' title='bbox 907 2931 991 2984; x_wconf 85' lang='lat' dir='ltr'><strong>simus</strong></span> <span class='ocrx_word' id='word_1_390' title='bbox 1036 2943 1068 2980; x_wconf 88' lang='lat' dir='ltr'><strong>ac</strong></span> <span class='ocrx_word' id='word_1_391' title='bbox 1083 2944 1176 2982; x_wconf 85' lang='lat' dir='ltr'><strong>secum</strong></span> <span class='ocrx_word' id='word_1_392' title='bbox 1191 2925 1359 3002; x_wconf 86' lang='lat' dir='ltr'><strong>repulat,si</strong></span> <span class='ocrx_word' id='word_1_393' title='bbox 1371 2925 1401 2982; x_wconf 91' lang='lat' dir='ltr'><strong>id</strong></span> <span class='ocrx_word' id='word_1_394' title='bbox 1412 2923 1487 3001; x_wconf 88' lang='lat' dir='ltr'><strong>quod</strong></span> <span class='ocrx_word' id='word_1_395' title='bbox 1499 2925 1557 3002; x_wconf 90' lang='lat' dir='ltr'><strong>ipsi</strong></span> <span class='ocrx_word' id='word_1_396' title='bbox 1571 2927 1724 2999; x_wconf 85' lang='lat' dir='ltr'><strong>contingit</strong></span> <span class='ocrx_word' id='word_1_397' title='bbox 1736 2932 1813 2980; x_wconf 80' lang='lat' dir='ltr'><strong>omni·</strong></span> 
     </span>
     <span class='ocr_line' id='line_1_30' title="bbox 218 3013 1812 3088; baseline -0.002 -20"><span class='ocrx_word' id='word_1_398' title='bbox 218 3015 409 3083; x_wconf 82' lang='lat' dir='ltr'><strong>ostendemus,</strong></span> <span class='ocrx_word' id='word_1_399' title='bbox 424 3017 446 3071; x_wconf 93' lang='lat' dir='ltr'><strong>si</strong></span> <span class='ocrx_word' id='word_1_400' title='bbox 468 3015 592 3070; x_wconf 84' lang='lat' dir='ltr'><strong>honestis</strong></span> <span class='ocrx_word' id='word_1_401' title='bbox 605 3016 767 3070; x_wconf 88' lang='lat' dir='ltr'><strong>actionibus</strong></span> <span class='ocrx_word' id='word_1_402' title='bbox 787 3025 815 3070; x_wconf 92' lang='lat' dir='ltr'><strong>et</strong></span> <span class='ocrx_word' id='word_1_403' title='bbox 835 3016 990 3069; x_wconf 82' lang='lat' dir='ltr'><strong>litterarum</strong></span> <span class='ocrx_word' id='word_1_404' title='bbox 1009 3019 1010 3022; x_wconf 75' lang='grc'>’</span> <span class='ocrx_word' id='word_1_405' title='bbox 1038 3014 1087 3066; x_wconf 79' lang='lat' dir='ltr'><strong>bus</strong></span> <span class='ocrx_word' id='word_1_406' title='bbox 1106 3013 1233 3080; x_wconf 80' lang='lat' dir='ltr'><strong>eveniat,</strong></span> <span class='ocrx_word' id='word_1_407' title='bbox 1254 3013 1380 3070; x_wconf 88' lang='lat' dir='ltr'><strong>futurum</strong></span> <span class='ocrx_word' id='word_1_408' title='bbox 1402 3031 1464 3070; x_wconf 87' lang='lat' dir='ltr'><strong>esse</strong></span> <span class='ocrx_word' id='word_1_409' title='bbox 1483 3025 1515 3069; x_wconf 91' lang='lat' dir='ltr'><strong>ut</strong></span> <span class='ocrx_word' id='word_1_410' title='bbox 1527 3031 1627 3069; x_wconf 77' lang='lat' dir='ltr'><strong>coenes</strong></span> <span class='ocrx_word' id='word_1_411' title='bbox 1639 3031 1727 3088; x_wconf 72' lang='lat' dir='ltr'><strong>seque</strong></span> <span class='ocrx_word' id='word_1_412' title='bbox 1739 3023 1812 3085; x_wconf 78' lang='lat' dir='ltr'><strong>atque</strong></span> 
     </span>
     <span class='ocr_line' id='line_1_31' title="bbox 219 3097 1812 3176; baseline -0.004 -18"><span class='ocrx_word' id='word_1_413' title='bbox 219 3102 339 3158; x_wconf 83' lang='lat' dir='ltr'><strong>scientiae</strong></span> <span class='ocrx_word' id='word_1_414' title='bbox 354 3119 470 3176; x_wconf 86' lang='lat' dir='ltr'><strong>operam</strong></span> <span class='ocrx_word' id='word_1_415' title='bbox 484 3101 661 3172; x_wconf 83' lang='lat' dir='ltr'><strong>dederimus,</strong></span> <span class='ocrx_word' id='word_1_416' title='bbox 676 3103 778 3175; x_wconf 88' lang='lat' dir='ltr'><strong>quibus</strong></span> <span class='ocrx_word' id='word_1_417' title='bbox 790 3102 856 3156; x_wconf 87' lang='lat' dir='ltr'><strong>solis</strong></span> <span class='ocrx_word' id='word_1_418' title='bbox 872 3100 993 3155; x_wconf 88' lang='lat' dir='ltr'><strong>hominis</strong></span> <span class='ocrx_word' id='word_1_419' title='bbox 1036 3099 1103 3175; x_wconf 50' lang='lat' dir='ltr'><strong>ipse,</strong></span> <span class='ocrx_word' id='word_1_420' title='bbox 1114 3104 1197 3156; x_wconf 77' lang='lat' dir='ltr'><strong>oratis</strong></span> <span class='ocrx_word' id='word_1_421' title='bbox 1215 3103 1374 3156; x_wconf 77' lang='lat' dir='ltr'><strong>liberentur.</strong></span> <span class='ocrx_word' id='word_1_422' title='bbox 1392 3099 1502 3156; x_wconf 84' lang='lat' dir='ltr'><strong>Deinde</strong></span> <span class='ocrx_word' id='word_1_423' title='bbox 1523 3099 1685 3157; x_wconf 81' lang='lat' dir='ltr'><strong>inveniens</strong></span> <span class='ocrx_word' id='word_1_424' title='bbox 1699 3099 1754 3155; x_wconf 91' lang='lat' dir='ltr'><strong>hoc</strong></span> <span class='ocrx_word' id='word_1_425' title='bbox 1769 3097 1812 3152; x_wconf 91' lang='lat' dir='ltr'><strong>mi·</strong></span> 
     </span>
     <span class='ocr_line' id='line_1_32' title="bbox 218 3184 1812 3262; baseline -0.004 -18"><span class='ocrx_word' id='word_1_426' title='bbox 218 3190 328 3244; x_wconf 86' lang='lat' dir='ltr'><strong>animus</strong></span> <span class='ocrx_word' id='word_1_427' title='bbox 340 3199 463 3257; x_wconf 77' lang='lat' dir='ltr'><strong>ctnutur,</strong></span> <span class='ocrx_word' id='word_1_428' title='bbox 476 3201 503 3244; x_wconf 92' lang='lat' dir='ltr'><strong>et</strong></span> <span class='ocrx_word' id='word_1_429' title='bbox 517 3190 654 3244; x_wconf 80' lang='lat' dir='ltr'><strong>laboribus</strong></span> <span class='ocrx_word' id='word_1_430' title='bbox 665 3207 737 3262; x_wconf 92' lang='lat' dir='ltr'><strong>quos</strong></span> <span class='ocrx_word' id='word_1_431' title='bbox 749 3189 796 3244; x_wconf 89' lang='lat' dir='ltr'><strong>hle</strong></span> <span class='ocrx_word' id='word_1_432' title='bbox 809 3188 914 3261; x_wconf 89' lang='lat' dir='ltr'><strong>patitur</strong></span> <span class='ocrx_word' id='word_1_433' title='bbox 926 3187 993 3241; x_wconf 86' lang='lat' dir='ltr'><strong>lihe-</strong></span> <span class='ocrx_word' id='word_1_434' title='bbox 1037 3187 1115 3242; x_wconf 86' lang='lat' dir='ltr'><strong>nime</strong></span> <span class='ocrx_word' id='word_1_435' title='bbox 1128 3186 1303 3262; x_wconf 87' lang='lat' dir='ltr'><strong>procedere,</strong></span> <span class='ocrx_word' id='word_1_436' title='bbox 1317 3205 1376 3242; x_wconf 91' lang='lat' dir='ltr'><strong>non</strong></span> <span class='ocrx_word' id='word_1_437' title='bbox 1391 3186 1443 3242; x_wconf 86' lang='lat' dir='ltr'><strong>Dei</strong></span> <span class='ocrx_word' id='word_1_438' title='bbox 1464 3186 1567 3262; x_wconf 88' lang='lat' dir='ltr'><strong>culpa,</strong></span> <span class='ocrx_word' id='word_1_439' title='bbox 1589 3185 1643 3242; x_wconf 89' lang='lat' dir='ltr'><strong>sed</strong></span> <span class='ocrx_word' id='word_1_440' title='bbox 1666 3185 1748 3262; x_wconf 89' lang='lat' dir='ltr'><strong>qnod</strong></span> <span class='ocrx_word' id='word_1_441' title='bbox 1762 3184 1812 3260; x_wconf 88' lang='lat' dir='ltr'><strong>ple·</strong></span> 
     </span>
     <span class='ocr_line' id='line_1_33' title="bbox 218 3269 1813 3348; baseline -0.003 -18"><span class='ocrx_word' id='word_1_442' title='bbox 218 3275 471 3332; x_wconf 77' lang='lat' dir='ltr'><strong>ratuseddivinam</strong></span> <span class='ocrx_word' id='word_1_443' title='bbox 484 3286 589 3330; x_wconf 86' lang='lat' dir='ltr'><strong>sortem</strong></span> <span class='ocrx_word' id='word_1_444' title='bbox 601 3276 777 3348; x_wconf 83' lang='lat' dir='ltr'><strong>commigrat.</strong></span> <span class='ocrx_word' id='word_1_445' title='bbox 791 3274 993 3329; x_wconf 83' lang='lat' dir='ltr'><strong>Utsummatim</strong></span> <span class='ocrx_word' id='word_1_446' title='bbox 1036 3271 1120 3347; x_wconf 84' lang='lat' dir='ltr'><strong>rique</strong></span> <span class='ocrx_word' id='word_1_447' title='bbox 1133 3273 1217 3330; x_wconf 87' lang='lat' dir='ltr'><strong>rnalis</strong></span> <span class='ocrx_word' id='word_1_448' title='bbox 1232 3273 1309 3329; x_wconf 77' lang='lat' dir='ltr'><strong>ultro</strong></span> <span class='ocrx_word' id='word_1_449' title='bbox 1324 3273 1469 3330; x_wconf 86' lang='lat' dir='ltr'><strong>arcessitis</strong></span> <span class='ocrx_word' id='word_1_450' title='bbox 1491 3285 1666 3345; x_wconf 79' lang='lat' dir='ltr'><strong>urgeantur,</strong></span> <span class='ocrx_word' id='word_1_451' title='bbox 1684 3271 1745 3329; x_wconf 89' lang='lat' dir='ltr'><strong>sibi</strong></span> <span class='ocrx_word' id='word_1_452' title='bbox 1767 3269 1813 3347; x_wconf 85' lang='lat' dir='ltr'><strong>ipsi</strong></span> 
     </span>
     <span class='ocr_line' id='line_1_34' title="bbox 218 3357 1809 3436; baseline -0.003 -18"><span class='ocrx_word' id='word_1_453' title='bbox 218 3361 308 3435; x_wconf 80' lang='lat' dir='ltr'><strong>igitur</strong></span> <span class='ocrx_word' id='word_1_454' title='bbox 320 3359 427 3431; x_wconf 85' lang='lat' dir='ltr'><strong>dicam,</strong></span> <span class='ocrx_word' id='word_1_455' title='bbox 436 3359 539 3420; x_wconf 80' lang='lat' dir='ltr'><strong>hurum</strong></span> <span class='ocrx_word' id='word_1_456' title='bbox 551 3378 686 3417; x_wconf 78' lang='lat' dir='ltr'><strong>versuum</strong></span> <span class='ocrx_word' id='word_1_457' title='bbox 699 3357 864 3434; x_wconf 87' lang='lat' dir='ltr'><strong>hujusmodi</strong></span> <span class='ocrx_word' id='word_1_458' title='bbox 877 3370 919 3414; x_wconf 87' lang='lat' dir='ltr'><strong>est</strong></span> <span class='ocrx_word' id='word_1_459' title='bbox 930 3373 993 3414; x_wconf 84' lang='lat' dir='ltr'><strong>sen-</strong></span> <span class='ocrx_word' id='word_1_460' title='bbox 1036 3357 1107 3416; x_wconf 87' lang='lat' dir='ltr'><strong>dicit</strong></span> <span class='ocrx_word' id='word_1_461' title='bbox 1122 3379 1129 3414; x_wconf 81' lang='grc' dir='ltr'><strong>ε</strong></span> <span class='ocrx_word' id='word_1_462' title='bbox 1144 3363 1196 3414; x_wconf 86' lang='lat' dir='ltr'><strong>sed</strong></span> <span class='ocrx_word' id='word_1_463' title='bbox 1207 3373 1235 3415; x_wconf 82' lang='lat' dir='ltr'><strong>tu</strong></span> <span class='ocrx_word' id='word_1_464' title='bbox 1249 3363 1319 3416; x_wconf 79' lang='lat' dir='ltr'><strong>dono</strong></span> <span class='ocrx_word' id='word_1_465' title='bbox 1330 3367 1368 3416; x_wconf 79' lang='lat' dir='ltr'><strong>sis</strong></span> <span class='ocrx_word' id='word_1_466' title='bbox 1382 3365 1475 3416; x_wconf 81' lang='grc' dir='ltr'>ιιιιίιιιο</span> <span class='ocrx_word' id='word_1_467' title='bbox 1490 3359 1542 3435; x_wconf 89' lang='lat' dir='ltr'><strong>qui</strong></span> <span class='ocrx_word' id='word_1_468' title='bbox 1556 3372 1584 3416; x_wconf 87' lang='lat' dir='ltr'><strong>te</strong></span> <span class='ocrx_word' id='word_1_469' title='bbox 1597 3378 1616 3416; x_wconf 90' lang='lat' dir='ltr'><strong>e</strong></span> <span class='ocrx_word' id='word_1_470' title='bbox 1631 3360 1723 3416; x_wconf 89' lang='lat' dir='ltr'><strong>malis</strong></span> <span class='ocrx_word' id='word_1_471' title='bbox 1735 3377 1809 3436; x_wconf 77' lang='lat' dir='ltr'><strong>expe·</strong></span> 
     </span>
     <span class='ocr_line' id='line_1_35' title="bbox 219 3441 1811 3524; baseline -0.002 -22"><span class='ocrx_word' id='word_1_472' title='bbox 219 3448 307 3504; x_wconf 85' lang='lat' dir='ltr'><strong>tentia</strong></span> <span class='ocrx_word' id='word_1_473' title='bbox 324 3467 330 3502; x_wconf 83' lang='grc' dir='ltr'>ι</span> <span class='ocrx_word' id='word_1_474' title='bbox 346 3447 397 3522; x_wconf 86' lang='lat' dir='ltr'><strong>qui</strong></span> <span class='ocrx_word' id='word_1_475' title='bbox 411 3465 442 3504; x_wconf 88' lang='lat' dir='ltr'><strong>se</strong></span> <span class='ocrx_word' id='word_1_476' title='bbox 459 3447 538 3523; x_wconf 89' lang='lat' dir='ltr'><strong>ipsos</strong></span> <span class='ocrx_word' id='word_1_477' title='bbox 552 3457 672 3514; x_wconf 88' lang='lat' dir='ltr'><strong>norunt,</strong></span> <span class='ocrx_word' id='word_1_478' title='bbox 687 3445 708 3502; x_wconf 90' lang='lat' dir='ltr'><strong>ii</strong></span> <span class='ocrx_word' id='word_1_479' title='bbox 732 3441 902 3501; x_wconf 86' lang='lat' dir='ltr'><strong>mortalibus</strong></span> <span class='ocrx_word' id='word_1_480' title='bbox 926 3445 992 3498; x_wconf 84' lang='lat' dir='ltr'><strong>libe·</strong></span> <span class='ocrx_word' id='word_1_481' title='bbox 1036 3443 1135 3502; x_wconf 91' lang='lat' dir='ltr'><strong>diendi</strong></span> <span class='ocrx_word' id='word_1_482' title='bbox 1149 3446 1225 3502; x_wconf 77' lang='lat' dir='ltr'><strong>eiam</strong></span> <span class='ocrx_word' id='word_1_483' title='bbox 1241 3446 1399 3504; x_wconf 86' lang='lat' dir='ltr'><strong>inveneris.</strong></span> <span class='ocrx_word' id='word_1_484' title='bbox 1416 3445 1481 3504; x_wconf 84' lang='lat' dir='ltr'><strong>llaec</strong></span> <span class='ocrx_word' id='word_1_485' title='bbox 1493 3466 1563 3503; x_wconf 83' lang='lat' dir='ltr'><strong>vero</strong></span> <span class='ocrx_word' id='word_1_486' title='bbox 1575 3459 1620 3503; x_wconf 87' lang='lat' dir='ltr'><strong>est</strong></span> <span class='ocrx_word' id='word_1_487' title='bbox 1635 3445 1690 3503; x_wconf 79' lang='lat' dir='ltr'><strong>illa</strong></span> <span class='ocrx_word' id='word_1_488' title='bbox 1706 3465 1759 3524; x_wconf 82' lang='lat' dir='ltr'><strong>per</strong></span> <span class='ocrx_word' id='word_1_489' title='bbox 1773 3465 1811 3499; x_wconf 82' lang='lat' dir='ltr'><strong>so·</strong></span> 
     </span>
     <span class='ocr_line' id='line_1_36' title="bbox 220 3531 1813 3610; baseline 0 -22"><span class='ocrx_word' id='word_1_490' title='bbox 220 3531 486 3590; x_wconf 80' lang='lat' dir='ltr'><strong>ranturallectibus.</strong></span> <span class='ocrx_word' id='word_1_491' title='bbox 497 3532 989 3606; x_wconf 79' lang='lat' dir='ltr'><strong>Cui·igiturnonomneslihemntur,</strong></span> <span class='ocrx_word' id='word_1_492' title='bbox 1038 3551 1114 3588; x_wconf 81' lang='lat' dir='ltr'><strong>crem</strong></span> <span class='ocrx_word' id='word_1_493' title='bbox 1136 3531 1348 3610; x_wconf 81' lang='lat' dir='ltr'><strong>philosophiam</strong></span> <span class='ocrx_word' id='word_1_494' title='bbox 1370 3536 1520 3590; x_wconf 85' lang='lat' dir='ltr'><strong>conversio</strong></span> <span class='ocrx_word' id='word_1_495' title='bbox 1534 3533 1619 3589; x_wconf 87' lang='lat' dir='ltr'><strong>adea</strong></span> <span class='ocrx_word' id='word_1_496' title='bbox 1634 3553 1706 3607; x_wconf 82' lang='lat' dir='ltr'><strong>quae</strong></span> <span class='ocrx_word' id='word_1_497' title='bbox 1728 3553 1744 3591; x_wconf 93' lang='lat' dir='ltr'><strong>a</strong></span> <span class='ocrx_word' id='word_1_498' title='bbox 1763 3533 1813 3588; x_wconf 86' lang='lat' dir='ltr'><strong>lleo</strong></span> 
     </span>
     <span class='ocr_line' id='line_1_37' title="bbox 220 3617 1814 3696; baseline -0.001 -20"><span class='ocrx_word' id='word_1_499' title='bbox 220 3639 310 3694; x_wconf 87' lang='lat' dir='ltr'><strong>quum</strong></span> <span class='ocrx_word' id='word_1_500' title='bbox 334 3637 434 3676; x_wconf 88' lang='lat' dir='ltr'><strong>omnes</strong></span> <span class='ocrx_word' id='word_1_501' title='bbox 456 3617 580 3676; x_wconf 85' lang='lat' dir='ltr'><strong>habeant</strong></span> <span class='ocrx_word' id='word_1_502' title='bbox 600 3619 716 3676; x_wconf 80' lang='lat' dir='ltr'><strong>innatas</strong></span> <span class='ocrx_word' id='word_1_503' title='bbox 737 3627 845 3673; x_wconf 84' lang='lat' dir='ltr'><strong>naturae</strong></span> <span class='ocrx_word' id='word_1_504' title='bbox 861 3633 920 3672; x_wconf 82' lang='lat' dir='ltr'><strong>suae</strong></span> <span class='ocrx_word' id='word_1_505' title='bbox 942 3633 993 3671; x_wconf 89' lang='lat' dir='ltr'><strong>co-</strong></span> <span class='ocrx_word' id='word_1_506' title='bbox 1038 3633 1229 3687; x_wconf 77' lang='grc' dir='ltr'>ιιιοιιοεναηευν,</span> <span class='ocrx_word' id='word_1_507' title='bbox 1262 3637 1327 3695; x_wconf 85' lang='lat' dir='ltr'><strong>quae</strong></span> <span class='ocrx_word' id='word_1_508' title='bbox 1352 3620 1486 3696; x_wconf 84' lang='lat' dir='ltr'><strong>plerique</strong></span> <span class='ocrx_word' id='word_1_509' title='bbox 1510 3639 1570 3677; x_wconf 91' lang='lat' dir='ltr'><strong>non</strong></span> <span class='ocrx_word' id='word_1_510' title='bbox 1597 3621 1729 3691; x_wconf 78' lang='lat' dir='ltr'><strong>vident,</strong></span> <span class='ocrx_word' id='word_1_511' title='bbox 1756 3621 1814 3696; x_wconf 84' lang='lat' dir='ltr'><strong>qnia</strong></span> 
     </span>
    </p>
   </div>
   <div class='ocr_carea' id='block_1_4' title="bbox 219 3699 1824 5210">
    <p class='ocr_par' dir='ltr' id='par_1_4' title="bbox 219 3699 1814 5192">
     <span class='ocr_line' id='line_1_38' title="bbox 220 3699 1812 3789; baseline 0 -20"><span class='ocrx_word' id='word_1_512' title='bbox 220 3705 389 3779; x_wconf 57' lang='lat' dir='ltr'><strong>§noscenda</strong></span> <span class='ocrx_word' id='word_1_513' title='bbox 411 3705 576 3765; x_wconf 62' lang='lat' dir='ltr'><strong>sflcuilttes?</strong></span> <span class='ocrx_word' id='word_1_514' title='bbox 595 3703 670 3772; x_wconf 65' lang='lat' dir='ltr'><strong>Quia</strong></span> <span class='ocrx_word' id='word_1_515' title='bbox 693 3703 839 3780; x_wconf 61' lang='lat' dir='ltr'><strong>Plerique»</strong></span> <span class='ocrx_word' id='word_1_516' title='bbox 861 3714 893 3759; x_wconf 66' lang='lat'><strong>1¹²</strong></span> <span class='ocrx_word' id='word_1_517' title='bbox 914 3699 993 3767; x_wconf 66' lang='lat' dir='ltr'><strong>dixis</strong></span> <span class='ocrx_word' id='word_1_518' title='bbox 1038 3711 1241 3770; x_wconf 83' lang='lat' dir='ltr'><strong>communibus</strong></span> <span class='ocrx_word' id='word_1_519' title='bbox 1256 3711 1440 3783; x_wconf 84' lang='lat' dir='ltr'><strong>notionibus,</strong></span> <span class='ocrx_word' id='word_1_520' title='bbox 1453 3731 1525 3789; x_wconf 86' lang='lat' dir='ltr'><strong>quas</strong></span> <span class='ocrx_word' id='word_1_521' title='bbox 1543 3711 1647 3770; x_wconf 88' lang='lat' dir='ltr'><strong>mundi</strong></span> <span class='ocrx_word' id='word_1_522' title='bbox 1662 3716 1812 3772; x_wconf 84' lang='lat' dir='ltr'><strong>aedilicator</strong></span> 
     </span>
     <span class='ocr_line' id='line_1_39' title="bbox 220 3787 1813 3876; baseline -0.005 -28"><span class='ocrx_word' id='word_1_523' title='bbox 220 3791 549 3850; x_wconf 73' lang='lat' dir='ltr'><strong>inuiis-ultroerccssitis</strong></span> <span class='ocrx_word' id='word_1_524' title='bbox 563 3789 660 3848; x_wconf 86' lang='lat' dir='ltr'><strong>obruti</strong></span> <span class='ocrx_word' id='word_1_525' title='bbox 681 3789 778 3846; x_wconf 81' lang='lat' dir='ltr'><strong>vicine</strong></span> <span class='ocrx_word' id='word_1_526' title='bbox 790 3787 867 3846; x_wconf 88' lang='lat' dir='ltr'><strong>bona</strong></span> <span class='ocrx_word' id='word_1_527' title='bbox 879 3805 931 3846; x_wconf 92' lang='lat' dir='ltr'><strong>nec</strong></span> <span class='ocrx_word' id='word_1_528' title='bbox 945 3787 993 3843; x_wconf 84' lang='grc' dir='ltr'><strong>νὶ-</strong></span> <span class='ocrx_word' id='word_1_529' title='bbox 1037 3799 1134 3872; x_wconf 64' lang='lat' dir='ltr'><strong>generi</strong></span> <span class='ocrx_word' id='word_1_530' title='bbox 1150 3798 1253 3856; x_wconf 62' lang='lat' dir='ltr'><strong>[nemis</strong></span> <span class='ocrx_word' id='word_1_531' title='bbox 1270 3799 1403 3876; x_wconf 39' lang='lat' dir='ltr'><strong>,compoti</strong></span> <span class='ocrx_word' id='word_1_532' title='bbox 1421 3797 1512 3856; x_wconf 62' lang='lat' dir='ltr'><strong>adsui</strong></span> <span class='ocrx_word' id='word_1_533' title='bbox 1530 3799 1729 3872; x_wconf 62' lang='lat' dir='ltr'><strong>cognitione„</strong></span> <span class='ocrx_word' id='word_1_534' title='bbox 1748 3819 1813 3856; x_wconf 66' lang='lat' dir='ltr'><strong>mm.</strong></span> 
     </span>
     <span class='ocr_line' id='line_1_40' title="bbox 219 3872 1811 3961; baseline 0 -27"><span class='ocrx_word' id='word_1_535' title='bbox 219 3876 288 3934; x_wconf 87' lang='lat' dir='ltr'><strong>dent</strong></span> <span class='ocrx_word' id='word_1_536' title='bbox 302 3896 355 3935; x_wconf 89' lang='lat' dir='ltr'><strong>nec</strong></span> <span class='ocrx_word' id='word_1_537' title='bbox 369 3877 498 3935; x_wconf 77' lang='lat' dir='ltr'><strong>audiunt</strong></span> <span class='ocrx_word' id='word_1_538' title='bbox 512 3877 599 3936; x_wconf 82' lang='lat' dir='ltr'><strong>Pauci</strong></span> <span class='ocrx_word' id='word_1_539' title='bbox 613 3890 706 3934; x_wconf 88' lang='lat' dir='ltr'><strong>autem</strong></span> <span class='ocrx_word' id='word_1_540' title='bbox 724 3888 792 3934; x_wconf 90' lang='lat' dir='ltr'><strong>sunt</strong></span> <span class='ocrx_word' id='word_1_541' title='bbox 810 3873 861 3951; x_wconf 91' lang='lat' dir='ltr'><strong>qui</strong></span> <span class='ocrx_word' id='word_1_542' title='bbox 882 3872 994 3931; x_wconf 85' lang='lat' dir='ltr'><strong>emalis</strong></span> <span class='ocrx_word' id='word_1_543' title='bbox 1038 3884 1194 3961; x_wconf 60' lang='lat' dir='ltr'><strong>parandam</strong></span> <span class='ocrx_word' id='word_1_544' title='bbox 1211 3883 1333 3955; x_wconf 70' lang='lat' dir='ltr'><strong>indidit,</strong></span> <span class='ocrx_word' id='word_1_545' title='bbox 1351 3903 1408 3942; x_wconf 75' lang='lat' dir='ltr'><strong>non</strong></span> <span class='ocrx_word' id='word_1_546' title='bbox 1430 3898 1508 3943; x_wconf 66' lang='lat' dir='ltr'><strong>recte·</strong></span> <span class='ocrx_word' id='word_1_547' title='bbox 1521 3897 1653 3943; x_wconf 68' lang='lat' dir='ltr'><strong>uruntur,</strong></span> <span class='ocrx_word' id='word_1_548' title='bbox 1674 3888 1811 3956; x_wconf 65' lang='lat' dir='ltr'><strong>Quonim</strong></span> 
     </span>
     <span class='ocr_line' id='line_1_41' title="bbox 220 3967 1811 4048; baseline 0.001 -22"><span class='ocrx_word' id='word_1_549' title='bbox 220 3986 252 4026; x_wconf 86' lang='lat' dir='ltr'><strong>se</strong></span> <span class='ocrx_word' id='word_1_550' title='bbox 264 3967 402 4044; x_wconf 78' lang='lat' dir='ltr'><strong>expedire</strong></span> <span class='ocrx_word' id='word_1_551' title='bbox 415 3967 594 4042; x_wconf 87' lang='lat' dir='ltr'><strong>didicerunt,</strong></span> <span class='ocrx_word' id='word_1_552' title='bbox 608 3967 686 4044; x_wconf 87' lang='lat' dir='ltr'><strong>quod</strong></span> <span class='ocrx_word' id='word_1_553' title='bbox 697 3967 810 4037; x_wconf 86' lang='lat' dir='ltr'><strong>sciunt,</strong></span> <span class='ocrx_word' id='word_1_554' title='bbox 823 3969 902 4040; x_wconf 75' lang='lat' dir='ltr'><strong>quali</strong></span> <span class='ocrx_word' id='word_1_555' title='bbox 910 3970 995 4037; x_wconf 80' lang='lat' dir='ltr'><strong>genio</strong></span> <span class='ocrx_word' id='word_1_556' title='bbox 1037 3971 1301 4048; x_wconf 68' lang='lat' dir='ltr'><strong>vero&#39;quaecur&#39;rque</strong></span> <span class='ocrx_word' id='word_1_557' title='bbox 1321 3991 1365 4028; x_wconf 91' lang='lat' dir='ltr'><strong>res</strong></span> <span class='ocrx_word' id='word_1_558' title='bbox 1378 3971 1462 4028; x_wconf 81' lang='lat' dir='ltr'><strong>elteri</strong></span> <span class='ocrx_word' id='word_1_559' title='bbox 1476 3971 1673 4030; x_wconf 86' lang='lat' dir='ltr'><strong>demonstrata</strong></span> <span class='ocrx_word' id='word_1_560' title='bbox 1700 3975 1811 4032; x_wconf 82' lang='lat' dir='ltr'><strong>duarum</strong></span> 
     </span>
     <span class='ocr_line' id='line_1_42' title="bbox 221 4051 1814 4136; baseline 0.003 -25"><span class='ocrx_word' id='word_1_561' title='bbox 221 4068 348 4124; x_wconf 77' lang='lat' dir='ltr'><strong>utantur,¹</strong></span> <span class='ocrx_word' id='word_1_562' title='bbox 363 4055 479 4112; x_wconf 81' lang='lat' dir='ltr'><strong>bivero</strong></span> <span class='ocrx_word' id='word_1_563' title='bbox 494 4068 560 4113; x_wconf 82' lang='lat' dir='ltr'><strong>sunt</strong></span> <span class='ocrx_word' id='word_1_564' title='bbox 573 4055 595 4112; x_wconf 93' lang='lat' dir='ltr'><strong>ii</strong></span> <span class='ocrx_word' id='word_1_565' title='bbox 610 4055 659 4131; x_wconf 91' lang='lat' dir='ltr'><strong>qui</strong></span> <span class='ocrx_word' id='word_1_566' title='bbox 681 4051 866 4131; x_wconf 86' lang='lat' dir='ltr'><strong>philosophia</strong></span> <span class='ocrx_word' id='word_1_567' title='bbox 880 4063 994 4128; x_wconf 72' lang='lat' dir='ltr'><strong>pertur-</strong></span> <span class='ocrx_word' id='word_1_568' title='bbox 1036 4058 1123 4116; x_wconf 88' lang='lat' dir='ltr'><strong>simul</strong></span> <span class='ocrx_word' id='word_1_569' title='bbox 1138 4075 1325 4136; x_wconf 88' lang='lat' dir='ltr'><strong>personarum</strong></span> <span class='ocrx_word' id='word_1_570' title='bbox 1340 4057 1465 4115; x_wconf 89' lang='lat' dir='ltr'><strong>actiones</strong></span> <span class='ocrx_word' id='word_1_571' title='bbox 1480 4073 1690 4117; x_wconf 83' lang='lat' dir='ltr'><strong>concurrentes</strong></span> <span class='ocrx_word' id='word_1_572' title='bbox 1706 4061 1814 4136; x_wconf 83' lang='lat' dir='ltr'><strong>signifi-</strong></span> 
     </span>
     <span class='ocr_line' id='line_1_43' title="bbox 220 4141 1812 4220; baseline 0.001 -20"><span class='ocrx_word' id='word_1_573' title='bbox 220 4143 389 4202; x_wconf 84' lang='lat' dir='ltr'><strong>bationibus</strong></span> <span class='ocrx_word' id='word_1_574' title='bbox 403 4146 508 4203; x_wconf 88' lang='lat' dir='ltr'><strong>rationi</strong></span> <span class='ocrx_word' id='word_1_575' title='bbox 522 4145 674 4203; x_wconf 78' lang='lat' dir='ltr'><strong>contrariis</strong></span> <span class='ocrx_word' id='word_1_576' title='bbox 688 4143 945 4218; x_wconf 79' lang='lat' dir='ltr'><strong>liberanturatque</strong></span> <span class='ocrx_word' id='word_1_577' title='bbox 958 4159 994 4197; x_wconf 85' lang='lat' dir='ltr'><strong>ex</strong></span> <span class='ocrx_word' id='word_1_578' title='bbox 1036 4145 1082 4201; x_wconf 88' lang='lat' dir='ltr'><strong>&#39;cat</strong></span> <span class='ocrx_word' id='word_1_579' title='bbox 1104 4142 1165 4220; x_wconf 81' lang='lat' dir='ltr'><strong>(qul</strong></span> <span class='ocrx_word' id='word_1_580' title='bbox 1188 4144 1265 4202; x_wconf 90' lang='lat' dir='ltr'><strong>enim</strong></span> <span class='ocrx_word' id='word_1_581' title='bbox 1290 4163 1364 4201; x_wconf 83' lang='lat' dir='ltr'><strong>caeco</strong></span> <span class='ocrx_word' id='word_1_582' title='bbox 1388 4141 1458 4219; x_wconf 89' lang='lat' dir='ltr'><strong>quid</strong></span> <span class='ocrx_word' id='word_1_583' title='bbox 1483 4147 1625 4211; x_wconf 83' lang='lat' dir='ltr'><strong>ostendas,</strong></span> <span class='ocrx_word' id='word_1_584' title='bbox 1652 4147 1771 4204; x_wconf 85' lang='lat' dir='ltr'><strong>etiamsi</strong></span> <span class='ocrx_word' id='word_1_585' title='bbox 1789 4145 1812 4202; x_wconf 93' lang='lat' dir='ltr'><strong>id</strong></span> 
     </span>
     <span class='ocr_line' id='line_1_44' title="bbox 219 4227 1811 4312; baseline 0.002 -25"><span class='ocrx_word' id='word_1_586' title='bbox 219 4229 300 4288; x_wconf 88' lang='lat' dir='ltr'><strong>hisce</strong></span> <span class='ocrx_word' id='word_1_587' title='bbox 313 4230 395 4301; x_wconf 88' lang='lat' dir='ltr'><strong>locis,</strong></span> <span class='ocrx_word' id='word_1_588' title='bbox 404 4239 538 4307; x_wconf 81' lang='lat' dir='ltr'><strong>tanquam</strong></span> <span class='ocrx_word' id='word_1_589' title='bbox 551 4251 567 4288; x_wconf 85' lang='lat' dir='ltr'><strong>e</strong></span> <span class='ocrx_word' id='word_1_590' title='bbox 581 4249 712 4302; x_wconf 88' lang='lat' dir='ltr'><strong>carcere,</strong></span> <span class='ocrx_word' id='word_1_591' title='bbox 726 4233 903 4288; x_wconf 87' lang='lat' dir='ltr'><strong>emittuntur.</strong></span> <span class='ocrx_word' id='word_1_592' title='bbox 916 4227 993 4295; x_wconf 84' lang='lat' dir='ltr'><strong>Quo·</strong></span> <span class='ocrx_word' id='word_1_593' title='bbox 1038 4231 1115 4307; x_wconf 90' lang='lat' dir='ltr'><strong>quod</strong></span> <span class='ocrx_word' id='word_1_594' title='bbox 1131 4231 1176 4288; x_wconf 84' lang='lat' dir='ltr'><strong>vis</strong></span> <span class='ocrx_word' id='word_1_595' title='bbox 1187 4233 1330 4288; x_wconf 79' lang='lat' dir='ltr'><strong>ostendere</strong></span> <span class='ocrx_word' id='word_1_596' title='bbox 1340 4229 1444 4288; x_wconf 88' lang='lat' dir='ltr'><strong>millies</strong></span> <span class='ocrx_word' id='word_1_597' title='bbox 1457 4231 1485 4288; x_wconf 87' lang='lat' dir='ltr'><strong>ci</strong></span> <span class='ocrx_word' id='word_1_598' title='bbox 1499 4229 1627 4288; x_wconf 74' lang='lat' dir='ltr'><strong>oller-as?</strong></span> <span class='ocrx_word' id='word_1_599' title='bbox 1642 4247 1695 4289; x_wconf 88' lang='lat' dir='ltr'><strong>aut</strong></span> <span class='ocrx_word' id='word_1_600' title='bbox 1710 4233 1764 4312; x_wconf 89' lang='lat' dir='ltr'><strong>qui</strong></span> <span class='ocrx_word' id='word_1_601' title='bbox 1777 4235 1811 4290; x_wconf 80' lang='lat' dir='ltr'><strong>vi·</strong></span> 
     </span>
     <span class='ocr_line' id='line_1_45' title="bbox 221 4311 1813 4396; baseline 0.001 -24"><span class='ocrx_word' id='word_1_602' title='bbox 221 4314 309 4372; x_wconf 88' lang='lat' dir='ltr'><strong>modo</strong></span> <span class='ocrx_word' id='word_1_603' title='bbox 331 4315 420 4389; x_wconf 80' lang='lat' dir='ltr'><strong>igitur</strong></span> <span class='ocrx_word' id='word_1_604' title='bbox 438 4315 542 4378; x_wconf 71' lang='lat' dir='ltr'><strong>lovem</strong></span> <span class='ocrx_word' id='word_1_605' title='bbox 565 4318 741 4394; x_wconf 79' lang='lat' dir='ltr'><strong>alloquitur?</strong></span> <span class='ocrx_word' id='word_1_606' title='bbox 761 4321 855 4372; x_wconf 74' lang='lat' dir='ltr'><strong>inultis</strong></span> <span class='ocrx_word' id='word_1_607' title='bbox 870 4311 996 4388; x_wconf 81' lang='lat' dir='ltr'><strong>profecto</strong></span> <span class='ocrx_word' id='word_1_608' title='bbox 1036 4318 1115 4375; x_wconf 87' lang='lat' dir='ltr'><strong>denti</strong></span> <span class='ocrx_word' id='word_1_609' title='bbox 1123 4315 1152 4375; x_wconf 85' lang='lat' dir='ltr'><strong>ld</strong></span> <span class='ocrx_word' id='word_1_610' title='bbox 1160 4315 1496 4394; x_wconf 87' lang='lat' dir='ltr'><strong>demonstres,quodnon</strong></span> <span class='ocrx_word' id='word_1_611' title='bbox 1504 4318 1813 4396; x_wconf 80' lang='lat' dir='ltr'><strong>profers?),utrumque</strong></span> 
     </span>
     <span class='ocr_line' id='line_1_46' title="bbox 221 4402 1812 4482; baseline -0.001 -25"><span class='ocrx_word' id='word_1_612' title='bbox 221 4405 402 4458; x_wconf 81' lang='lat' dir='ltr'><strong>inalisomncs</strong></span> <span class='ocrx_word' id='word_1_613' title='bbox 412 4405 539 4459; x_wconf 72' lang='lat' dir='ltr'><strong>liberaris</strong></span> <span class='ocrx_word' id='word_1_614' title='bbox 544 4446 554 4473; x_wconf 88' lang='lat'><strong>,</strong></span> <span class='ocrx_word' id='word_1_615' title='bbox 564 4411 590 4458; x_wconf 79' lang='lat' dir='ltr'><strong>sl</strong></span> <span class='ocrx_word' id='word_1_616' title='bbox 598 4410 701 4459; x_wconf 81' lang='lat' dir='ltr'><strong>cunctis</strong></span> <span class='ocrx_word' id='word_1_617' title='bbox 710 4407 847 4474; x_wconf 83' lang='lat' dir='ltr'><strong>ostendas,</strong></span> <span class='ocrx_word' id='word_1_618' title='bbox 857 4402 934 4476; x_wconf 81' lang='lat' dir='ltr'><strong>quali</strong></span> <span class='ocrx_word' id='word_1_619' title='bbox 947 4419 995 4476; x_wconf 75' lang='lat' dir='ltr'><strong>ge·</strong></span> <span class='ocrx_word' id='word_1_620' title='bbox 1038 4402 1129 4479; x_wconf 76' lang='lat' dir='ltr'><strong>igitur</strong></span> <span class='ocrx_word' id='word_1_621' title='bbox 1149 4403 1251 4462; x_wconf 68' lang='lat' dir='ltr'><strong>adesse</strong></span> <span class='ocrx_word' id='word_1_622' title='bbox 1270 4417 1400 4482; x_wconf 79' lang='lat' dir='ltr'><strong>oportet,</strong></span> <span class='ocrx_word' id='word_1_623' title='bbox 1425 4417 1486 4462; x_wconf 84' lang='lat' dir='ltr'><strong>tum</strong></span> <span class='ocrx_word' id='word_1_624' title='bbox 1508 4403 1618 4460; x_wconf 86' lang='lat' dir='ltr'><strong>bonum</strong></span> <span class='ocrx_word' id='word_1_625' title='bbox 1635 4405 1720 4480; x_wconf 86' lang='lat' dir='ltr'><strong>quod</strong></span> <span class='ocrx_word' id='word_1_626' title='bbox 1735 4406 1772 4462; x_wconf 70' lang='lat' dir='ltr'><strong>ab</strong></span> <span class='ocrx_word' id='word_1_627' title='bbox 1786 4423 1812 4461; x_wconf 82' lang='lat' dir='ltr'><strong>eo</strong></span> 
     </span>
     <span class='ocr_line' id='line_1_47' title="bbox 222 4484 1813 4568; baseline -0.006 -13"><span class='ocrx_word' id='word_1_628' title='bbox 222 4495 271 4555; x_wconf 69' lang='lat' dir='ltr'><strong>nio</strong></span> <span class='ocrx_word' id='word_1_629' title='bbox 286 4502 404 4548; x_wconf 63' lang='lat' dir='ltr'><strong>utantur·</strong></span> <span class='ocrx_word' id='word_1_630' title='bbox 422 4489 538 4564; x_wconf 67' lang='lat' dir='ltr'><strong>Nonne,</strong></span> <span class='ocrx_word' id='word_1_631' title='bbox 554 4491 636 4566; x_wconf 71' lang='lat' dir='ltr'><strong>quati</strong></span> <span class='ocrx_word' id='word_1_632' title='bbox 650 4490 700 4547; x_wconf 87' lang='lat' dir='ltr'><strong>ille</strong></span> <span class='ocrx_word' id='word_1_633' title='bbox 713 4503 879 4568; x_wconf 78' lang='lat' dir='ltr'><strong>potestatem</strong></span> <span class='ocrx_word' id='word_1_634' title='bbox 895 4486 997 4544; x_wconf 85' lang='lat' dir='ltr'><strong>habeat</strong></span> <span class='ocrx_word' id='word_1_635' title='bbox 1038 4509 1093 4567; x_wconf 85' lang='lat' dir='ltr'><strong>pro</strong></span> <span class='ocrx_word' id='word_1_636' title='bbox 1114 4484 1212 4549; x_wconf 78' lang='lat' dir='ltr'><strong>onllur</strong></span> <span class='ocrx_word' id='word_1_637' title='bbox 1226 4491 1276 4568; x_wconf 87' lang='lat' dir='ltr'><strong>qui</strong></span> <span class='ocrx_word' id='word_1_638' title='bbox 1291 4489 1432 4561; x_wconf 84' lang='lat' dir='ltr'><strong>ostendit,</strong></span> <span class='ocrx_word' id='word_1_639' title='bbox 1445 4504 1505 4548; x_wconf 90' lang='lat' dir='ltr'><strong>tum</strong></span> <span class='ocrx_word' id='word_1_640' title='bbox 1517 4488 1580 4566; x_wconf 87' lang='lat' dir='ltr'><strong>ejus</strong></span> <span class='ocrx_word' id='word_1_641' title='bbox 1594 4491 1644 4547; x_wconf 88' lang='lat' dir='ltr'><strong>eui</strong></span> <span class='ocrx_word' id='word_1_642' title='bbox 1658 4491 1813 4548; x_wconf 87' lang='lat' dir='ltr'><strong>ostenditur</strong></span> 
     </span>
     <span class='ocr_line' id='line_1_48' title="bbox 221 4513 1812 4651; baseline -0.005 -19"><span class='ocrx_word' id='word_1_643' title='bbox 221 4597 316 4634; x_wconf 79' lang='grc' dir='ltr'>οιιιπει</span> <span class='ocrx_word' id='word_1_644' title='bbox 335 4576 421 4634; x_wconf 85' lang='lat' dir='ltr'><strong>etiam</strong></span> <span class='ocrx_word' id='word_1_645' title='bbox 442 4576 598 4634; x_wconf 83' lang='lat' dir='ltr'><strong>invitusad</strong></span> <span class='ocrx_word' id='word_1_646' title='bbox 620 4577 767 4634; x_wconf 80' lang='lat' dir='ltr'><strong>veritatem</strong></span> <span class='ocrx_word' id='word_1_647' title='bbox 790 4572 994 4646; x_wconf 79' lang='lat' dir='ltr'><strong>convertendi,</strong></span> <span class='ocrx_word' id='word_1_648' title='bbox 1039 4513 1154 4631; x_wconf 80' lang='lat' dir='ltr'><strong>ocuiitm</strong></span> <span class='ocrx_word' id='word_1_649' title='bbox 1177 4581 1310 4640; x_wconf 88' lang='lat' dir='ltr'><strong>acutum,</strong></span> <span class='ocrx_word' id='word_1_650' title='bbox 1331 4579 1363 4626; x_wconf 88' lang='lat' dir='ltr'><strong>ut</strong></span> <span class='ocrx_word' id='word_1_651' title='bbox 1378 4569 1459 4626; x_wconf 90' lang='lat' dir='ltr'><strong>illine</strong></span> <span class='ocrx_word' id='word_1_652' title='bbox 1480 4587 1526 4626; x_wconf 88' lang='lat' dir='ltr'><strong>res</strong></span> <span class='ocrx_word' id='word_1_653' title='bbox 1551 4565 1741 4651; x_wconf 84' lang='lat' dir='ltr'><strong>spectabilis,</strong></span> <span class='ocrx_word' id='word_1_654' title='bbox 1758 4571 1812 4628; x_wconf 90' lang='lat' dir='ltr'><strong>hinc</strong></span> 
     </span>
     <span class='ocr_line' id='line_1_49' title="bbox 221 4654 1812 4735; baseline -0.005 -17"><span class='ocrx_word' id='word_1_655' title='bbox 221 4660 478 4735; x_wconf 74' lang='lat' dir='ltr'><strong>negligentiorem</strong></span> <span class='ocrx_word' id='word_1_656' title='bbox 492 4673 541 4717; x_wconf 87' lang='lat' dir='ltr'><strong>ant</strong></span> <span class='ocrx_word' id='word_1_657' title='bbox 555 4661 632 4718; x_wconf 88' lang='lat' dir='ltr'><strong>malo</strong></span> <span class='ocrx_word' id='word_1_658' title='bbox 645 4661 767 4718; x_wconf 87' lang='lat' dir='ltr'><strong>consilio</strong></span> <span class='ocrx_word' id='word_1_659' title='bbox 782 4659 812 4718; x_wconf 91' lang='lat' dir='ltr'><strong>id</strong></span> <span class='ocrx_word' id='word_1_660' title='bbox 824 4679 883 4717; x_wconf 91' lang='lat' dir='ltr'><strong>non</strong></span> <span class='ocrx_word' id='word_1_661' title='bbox 900 4658 994 4728; x_wconf 84' lang='lat' dir='ltr'><strong>saciat,</strong></span> <span class='ocrx_word' id='word_1_662' title='bbox 1039 4667 1133 4714; x_wconf 87' lang='lat' dir='ltr'><strong>autem</strong></span> <span class='ocrx_word' id='word_1_663' title='bbox 1141 4655 1282 4733; x_wconf 84' lang='lat' dir='ltr'><strong>spectatio</strong></span> <span class='ocrx_word' id='word_1_664' title='bbox 1291 4655 1326 4712; x_wconf 88' lang='lat' dir='ltr'><strong>ad</strong></span> <span class='ocrx_word' id='word_1_665' title='bbox 1334 4654 1604 4712; x_wconf 82' lang='lat' dir='ltr'><strong>demonstrationem</strong></span> <span class='ocrx_word' id='word_1_666' title='bbox 1613 4655 1812 4730; x_wconf 81' lang='lat' dir='ltr'><strong>perficiendam</strong></span> 
     </span>
     <span class='ocr_line' id='line_1_50' title="bbox 221 4737 1812 4818; baseline -0.004 -14"><span class='ocrx_word' id='word_1_667' title='bbox 221 4759 254 4804; x_wconf 92' lang='lat' dir='ltr'><strong>ut</strong></span> <span class='ocrx_word' id='word_1_668' title='bbox 264 4748 296 4806; x_wconf 90' lang='lat' dir='ltr'><strong>in</strong></span> <span class='ocrx_word' id='word_1_669' title='bbox 310 4747 435 4806; x_wconf 86' lang='lat' dir='ltr'><strong>vinculis</strong></span> <span class='ocrx_word' id='word_1_670' title='bbox 450 4748 647 4806; x_wconf 77' lang='lat' dir='ltr'><strong>retineantur?</strong></span> <span class='ocrx_word' id='word_1_671' title='bbox 662 4749 699 4804; x_wconf 78' lang='lat' dir='ltr'><strong>At</strong></span> <span class='ocrx_word' id='word_1_672' title='bbox 715 4747 776 4806; x_wconf 85' lang='lat' dir='ltr'><strong>haec</strong></span> <span class='ocrx_word' id='word_1_673' title='bbox 795 4759 871 4804; x_wconf 85' lang='lat' dir='ltr'><strong>certe</strong></span> <span class='ocrx_word' id='word_1_674' title='bbox 881 4747 928 4804; x_wconf 87' lang='lat' dir='ltr'><strong>vel</strong></span> <span class='ocrx_word' id='word_1_675' title='bbox 941 4763 997 4802; x_wconf 86' lang='lat' dir='ltr'><strong>su·-</strong></span> <span class='ocrx_word' id='word_1_676' title='bbox 1039 4754 1221 4802; x_wconf 83' lang='lat' dir='ltr'><strong>concurrant.</strong></span> <span class='ocrx_word' id='word_1_677' title='bbox 1237 4742 1307 4811; x_wconf 78' lang='lat' dir='ltr'><strong>Qnae</strong></span> <span class='ocrx_word' id='word_1_678' title='bbox 1322 4761 1410 4818; x_wconf 90' lang='lat' dir='ltr'><strong>quum</strong></span> <span class='ocrx_word' id='word_1_679' title='bbox 1428 4741 1467 4799; x_wconf 86' lang='lat' dir='ltr'><strong>ita</strong></span> <span class='ocrx_word' id='word_1_680' title='bbox 1478 4741 1551 4814; x_wconf 88' lang='lat' dir='ltr'><strong>sint,</strong></span> <span class='ocrx_word' id='word_1_681' title='bbox 1563 4737 1713 4818; x_wconf 79' lang='lat' dir='ltr'><strong>ponamus</strong></span> <span class='ocrx_word' id='word_1_682' title='bbox 1726 4760 1812 4799; x_wconf 86' lang='lat' dir='ltr'><strong>ornnes</strong></span> 
     </span>
     <span class='ocr_line' id='line_1_51' title="bbox 223 4829 1812 4912; baseline -0.006 -20"><span class='ocrx_word' id='word_1_683' title='bbox 223 4835 330 4912; x_wconf 86' lang='lat' dir='ltr'><strong>spicari</strong></span> <span class='ocrx_word' id='word_1_684' title='bbox 344 4835 424 4894; x_wconf 79' lang='lat' dir='ltr'><strong>netes</strong></span> <span class='ocrx_word' id='word_1_685' title='bbox 437 4847 488 4893; x_wconf 79' lang='lat' dir='ltr'><strong>est¹</strong></span> <span class='ocrx_word' id='word_1_686' title='bbox 504 4833 560 4892; x_wconf 84' lang='lat' dir='ltr'><strong>Sed</strong></span> <span class='ocrx_word' id='word_1_687' title='bbox 571 4833 600 4891; x_wconf 90' lang='lat' dir='ltr'><strong>id</strong></span> <span class='ocrx_word' id='word_1_688' title='bbox 616 4833 712 4910; x_wconf 88' lang='lat' dir='ltr'><strong>potins</strong></span> <span class='ocrx_word' id='word_1_689' title='bbox 726 4833 851 4891; x_wconf 84' lang='lat' dir='ltr'><strong>ostendit</strong></span> <span class='ocrx_word' id='word_1_690' title='bbox 861 4850 1002 4903; x_wconf 85' lang='lat' dir='ltr'><strong>carmen,</strong></span> <span class='ocrx_word' id='word_1_691' title='bbox 1039 4829 1123 4886; x_wconf 84' lang='lat' dir='ltr'><strong>simul</strong></span> <span class='ocrx_word' id='word_1_692' title='bbox 1139 4829 1222 4886; x_wconf 87' lang='lat' dir='ltr'><strong>malis</strong></span> <span class='ocrx_word' id='word_1_693' title='bbox 1237 4829 1383 4885; x_wconf 74' lang='lat' dir='ltr'><strong>liberatam</strong></span> <span class='ocrx_word' id='word_1_694' title='bbox 1397 4833 1441 4897; x_wconf 71' lang='grc' dir='ltr'><strong>ὴν,</strong></span> <span class='ocrx_word' id='word_1_695' title='bbox 1455 4835 1482 4884; x_wconf 82' lang='grc' dir='ltr'><strong>ει·</strong></span> <span class='ocrx_word' id='word_1_696' title='bbox 1494 4832 1567 4884; x_wconf 84' lang='lat' dir='ltr'><strong>Deus</strong></span> <span class='ocrx_word' id='word_1_697' title='bbox 1584 4831 1718 4884; x_wconf 66' lang='lat' dir='ltr'><strong>anseribus</strong></span> <span class='ocrx_word' id='word_1_698' title='bbox 1736 4845 1812 4886; x_wconf 68' lang='lat' dir='ltr'><strong>ones</strong></span> 
     </span>
     <span class='ocr_line' id='line_1_52' title="bbox 222 4915 1811 5000; baseline -0.005 -22"><span class='ocrx_word' id='word_1_699' title='bbox 222 4923 250 4978; x_wconf 88' lang='lat' dir='ltr'><strong>ei</strong></span> <span class='ocrx_word' id='word_1_700' title='bbox 270 4923 307 4982; x_wconf 86' lang='lat' dir='ltr'><strong>ad</strong></span> <span class='ocrx_word' id='word_1_701' title='bbox 321 4923 409 4982; x_wconf 86' lang='lat' dir='ltr'><strong>ileum</strong></span> <span class='ocrx_word' id='word_1_702' title='bbox 422 4965 430 4994; x_wconf 96' lang='lat'><strong>,</strong></span> <span class='ocrx_word' id='word_1_703' title='bbox 444 4935 579 5000; x_wconf 80' lang='lat' dir='ltr'><strong>tanquam</strong></span> <span class='ocrx_word' id='word_1_704' title='bbox 592 4921 630 4979; x_wconf 51' lang='lat' dir='ltr'><strong>¹ad</strong></span> <span class='ocrx_word' id='word_1_705' title='bbox 645 4935 774 4999; x_wconf 89' lang='lat' dir='ltr'><strong>patrem,</strong></span> <span class='ocrx_word' id='word_1_706' title='bbox 794 4919 995 4978; x_wconf 78' lang='lat' dir='ltr'><strong>revertendum</strong></span> <span class='ocrx_word' id='word_1_707' title='bbox 1039 4921 1090 4974; x_wconf 83' lang='lat' dir='ltr'><strong>dot</strong></span> <span class='ocrx_word' id='word_1_708' title='bbox 1111 4924 1278 4992; x_wconf 76' lang='lat' dir='ltr'><strong>naluraeqne</strong></span> <span class='ocrx_word' id='word_1_709' title='bbox 1304 4920 1432 4992; x_wconf 85' lang='lat' dir='ltr'><strong>ipsorum</strong></span> <span class='ocrx_word' id='word_1_710' title='bbox 1449 4915 1582 4972; x_wconf 84' lang='lat' dir='ltr'><strong>notitiam</strong></span> <span class='ocrx_word' id='word_1_711' title='bbox 1607 4916 1776 4992; x_wconf 79' lang='lat' dir='ltr'><strong>patefaciat,</strong></span> <span class='ocrx_word' id='word_1_712' title='bbox 1792 4928 1811 4972; x_wconf 86' lang='lat' dir='ltr'><strong>et</strong></span> 
     </span>
     <span class='ocr_line' id='line_1_53' title="bbox 223 5000 1811 5085; baseline -0.003 -23"><span class='ocrx_word' id='word_1_713' title='bbox 223 5009 362 5085; x_wconf 86' lang='lat' dir='ltr'><strong>esse,qni</strong></span> <span class='ocrx_word' id='word_1_714' title='bbox 375 5009 412 5066; x_wconf 82' lang='lat' dir='ltr'><strong>ml</strong></span> <span class='ocrx_word' id='word_1_715' title='bbox 425 5009 492 5066; x_wconf 83' lang='lat' dir='ltr'><strong>vitae</strong></span> <span class='ocrx_word' id='word_1_716' title='bbox 507 5008 670 5066; x_wconf 81' lang='lat' dir='ltr'><strong>felicitatem</strong></span> <span class='ocrx_word' id='word_1_717' title='bbox 685 5006 842 5066; x_wconf 88' lang='lat' dir='ltr'><strong>contendit.</strong></span> <span class='ocrx_word' id='word_1_718' title='bbox 855 5005 905 5064; x_wconf 83' lang='lat' dir='ltr'><strong>Est</strong></span> <span class='ocrx_word' id='word_1_719' title='bbox 918 5005 995 5061; x_wconf 88' lang='lat' dir='ltr'><strong>enim</strong></span> <span class='ocrx_word' id='word_1_720' title='bbox 1040 5008 1119 5080; x_wconf 80' lang='lat' dir='ltr'><strong>puali</strong></span> <span class='ocrx_word' id='word_1_721' title='bbox 1127 5011 1212 5078; x_wconf 77' lang='lat' dir='ltr'><strong>genio</strong></span> <span class='ocrx_word' id='word_1_722' title='bbox 1227 5015 1348 5060; x_wconf 75' lang='grc' dir='ltr'>υιαιιειιτ.</span> <span class='ocrx_word' id='word_1_723' title='bbox 1364 5000 1453 5079; x_wconf 77' lang='lat' dir='ltr'><strong>Atqui</strong></span> <span class='ocrx_word' id='word_1_724' title='bbox 1462 5021 1522 5060; x_wconf 89' lang='lat' dir='ltr'><strong>non</strong></span> <span class='ocrx_word' id='word_1_725' title='bbox 1531 5019 1626 5059; x_wconf 86' lang='lat' dir='ltr'><strong>omnes</strong></span> <span class='ocrx_word' id='word_1_726' title='bbox 1636 5003 1728 5061; x_wconf 89' lang='lat' dir='ltr'><strong>simul</strong></span> <span class='ocrx_word' id='word_1_727' title='bbox 1740 5007 1811 5062; x_wconf 77' lang='lat' dir='ltr'><strong>malis</strong></span> 
     </span>
     <span class='ocr_line' id='line_1_54' title="bbox 225 5089 1811 5192; baseline 0 -43"><span class='ocrx_word' id='word_1_728' title='bbox 225 5093 302 5152; x_wconf 85' lang='lat' dir='ltr'><strong>Deus</strong></span> <span class='ocrx_word' id='word_1_729' title='bbox 320 5102 440 5162; x_wconf 66' lang='lat' dir='ltr'><strong>ostentum</strong></span> <span class='ocrx_word' id='word_1_730' title='bbox 462 5096 580 5174; x_wconf 85' lang='lat' dir='ltr'><strong>quidem</strong></span> <span class='ocrx_word' id='word_1_731' title='bbox 604 5107 725 5169; x_wconf 83' lang='lat' dir='ltr'><strong>creator,</strong></span> <span class='ocrx_word' id='word_1_732' title='bbox 749 5093 892 5167; x_wconf 79' lang='lat' dir='ltr'><strong>honorum</strong></span> <span class='ocrx_word' id='word_1_733' title='bbox 927 5109 997 5152; x_wconf 81' lang='lat' dir='ltr'><strong>vero</strong></span> <span class='ocrx_word' id='word_1_734' title='bbox 1041 5094 1201 5151; x_wconf 79' lang='lat' dir='ltr'><strong>liberantur.</strong></span> <span class='ocrx_word' id='word_1_735' title='bbox 1214 5089 1289 5166; x_wconf 74' lang='lat' dir='ltr'><strong>Ergo</strong></span> <span class='ocrx_word' id='word_1_736' title='bbox 1298 5109 1357 5148; x_wconf 86' lang='lat' dir='ltr'><strong>uon</strong></span> <span class='ocrx_word' id='word_1_737' title='bbox 1366 5091 1628 5162; x_wconf 81' lang='lat' dir='ltr'><strong>omnibusostendit&#39;,</strong></span> <span class='ocrx_word' id='word_1_738' title='bbox 1641 5090 1692 5192; x_wconf 68' lang='lat' dir='ltr'><strong>sed</strong></span> <span class='ocrx_word' id='word_1_739' title='bbox 1705 5092 1743 5151; x_wconf 87' lang='lat' dir='ltr'><strong>iis</strong></span> <span class='ocrx_word' id='word_1_740' title='bbox 1753 5091 1811 5170; x_wconf 70' lang='lat' dir='ltr'><strong>solis</strong></span> 
     </span>
    </p>

    <p class='ocr_par' dir='ltr' id='par_1_5' title="bbox 1328 5166 1824 5210">
     <span class='ocr_line' id='line_1_55' title="bbox 1328 5166 1824 5210; baseline 0 -6"><span class='ocrx_word' id='word_1_741' title='bbox 1328 5191 1345 5210; x_wconf 82' lang='lat'><strong>..</strong></span> <span class='ocrx_word' id='word_1_742' title='bbox 1371 5172 1404 5210; x_wconf 74' lang='lat'><strong>,⁶¹</strong></span> <span class='ocrx_word' id='word_1_743' title='bbox 1483 5193 1486 5202; x_wconf 92' lang='lat'><em>.</em></span> <span class='ocrx_word' id='word_1_744' title='bbox 1624 5178 1661 5203; x_wconf 76' lang='grc' dir='ltr'>,ιι</span> <span class='ocrx_word' id='word_1_745' title='bbox 1686 5169 1689 5179; x_wconf 90' lang='grc'><strong>“</strong></span> <span class='ocrx_word' id='word_1_746' title='bbox 1788 5168 1793 5178; x_wconf 91' lang='grc'><strong>“</strong></span> <span class='ocrx_word' id='word_1_747' title='bbox 1820 5166 1824 5182; x_wconf 76' lang='lat'>⁶</span> 
     </span>
    </p>
   </div>
   <div class='ocr_carea' id='block_1_5' title="bbox 0 0 1871 5908">
    <p class='ocr_par' dir='ltr' id='par_1_6' title="bbox 0 0 1871 5908">
     <span class='ocr_line' id='line_1_56' title="bbox 0 0 1871 5908; baseline 0 0"><span class='ocrx_word' id='word_1_748' title='bbox 0 0 1871 5908; x_wconf 95' lang='lat' dir='ltr'><strong> </strong></span> 
     </span>
    </p>
   </div>
  </div>
 </body>
</html>
