3696 5922
703 361 768 458 H.
809 359 892 452 ΕΚ
924 357 1044 451 ΤΟΥ
1078 359 1114 448 Γ
1118 353 1279 450 Eous
1283 351 1446 450 ΙΚΟΥ.

565 675 891 767 FRAGMENTA
924 674 1069 764 LIBRI
1102 673 1174 760 DE
1205 668 1607 761 Adurentibus.

940 869 1222 904 ——eoa—
1831 867 1832 922 l

1831 949 1832 990 ί

321 1061 342 1100 ι.
365 1037 527 1118 Δημόκριτός
548 1060 635 1118 φησιν,
651 1036 690 1096 ότι
705 1041 820 1096 τοιοῦτον
842 1038 894 1116 χρὴ
909 1039 1056 1116 προσδοκᾷν
1103 1034 1319 1110 ἀναλισκομένου,
1333 1033 1450 1112 καθάπερ
1463 1031 1589 1090 καὶκατὰ
1602 1029 1651 1101 τὴν
1665 1030 1785 1089 unbem
1797 1043 1832 1108 :sd

281 1129 385 1187 ίσεσθαι
399 1127 442 1186 τδν
459 1127 596 1205 χειμῶνα,
610 1124 686 1184 ὁποία
707 1122 781 1182 ίσται
803 1128 820 1194 ἡ
835 1124 946 1203 τετάρτη
961 1123 1005 1182 καί
1020 1126 1057 1182 εί-
1103 1122 1209 1193 θέὅηκε,
1226 1125 1243 1197 §
1259 1133 1287 1182 5.
1301 1125 1326 1180 Τ
1328 1119 1343 1178 δι
1359 1119 1385 1178 δὲ
1407 1124 1433 1178 ἐν
1446 1127 1500 1186 τοῖς
1518 1119 1605 1196 ὄρεσιν
1624 1119 1686 1176 ὄντα
1706 1121 1754 1174 τῶν
1770 1117 1832 1200 ίέ4τ4

280 1213 361 1285 xenoni
371 1217 416 1272 τοῦ
425 1213 487 1272 Δίου
497 1211 578 1289 μηνὸς
586 1209 682 1290 ἡμίρα.
1103 1207 1140 1282 μὴ
1155 1206 1185 1264 τδ
1199 1207 1262 1264 αὐτὸ
1284 1206 1404 1285 πάσχειν,
1417 1207 1459 1263 διὰ
1478 1206 1507 1265 τδ
1525 1205 1562 1282 μὴ
1586 1205 1618 1262 δι’
1634 1203 1697 1272 δλης
1715 1209 1756 1272 τῆς
1773 1209 1832 1280 irrisi

380 1323 527 1403 (cassiani
537 1321 756 1400 Bassifieopon·
768 1323 819 1384 lib·
830 1323 843 1380 χ
854 1341 916 1402 cap·
927 1323 961 1393 v,
976 1323 1017 1401 3.)
1103 1297 1276 1371 ἐκπυροῦσθαι
1287 1298 1319 1372 τῇ
1332 1295 1428 1365 άκτῖνε,
1443 1294 1487 1351 καὶ
1501 1294 1658 1370 κεκλιμένην
1673 1296 1752 1358 αὐτοῖς
1768 1293 1802 1349 καί
1818 1291 1832 1378 4

1105 1381 1192 1459 βιαίαν
1205 1381 1388 1456 προσπίπτειν.
1403 1378 1485 1440 Ὅθεν
1496 1381 1530 1439 τὰ
1543 1381 1608 1459 πρὸς
1621 1379 1713 1458 ἄρκτον
1729 1378 1832 1528 ἔχον-,44

319 1483 342 1525 a.
366 1467 383 1540 §
409 1476 435 1526 1.
459 1464 525 1544 Περὶ
540 1462 566 1522 δί
580 1468 626 1536 τῆς
645 1465 846 1542 ὑδροραντικῆς,
861 1465 912 1524 ὑπὸ
934 1464 963 1522 δέ
981 1488 1057 1523 τινων
1103 1469 1200 1534 κλίσεις
1214 1467 1365 1547 εὑυδρότερα
1379 1471 1430 1524 τῶν
1449 1467 1512 1545 πρὸς
1535 1467 1703 1544 μεσημῦρίαν
1723 1468 1810 1540 ιιειιλιμ

282 1552 517 1628 ὑδρομαστευτικῆς
531 1550 721 1629 λεγομένηςνῦν
731 1553 849 1628 ἐροῦμεν.
862 1549 1058 1630 Ἇποραίνονται
1104 1555 1304 1634 ἀποφαίνονται,
1327 1553 1372 1611 καλ
1402 1553 1435 1611 τὺ
1457 1555 1521 1632 πρὸς
1548 1553 1677 1619 σἰνατολδς
1698 1553 1741 1609 καὶ
1760 1556 1829 1626 θυεμ,-

281 1635 332 1714 γδρ
346 1639 370 1695 οί
383 1637 466 1716 [περλ]
478 1640 528 1696 τῶν
546 1638 736 1717 ὑδροραντικῶν
760 1635 807 1706 τὴν
830 1638 967 1716 ἐμπειρίαν
983 1640 1059 1707 εἶλη-
1104 1634 1184 1713 ἧσσον
1201 1643 1248 1716 μὲν
1269 1647 1319 1700 τῶν
1340 1641 1403 1718 πρὸς
1419 1641 1522 1720 άρκτον,
1536 1643 1626 1698 πλεῖον
1641 1641 1669 1697 δὲ
1688 1645 1738 1697 τῶν
1751 1575 1832 1716 πρα4

282 1729 371 1807 pirre,
383 1723 416 1783 τὰ
428 1724 475 1801 μὲν
487 1723 563 1783 πεδία
582 1724 678 1801 ἄνυδρα
692 1723 817 1802 ὑπάρχειν
832 1727 866 1789 ὡς
876 1723 919 1780 trrl
931 1721 960 1780 τὸ
973 1724 1057 1796 πολύ,
1105 1729 1237 1810 σημΰρίαν
1251 1727 1421 1803 κεκλιμένων,
1433 1728 1477 1785 καί
1490 1729 1523 1787 τὰ
1538 1727 1621 1786 δασέα
1635 1730 1687 1785 τῶν
1701 1731 1776 1807 ψιλῶν
1788 1730 1816 1784 ειν

282 1815 327 1872 καί
339 1813 372 1870 τὰ
384 1812 487 1887 μείζονα
502 1813 600 1887 μᾶλλον
618 1814 670 1869 τῶν
684 1809 840 1869 ἐλασσόνων.
856 1812 916 1870 Τῶν
937 1810 964 1868 δὲ
979 1809 1058 1889 θρίων
1106 1818 1265 1884 σκιάζεσθαι.
1279 1818 1295 1892 §
1310 1828 1338 1876 o.
1354 1819 1379 1874 T
1380 1815 1410 1881 δις
1425 1815 1452 1872 δὲ
1475 1814 1607 1892 ὑπωρείας
1626 1817 1727 1890 μᾶλλον
1744 1817 1816 1892 καλῶ,ι

283 1899 376 1979 ίνυδρα
399 1901 433 1957 τὰ
456 1901 565 1956 πλεῖστα
586 1898 631 1956 καί
650 1897 697 1964 τδις
721 1897 849 1976 ὑπωρείας
871 1899 1060 1978 καθυγροτίρας
1102 1893 1171 1960 ἐἶναι
1186 1903 1227 1960 ed
1245 1903 1276 1960 τδ
1293 1901 1339 1972 τὴν
1357 1901 1437 1982 ρορδν
1456 1905 1492 1969 είς
1505 1903 1534 1958 rb
1549 1903 1623 1960 κάτω
1638 1902 1716 1978 μέρος
1729 1909 1775 1962 τοῖς
1786 1905 1817 1957 Ξῖ.

282 1991 334 2044 τῶν
350 1989 496 2064 άκρωρειῶν
511 1985 646 2063 ὑπάρχειν,
661 1983 705 2043 καί
717 1983 749 2041 sd
765 1985 846 2042 δασέα
861 1983 904 2040 καί
926 1984 959 2042 τά
979 1985 1060 2042 κατά·
1106 1979 1191 2059 εἶναι,
1211 1988 1254 2048 καλ
1275 1990 1427 2067 συνάγεσθαι
1441 1989 1473 2046 τδι
1488 1990 1540 2046 α’πδ
1558 1993 1612 2046 τῶν
1627 1991 1732 2067 ὑψηλῶν
1748 1990 1776 2050 εἰς
1786 1991 1822 2044 τὲ.

284 2075 375 2150 δενδρα
389 2077 440 2131 τῶν
454 2074 547 2150 Ιίιλῶν.
561 2074 578 2147 §
593 2083 621 2132 λ.
635 2071 659 2128 Τ
661 2072 677 2127 δι
692 2069 718 2128 δὲ
731 2074 755 2130 ἐν
769 2079 821 2136 τοῖς
837 2071 933 2138 πεδίοις
943 2071 1060 2151 εὑρισκό·
1106 2075 1205 2147 πεινόν,
1220 2074 1265 2132 καί
1278 2076 1329 2132 ὑπὸ
1343 2074 1389 2140 τδς
1403 2076 1472 2154 ῥίζας
1485 2077 1538 2132 τῶν
1552 2074 1645 2152 ὀρέων.
1668 2077 1684 2148 §
1704 2085 1733 2132 i.
1746 2072 1807 2131 Ὅθεν

284 2163 415 2235 petendis
429 2159 528 2217 ὑδάτων
543 2157 745 2235 δλμυρδὼςέπί
759 2157 1060 2228 pinsitammero
1106 2160 1152 2228 τδς
1172 2160 1295 2227 πλείστας
1314 2160 1399 2236 πηγδις
1423 2160 1468 2218 καὶ
1491 2160 1618 2238 μεγίστας
1640 2163 1668 2218 ἐν
1692 2161 1743 2224 τοῖς
1760 2163 1820 2216 rnre..

284 2246 355 2324 ὄρεσι
366 2246 411 2304 καλ
424 2253 480 2312 ταῖς
492 2245 630 2324 ὑπωρείαις
639 2245 749 2320 γλυκέα·
761 2243 806 2302 etv
816 2243 852 2320 μή
861 2267 938 2302 τινων
948 2251 964 2315 ἡ
974 2251 1060 2324 γεῦσις
1106 2249 1193 2313 τόποις
1207 2247 1344 2326 ὑπάρχειν,
1359 2250 1386 2305 ἐν
1397 2238 1434 2313 οἷς
1448 2247 1623 2326 ὑπερκείμενά
1639 2249 1710 2306 ἐστιν
1724 2247 1765 2324 ὄρη
1777 2247 1826 2323 με,’

181 2348 186 2356 ·
284 2331 420 2411 ρθείρηται
435 2331 476 2390 διὰ
491 2331 537 2399 τὴν
557 2333 608 2388 τῶν
623 2330 791 2407 ἐπικειμένων
814 2331 914 2388 ὑδάτων
931 2330 1060 2406 ἰδιότητα,
1107 2335 1151 2392 καί
1174 2333 1262 2414 ὑψηλά
1279 2333 1324 2391 καί
1345 2334 1445 2408 δασέα,
1461 2335 1554 2412 ἔχοντα
1568 2334 1671 2399 κοίλους
1690 2333 1788 2411 καδραρ

284 2415 399 2493 ιὐμῶν,ἢ
412 2417 535 2495 ἁλμυρῶν
545 2417 723 2496 ὑπαρχόντοιν,
735 2417 752 2488 ἢ
763 2419 903 2495 νιτρωδῶν,
917 2416 934 2487 ἢ
947 2441 1059 2489 στυπτη-
1109 2423 1159 2488 δεις
1170 2422 1273 2487 τόπους.
1289 2420 1336 2480 Ἐν
1350 2421 1399 2499 γάρ
1411 2421 1464 2486 τοῖς
1479 2420 1604 2486 τοιούτοις
1617 2419 1677 2485 τοὺς
1692 2422 1747 2478 κατ’
1761 2420 1832 2482 isaeo

286 2505 344 2582 ρίαν
367 2503 519 2582 ίχόντων,ἢ
536 2508 613 2573 θεῖον,
631 2504 648 2575 ἦ
664 2505 766 2563 άλλοτι
784 2503 1015 2581 repromissus
1035 2516 1061 2566 θ.
1110 2507 1250 2583 αγομίνους
1271 2506 1382 2586 δμόρους
1404 2507 1448 2564 καί
1470 2507 1653 2582 διηθουμὲνους
1675 2505 1743 2564 κατά
1767 2511 1802 2582 γῆς
1826 2505 1830 2526 ¹

285 2591 407 2656 Φυσικδις
423 2589 450 2647 δί
463 2598 516 2657 τοῖς
529 2590 671 2668 εἰρημένοις
686 2591 769 2657 αἰτίας
782 2592 884 2650 τοιάσδε
896 2591 1062 2670 προσάπτου·
1109 2595 1192 2674 πηγάς
1208 2593 1304 2662 αὔξειν.
1322 2597 1338 2670 §
1354 2606 1381 2656 8.
1395 2594 1463 2654 Τινδ
1477 2594 1504 2652 δὲ
1516 2598 1568 2651 τῶν
1580 2594 1684 2653 ὑδάτων
1706 2592 1773 2671 παρά
1783 2593 1823 2649 τιό,

286 2699 339 2755 σιν,
364 2678 416 2737 siud
439 2681 490 2736 τῶν
516 2678 615 2738 ὑδάτων
642 2679 672 2737 τδ
693 2678 931 2757 λεπτομερίστατον
955 2678 996 2736 ἀεὶ
1018 2679 1062 2738 καί
1110 2681 1158 2757 μὲν
1171 2681 1218 2747 τὰς
1229 2682 1357 2760 ὑπωρείας
1372 2679 1408 2757 μὴ
1423 2683 1521 2761 ἐκφανῆ
1535 2680 1669 2758 γίνεσθαι,
1683 2681 1818 2754 ποιησάμειι

286 2766 461 2844 ίλαρρότατον
476 2765 559 2824 ἕλκειν
573 2765 616 2824 τδν
630 2763 712 2834 ἥλιον.
734 2766 750 2840 §
767 2780 795 2826 d.
811 2764 853 2824 Τδι
868 2764 915 2838 μίν
929 2755 973 2823 οῦν
986 2767 1063 2824 πεδία
1110 2767 1157 2832 ἕως
1171 2767 1238 2834 τινδς
1252 2766 1383 2846 ὑπορορδιν
1402 2768 1470 2826 κατὰ
1484 2771 1549 2846 γῆς,
1569 2768 1651 2832 οὑτως
1675 2771 1712 2832 εἰς
1729 2768 1756 2824 rb
1774 2763 1829 2845 ριν,1

286 2856 319 2912 δι’
331 2853 394 2923 ὅλης
408 2852 536 2931 ἐπέχοντα
550 2855 596 2922 τῆς
607 2852 706 2930 ἡμέρας
717 2850 760 2910 τδν
776 2849 849 2922 ἥλιον
867 2849 1014 2929 ἐξαμίλγειν
1035 2851 1064 2910 τδ
1110 2852 1283 2914 tritiensem.
1297 2853 1337 2913 Τδ
1351 2853 1378 2910 δὲ
1391 2852 1507 2924 σύνολον,
1524 2853 1568 2910 διδ
1588 2853 1634 2911 τδν
1658 2856 1778 2928 ἀνάγοντα
1795 2851 1821 2906 οῗ

286 2939 364 3018 ὑγρὸν
373 2939 417 2999 καί
427 2939 583 3016 ίξατμίζειν,
596 2939 651 2998 ὅθεν
663 2939 697 2996 τά
713 2939 761 3015 μὲν
771 2939 864 3004 τελέαις
874 2939 969 3016 ἄνυδρα
983 2940 1065 3020 ὑπάρ·
1110 2938 1157 3006 ίως
1165 2939 1305 3011 θαλάττης,
1316 2939 1427 3018 φανέντα
1437 2939 1620 3016 ἐξωθεῖσθαιξ
1634 2949 1662 2998 θ.
1670 2943 1697 2999 Τ
1699 2940 1738 2998 ινδ
1748 2939 1771 2999 δὲ
1780 2939 1825 2996 sr'r’

287 3049 342 3104 χει,
357 3028 383 3084 ίν
398 3017 434 3092 οἷς
448 3027 475 3084 δί
494 3025 681 3086 καταλείπεταί
695 3049 752 3083 τινα
767 3030 818 3084 τῶν
832 3025 943 3098 ὑδάτων,
959 3025 1064 3106 ἅλμυρδι
1111 3025 1157 3095 τὴν
1168 3027 1297 3084 θάλατταν
1308 3027 1456 3104 διδτῆςγῆς
1466 3027 1509 3083 ἐπί
1518 3025 1598 3083 πολὺν
1607 3026 1689 3084 τόπον
1699 3027 1824 3104 ε’νταῐςρί.,

287 3112 432 3193 εὑρίσκεται
447 3113 565 3188 πάντως,
582 3119 626 3171 τοῦ
641 3114 753 3192 ἐλαφροῦ
767 3112 811 3172 καὶ
825 3113 931 3191 γλυκίος
943 3111 969 3181 ἐξ
980 3115 1064 3172 αὐτῶν
1111 3111 1247 3192 ἐνεχθέντα
1268 3111 1348 3177 οὕτως
1370 3113 1508 3188 ἄναόλόει,
1523 3112 1644 3189 καθάπερ
1665 3113 1734 3170 ἐστὶν
1751 3115 1772 3168 ἐν
1782 3111 1828 3188 'tpr''

322 3312 344 3352 1.
359 3302 510 3351 Democritus
529 3301 562 3349 ait
584 3301 716 3362 exspectari
734 3306 858 3364 oportere,
877 3301 947 3350 talem
960 3301 1065 3351 tutorum
1111 3307 1140 3353 dl
1149 3317 1197 3351 non
1210 3302 1272 3352 idem
1284 3302 1401 3351 montium
1414 3302 1483 3364 aquis
1490 3301 1601 3360 evenire,
1614 3301 1705 3363 quippe
1715 3314 1765 3362 quse
1777 3313 1810 3347 mr

286 3399 344 3436 esse
361 3386 481 3446 hiemem,
497 3385 574 3447 ornatis
589 3384 639 3434 dies
657 3384 785 3434 vicesimus
800 3387 900 3447 qrrnrtos
918 3385 1005 3434 mensis
1018 3388 1066 3435 Ito-
1111 3395 1187 3438 totum
1200 3390 1263 3438 diem
1275 3389 1331 3438 solis
1348 3388 1418 3436 radiis
1429 3391 1567 3446 exorentur,
1580 3374 1605 3436 εί
1616 3387 1647 3436 ad
1658 3400 1720 3449 ouras
1730 3386 1811 3435 intimi

290 3473 395 3522 rembris
409 3473 490 3521 luerit.
1112 3476 1226 3526 violenter
1241 3475 1359 3524 accidant.
1381 3474 1450 3523 Unde
1466 3473 1537 3522 eliam
1552 3475 1648 3522 montes
1661 3473 1691 3520 ad
1706 3473 1797 3534 septenni

322 3567 346 3609 a.
363 3563 398 3609 De
409 3571 477 3621 σηοω
487 3557 647 3620 inquisitione,
658 3558 696 3607 rel
711 3559 738 3607 ut
750 3557 789 3606 elii
801 3557 892 3618 dieunt,
904 3557 1065 3620 irrrestigstio·
1112 3563 1212 3611 innexos
1223 3561 1251 3610 iis
1267 3561 1307 3624 qui
1321 3561 1351 3609 ed
1365 3560 1485 3610 meridiem
1504 3565 1606 3619 vergunt
1616 3560 1750 3619 annosiores
1764 3570 1802 3605 ese

290 3661 322 3696 oe
334 3659 398 3696 nune
414 3645 567 3694 disseremus.
579 3645 625 3708 Qui
644 3647 707 3694 enlm
721 3657 837 3707 aquarum
850 3645 1066 3706 investigandarum
1112 3651 1199 3708 urunt,
1210 3649 1315 3710 itemque
1327 3659 1409 3696 sersus
1422 3647 1539 3695 orientem
1551 3648 1576 3694 et
1584 3645 1732 3694 occidentem
1740 3642 1832 3716 stonum

291 3733 400 3797 peritiam
410 3731 474 3782 nanti
483 3734 550 3792 sunl,
558 3735 712 3794 pronuntiem
720 3731 817 3795 quidem
824 3744 920 3794 campos
927 3732 1068 3795 plerumque
1113 3735 1208 3798 quidem
1222 3747 1323 3797 aquosos
1334 3733 1517 3793 septentrionem
1531 3731 1708 3793 spectantibus,
1719 3731 1780 3790 magis
1789 3719 1832 3792 solet

292 3819 361 3882 aquis
376 3830 471 3878 carere,
483 3822 509 3866 et
525 3819 625 3879 maiores
646 3819 721 3878 magis
735 3817 874 3866 minoribus.
896 3820 930 3866 Ex
945 3817 1068 3868 montibus
1112 3824 1141 3870 sd
1154 3821 1277 3870 meridiem
1289 3819 1421 3880 inclinatis,
1435 3823 1459 3868 el
1468 3817 1553 3866 densos
1562 3817 1690 3866 arboribus
1701 3817 1765 3877 maon
1774 3809 1832 3874 εοιινί

294 3919 351 3954 uero
368 3905 483 3966 plurimos
494 3917 545 3953 ease
556 3917 657 3966 aquosos
668 3907 693 3953 et
707 3905 767 3952 imas
779 3905 885 3966 ipsorum
903 3905 981 3965 partes
992 3904 1069 3952 lrumi·
1113 3921 1185 3970 apuam
1199 3908 1291 3966 nudos,
1302 3905 1415 3968 quoniam
1427 3904 1611 3954 obumbrentur.
1625 3905 1739 3953 colerem
1747 3903 1832 3964 innuat

293 3991 373 4040 diores
386 4003 459 4052 quam
471 4002 591 4050 summas,
605 3995 718 4052 proterea
730 3989 816 4038 densos
836 3992 928 4038 montes
943 3992 1015 4051 atque
1027 4002 1065 4039 ar·
1114 3995 1173 4042 tium
1193 3998 1271 4055 partes
1291 3993 1368 4053 magis
1388 4003 1488 4052 aquosas
1510 4003 1579 4050 esse,
1599 3991 1722 4051 propterea
1735 3975 1832 4070 ηιοθις4

295 4076 392 4125 boribus
401 4079 477 4126 lectos
488 4065 562 4138 magle
572 4075 682 4126 humidos
688 4089 741 4125 esse
753 4089 824 4137 quum
832 4075 918 4124 nudos.
931 4080 1005 4138 aqum
1013 4089 1069 4124 vero
1113 4079 1223 4128 deorsum
1238 4080 1343 4128 teruntur
1355 4080 1379 4128 et
1391 4091 1447 4140 quus
1457 4077 1482 4125 in
1494 4076 1549 4125 allis
1563 4076 1622 4125 locis
1637 4077 1694 4136 sint,
1705 4075 1731 4122 nd
1744 4071 1832 4134 boniet

295 4173 350 4222 ηιιαι
362 4160 386 4209 in
400 4162 491 4224 europis
501 4164 659 4224 reperiuntur,
672 4167 699 4210 nt
712 4162 839 4224 plurimum
851 4163 920 4211 salse
933 4163 1002 4221 sont,
1014 4175 1069 4223 qrrae
1114 4165 1158 4214 narb
1172 4167 1234 4227 ipsas
1248 4165 1366 4214 montium
1382 4163 1472 4214 radices
1485 4166 1665 4224 oougregenlur.
1705 4160 1755 4210 inde
1769 4135 1832 4212 διθνί

294 4248 376 4296 autem
387 4246 412 4296 iu
427 4247 547 4297 montibus
565 4252 589 4296 et
608 4248 663 4296 imis
678 4260 761 4296 eorum
780 4246 901 4309 partibus,
914 4245 995 4294 dulces
1006 4263 1012 4294 ι
1024 4245 1069 4292 nisi
1115 4251 1210 4313 plurimi
1223 4245 1368 4312 maximique
1380 4250 1456 4299 ronta
1468 4250 1493 4298 in
1506 4249 1623 4310 ejusmodi
1636 4248 1761 4309 regionibus
1770 4241 1832 4308 exstasi

294 4332 432 4394 aliquorum·
450 4346 520 4394 sapor
542 4334 707 4395 corrumpatur
735 4332 923 4381 incumbentium
953 4343 1070 4393 aquarum
1114 4339 1305 4400 qulbusmontss
1317 4335 1680 4398 magninltiqoeaedeusilocls
1691 4325 1832 4384 nonoriselu'

297 4419 455 4480 proprietate,
466 4417 592 4468 crudarum
607 4420 650 4468 aut
669 4418 782 4468 salsarum
794 4421 836 4468 aut
854 4419 1011 4478 nitrntarum,
1029 4423 1071 4466 aut
1115 4417 1228 4478 ruginosis
1247 4417 1348 4478 insignes
1360 4415 1572 4478 superincubantss
1588 4415 1737 4474 reperiantur.
1750 4413 1772 4459 ln
1783 4397 1832 4486 bibl

295 4507 497 4568 aluminatarum,
509 4506 660 4568 sutsulplmr
669 4506 784 4555 autaliod
794 4505 912 4566 ejusmodi
927 4505 1068 4567 gerentium.
1115 4505 1177 4552 enim
1189 4502 1277 4552 imbres
1291 4516 1333 4564 per
1345 4515 1434 4550 anuum
1450 4501 1562 4550 oolleetos
1575 4501 1648 4562 atque
1666 4500 1689 4548 in
1707 4501 1778 4547 terram
1792 4489 1832 4552 ped

296 4592 420 4642 Naturales
429 4595 508 4641 autem
518 4603 601 4640 causas
610 4604 692 4640 eorum
702 4604 756 4653 oum
763 4591 869 4640 diximus
878 4590 936 4640 tales
947 4591 1067 4640 slieruutr
1115 4591 1204 4639 trsnles
1213 4626 1219 4649 ,
1228 4589 1304 4638 tontes
1313 4601 1406 4650 sugere.
1417 4587 1537 4646 Quasdam
1549 4600 1605 4636 rero
1618 4598 1692 4648 aquus
1703 4585 1754 4633 eirea
1763 4571 1832 4644 Ιιιείιῑί

296 4679 371 4728 solem
380 4691 409 4728 eu
420 4679 488 4742 aquis
497 4690 590 4740 semper
597 4677 620 4726 id
627 4676 691 4738 quod
702 4677 869 4727 tenuissimum
880 4689 909 4726 ιο
923 4677 1071 4726 levissimum
1116 4676 1231 4724 montium
1254 4679 1330 4738 purius
1353 4689 1401 4723 non
1420 4685 1549 4736 apparere,
1564 4685 1648 4722 rerum
1669 4671 1707 4720 ubi
1718 4669 1768 4718 intra
1781 4649 1832 4740 toul

296 4769 335 4815 est
344 4765 472 4816 attrahere.
483 4769 561 4823 Quare
570 4777 645 4826 qurum
657 4776 753 4826 campos
765 4776 806 4826 per
817 4765 894 4812 totum
906 4762 968 4811 diem
982 4763 1016 4812 soi
1029 4777 1071 4812 oo·
1116 4764 1265 4824 aliquatenus
1285 4761 1411 4811 subducto
1436 4773 1533 4809 nursom
1551 4757 1701 4821 portamini,
1715 4761 1757 4803 tum
1772 4741 1832 4802 elffii

296 4855 370 4916 eopet
377 4889 385 4915 ,
398 4853 523 4902 humorem
533 4864 562 4901 ex
574 4852 601 4900 iis
610 4851 730 4912 emulgere
740 4853 765 4901 et
777 4850 800 4899 in
813 4863 924 4910 vaporem
934 4849 1071 4912 dissolvere,
1117 4859 1277 4910 prorumpere.
1288 4850 1315 4896 ln
1323 4846 1459 4894 universum
1469 4848 1550 4894 autem
1561 4846 1640 4893 locum
1649 4843 1678 4892 ud
1688 4851 1744 4891 mars
1751 4821 1832 4908 dnsssffll

298 4941 353 4988 inde
363 4939 429 5000 deri,
442 4943 468 4988 ut
478 4938 576 5002 quidam
586 4938 682 5000 penitus
695 4938 763 5001 aqrris
775 4941 882 4998 careant,
895 4937 936 4986 sed
952 4935 1072 4998 inquibus
1118 4935 1140 4982 io
1155 4947 1226 4983 esuss
1237 4945 1303 4992 esse,
1318 4935 1345 4981 ut
1357 4932 1486 4992 appareant
1495 4933 1519 4980 et
1529 4929 1694 4992 propellantur.
1703 4913 1832 4984 eredmrui

298 5025 388 5087 aliquid
400 5027 512 5089 supersit,
524 5025 548 5074 id
563 5025 658 5074 ommno
667 5025 755 5074 salsum
766 5024 905 5086 reperiatur,
914 5023 959 5073 leri
970 5035 999 5070 ac
1008 5020 1072 5070 dulei
1117 5021 1178 5069 etin
1193 5034 1258 5069 mure
1272 5020 1421 5082 perlongum
1436 5021 1506 5067 terrae
1525 5017 1627 5066 tracium
1644 5016 1667 5064 in
1685 5012 1742 5062 renis
1815 5008 1817 5010 ’

299 5124 328 5159 ex
343 5111 401 5174 ipsis
418 5117 559 5176 consumto,
568 5111 770 5176 quemadmodum
785 5110 857 5161 etiam
872 5110 930 5160 mari
944 5108 1072 5170 contingat.
1118 5107 1153 5156 sie
1165 5107 1260 5156 taudem
1280 5107 1422 5167 erumpunt,
1435 5103 1512 5166 ousiis
1532 5105 1568 5153 esl
1580 5101 1674 5166 aquatio
1687 5109 1749 5160 prope
1765 5091 1807 5144 lul

1071 5207 1127 5258 372
