3708 5916
239 425 297 480 tta
824 401 874 462 DE
889 401 1023 464 'AllllllO
1044 396 1232 464 CAlllleE.

238 544 320 610 ποδός
335 564 363 601 v.
376 544 422 620 59.
436 539 510 599 llinc
523 548 600 618 patet
610 547 717 614 quanto
729 533 761 593 in
770 549 869 591 errore
878 539 1010 587 versatus
1030 547 1037 590 t
1058 533 1165 592 auctor,
1178 533 1272 578 tamen
1285 532 1378 591 neque
1396 530 1455 589 quo
1469 523 1598 586 ternpore
1614 509 1725 566 vixerit
1745 529 1776 565 n·-
1812 556 1813 559 ,

240 634 278 692 sit
291 629 495 700 Glandorlius,
510 627 561 704 qui
573 627 603 684 in
613 621 814 683 dissertatione
827 617 864 676 de
873 635 1009 675 versrmm
1053 607 1160 686 quihus
1174 607 1262 664 sacris
1275 601 1406 661 initiatus
1419 598 1506 697 luerit
1519 616 1537 656 e
1548 597 1633 696 certis
1652 595 1774 653 indiciis
1785 619 1812 654 υ

239 736 393 778 aureorum
406 728 487 774 aetate
500 715 517 790 s
529 713 567 769 l'l
580 724 607 769 et
618 711 650 769 iu
661 706 820 787 appendice
830 703 899 763 libri
911 723 939 780 p.
957 703 1011 758 188
1056 713 1173 772 parere,
1198 689 1342 768 imprimis
1363 705 1434 744 vero
1460 685 1578 763 epilogo
1605 681 1675 740 rode
1700 701 1719 738 a
1742 702 1769 737 υ·
1791 712 1794 731 .

1142 778 1154 801 ⁴

240 825 300 882 seq.
312 804 427 862 delensa
434 801 524 859 variis
533 799 706 874 argumentis
718 793 834 852 illorum
844 789 1013 866 antiquitate
1058 779 1117 840 ἀλλ’
1129 801 1214 859 ιιργου
1235 778 1341 875 βροιτιῗιι
1363 789 1398 832 a.
1414 774 1481 872 ab
1503 771 1702 849 suspicionem
1727 789 1810 824 mor..

240 909 291 949 eos
308 891 455 950 forsitans
478 885 622 962 mysteriis
643 880 800 940 Eleusiniis
813 890 894 937 ortos
908 888 937 934 et
948 887 1013 932 ante
1057 884 1172 924 carmen
1194 863 1341 961 inferrorrs
1363 857 1578 959 &unicam
1594 874 1668 914 esse
1699 853 1755 912 Sed
1776 877 1821 913 m

240 961 432 1055 Pythagoram
461 974 567 1033 litteris
599 969 748 1029 mandatos
774 985 837 1026 esse
867 963 1012 1042 opinatur.
1057 966 1100 1012 est
1115 941 1773 1043 quoddiutiushurorerrmmprer,srqu1dem

240 1063 428 1135 bleinersius,
443 1061 495 1140 qui
519 1059 551 1119 iu
574 1057 683 1116 Hister.
702 1055 796 1114 doctr.
817 1050 893 1129 apud
913 1048 964 1106 Gr.
986 1058 1015 1103 et
1057 1039 1171 1108 omnia,
1187 1053 1252 1112 quat
1265 1032 1447 1132 Bernhardus
1460 1041 1756 1106 statuat,superrorr·
1791 1051 1821 1079 ..-

242 1147 352 1209 llom.l
370 1168 402 1227 p.
419 1147 476 1223 579
490 1157 570 1223 seqq.
584 1161 700 1202 carmen
723 1140 872 1211 mutilum,
887 1138 1014 1214 interpo-
1058 1125 1164 1183 atione
1181 1117 1489 1221 respondissevrdeor.
1521 1115 1618 1174 Unum
1637 1113 1732 1184 addo,
1751 1135 1822 1191 φοι,

241 1235 329 1296 latum
345 1234 519 1310 insertisque
531 1231 667 1290 versibus
690 1229 792 1288 alienis
812 1239 942 1296 auctum,
962 1243 1015 1281 nec
1060 1209 1207 1312 fflir⁰⁰¹⁰f
1228 1227 1260 1266 ¹¹¹
1274 1205 1381 1266 schoht
1404 1221 1523 1303 luteum
1547 1219 1665 1302 carmen
1685 1201 1782 1277 prr-el:

242 1322 301 1380 nisi
314 1334 379 1399 post
392 1321 540 1378 Platonem
555 1331 583 1378 et
598 1317 778 1376 Aristotelem
792 1313 943 1392 aquodam
956 1311 1014 1386 Py·
1059 1299 1160 1358 sobius
1182 1305 1219 1394 ⁵1}
1233 1309 1326 1370 neque
1342 1290 1437 1390 solum
1450 1287 1771 1388 mtrabt'lem'sentenha
1791 1314 1808 1337 n
1822 1320 1823 1331 ι

243 1407 392 1482 thagorico
419 1406 582 1464 Aristoxeni
607 1416 636 1462 et
659 1401 818 1460 Heraclidis
842 1399 933 1458 sodali
954 1416 1016 1456 esse
1059 1384 1303 1444 0⁰ntiss¹¹⁸l¹0ss0m
1323 1393 1483 1476 serlessjqu?
1498 1373 1688 1474 inditortbus
1705 1374 1823 1474 ostmde

243 1495 445 1553 concinnatum
467 1490 643 1570 probaturus
668 1501 748 1559 erat,
772 1484 845 1544 nihil
865 1483 1016 1562 perspicue
1060 1476 1113 1543 rit,
1127 1469 1177 1528 sed
1199 1469 1231 1526 in
1249 1463 1438 1564 ⁰¹pi⁸⁰²ndi⁵
1453 1463 1577 1560 ungulis
1590 1460 1822 1560 praeceptionibus

245 1580 462 1639 demonstravit.
502 1576 588 1647 Quod
612 1587 704 1634 autem
727 1573 767 1630 ait
787 1571 896 1631 alienos
916 1587 1016 1626 versus
1060 1555 1144 1614 Simul
1158 1553 1356 1631 Pythagorlcae
1372 1547 1563 1628 phllosoplttae
1584 1565 1731 1605 summam
1753 1548 1827 1604 tradi-

245 1685 307 1726 esse
327 1666 531 1743 interpositos,
547 1663 578 1720 id
599 1681 659 1721 non
675 1661 740 1720 sine
755 1677 840 1717 causa
854 1657 889 1715 de
900 1653 1016 1734 jureju·
1060 1641 1149 1712 derit,
1166 1639 1332 1718 conjectura
1344 1654 1403 1694 non
1422 1634 1622 1735 aberraturum
1641 1633 1696 1708 qui
1712 1635 1826 1710 suspice-

245 1750 337 1810 mdo
350 1770 394 1812 qq,
412 1759 447 1825 47
462 1763 491 1809 οι
510 1751 546 1819 gg
566 1769 574 1806 ς
1062 1741 1121 1798 ιιιι,
1136 1745 1251 1786 carmen
1272 1743 1331 1802 quo
1345 1735 1473 1800 tempore
1486 1719 1602 1797 vigebat
1621 1721 1720 1778 adhuc
1734 1720 1826 1796 Pytha-

306 1893 344 1942 υοι
356 1891 389 1954 μὰ
398 1893 439 1942 τοι
451 1888 550 1952 &aulas
563 1889 630 1950 lati
643 1884 775 1950 '‘mlh“
789 1881 912 1947 Μῶν
1062 1815 1160 1889 gurim
1184 1813 1257 1913 mio
1280 1809 1470 1954 compoppp
1492 1827 1552 1866 11⁰ss
1571 1807 1827 1952 ggmsdffinsfimls

253 1958 619 2024 -..unun-
1062 1910 1827 2060 tlttrttltltt...¹.¹‘,’2.tt.tt...2²lt

247 2084 381 2146 contendi
394 2082 521 2152 videtur,
533 2099 623 2158 quum
636 2077 692 2136 tale
711 2077 749 2135 sit
760 2075 911 2154 scriptoris
922 2075 1021 2134 Θοολο-
1064 2072 1195 2130 damenta
1208 2069 1375 2140 continens,
1387 2081 1522 2143 tauquam
1537 2065 1569 2124 in
1580 2065 1734 2142 speculum
1749 2056 1839 2122 intus-l

247 2171 378 2250 γουμένιοι
393 2171 565 2249 ἀριθμητικῆς
575 2187 605 2245 p.
618 2185 655 2222 ao
665 2163 858 2222 testimonium
871 2184 878 2220 :
891 2162 1022 2233 Τοιαύτης
1065 2172 1164 2216 rentur
1178 2155 1372 2234 praeclaraque
1386 2153 1494 2210 monita
1514 2171 1574 2210 non
1588 2150 1679 2208 modo
1702 2153 1827 2208 memorie

248 2257 275 2318 dl
299 2255 396 2332 οὔσης,
418 2253 552 2333 ἐπώνυμον
577 2253 644 2333 (leg.
672 2248 818 2328 ἐπώμνυον)
837 2250 869 2306 δι’
888 2249 968 2320 αὐτῆς
988 2248 1021 2306 alr
1066 2245 1253 2312 mandarent,
1271 2241 1321 2299 sed
1336 2240 1417 2298 sactis
1431 2239 1516 2296 etiam
1531 2238 1747 2315 exprimerent,
1761 2237 1842 2304 alteri,

248 2344 401 2423 Πυθαγόρου
416 2344 440 2403 οἱ
458 2342 548 2418 ἄνδρες
572 2336 744 2414 θαυμάζοντες
762 2334 878 2406 δηλονότι
891 2335 936 2393 aul
950 2339 1023 2394 ἄνευ·
1066 2331 1198 2389 reseratis
1212 2327 1385 2406 procedente
1396 2340 1525 2402 tempore
1538 2323 1738 2420 philosophice
1755 2343 1825 2400 pene·

248 2435 391 2512 φημοῦιτις
413 2427 457 2487 ἐπὶ
477 2431 511 2507 τῇ
532 2424 649 2506 staplen,
668 2420 737 2480 καθά
759 2444 808 2481 που
829 2419 873 2480 καὶ
890 2419 1022 2498 Ἐμπιδο-
1066 2415 1229 2476 tralibusin
1240 2413 1420 2491 exponendis
1430 2410 1703 2487 singulispoematri
1711 2407 1825 2467 memhris

249 2519 327 2588 κλῆς·
1066 2516 1123 2562 tam
1136 2501 1263 2562 'obscura
1276 2497 1674 2570 omniaillustrarent,quam
1686 2499 1826 2553 universam

520 2651 526 2664 ,
886 2647 893 2662 ,
1068 2607 1164 2647 rerum
1191 2587 1356 2645 divinarum
1379 2583 1628 2656 humanarumque
1652 2581 1825 2654 cognitionem

310 2653 347 2704 οὐ
360 2653 393 2716 ⁹³²
404 2653 445 2702 ’δ”
456 2653 555 2713 ΜΝ
563 2652 632 2712 ΥΜᾷ
640 2646 773 2710 ”mm
785 2661 916 2708 ''mu'’
1069 2696 1101 2734 ac
1110 2675 1184 2734 bene
1190 2673 1329 2748 beateque
1340 2668 1459 2728 vivendi
1467 2667 1652 2744 discipliuasu
1664 2668 1827 2726 audientibus

311 2723 388 2783 Μ’
400 2721 484 2772 ἂνω
497 2720 586 2784 W
600 2719 702 2782 ⁶⁸sz
720 2717 830 2780 ‘xm'
1069 2760 1259 2839 impertirent.
1283 2757 1393 2828 Restat,
1414 2767 1446 2812 ut
1468 2753 1659 2828 indagemus,
1682 2755 1749 2830 quis
1761 2773 1775 2809 e
1786 2754 1828 2830 Py·

252 2847 290 2904 At
323 2862 412 2921 qrtum
443 2839 629 2918 Empedocles
661 2858 679 2896 a
711 2836 880 2913 Pythagora
911 2835 1025 2913 placitis
1069 2843 1212 2921 thagoreis
1238 2841 1400 2901 condiderit
1425 2839 1480 2896 hoc
1505 2857 1618 2916 poema.
1651 2841 1696 2897 Ac
1723 2841 1828 2917 primun

252 2928 459 3006 cognoscendis
480 2923 669 3005 philosophie
692 2923 854 2982 studiorum
874 2923 1024 2981 exordium
1070 2933 1186 3010 quidem
1212 2929 1367 3007 displicere
1390 2925 1475 2984 nobis
1499 2923 1622 2982 Fabricii
1654 2927 1829 3002 suspiciones

253 3018 378 3095 ceperit,
393 3034 451 3074 uon
468 3015 573 3072 mirum
592 3014 648 3069 boc
668 3010 914 3087 Pythagoreorum
932 3009 1027 3087 jusju-
1070 3020 1121 3096 qui
1135 3015 1300 3094 Empedocli
1316 3012 1390 3073 illud
1404 3009 1567 3081 tribuebat,
1580 3010 1653 3086 quia
1668 3031 1699 3070 r.
1710 3019 1746 3082 tp
1757 3025 1782 3068 et
1793 3015 1829 3084 td,

254 3104 373 3162 randum
388 3100 496 3160 alicubi
506 3098 542 3158 ab
552 3117 587 3157 00
601 3099 632 3157 ln
646 3096 824 3155 carminibus
838 3111 1025 3156 memoratum
1071 3104 1177 3182 quibus
1187 3099 1390 3178 jusjurandum
1405 3097 1579 3167 continetur,
1596 3109 1688 3173 atque
1701 3098 1788 3154 ultimi
1799 3099 1830 3174 [r.

257 3191 350 3248 inisse.
362 3187 433 3256 Quis
444 3197 536 3244 autem
549 3184 748 3242 animadversa
767 3183 916 3260 scripturae
932 3185 1028 3244 diver·
1074 3185 1199 3268 70—71]
1214 3200 1284 3246 teste
1296 3183 1458 3243 Jamhlicho
1470 3183 1502 3239 in
1514 3179 1713 3256 Theologum.
1734 3183 1830 3240 aritbm.

255 3277 339 3334 sitate
357 3293 421 3350 quer
439 3283 482 3330 est
496 3271 571 3348 apud
591 3284 719 3327 auctores
734 3268 803 3348 (vid.
820 3269 916 3330 adnot.
929 3270 964 3327 ad
984 3291 1027 3332 vs.
1074 3273 1293 3350 Agrigentinum
1311 3284 1403 3328 vatem
1418 3281 1561 3328 auctorem
1583 3269 1744 3340 haberent,
1759 3291 1789 3327 ex
1805 3272 1832 3327 iis

257 3369 292 3433 47
309 3373 338 3419 et
350 3359 395 3437 bd)
409 3357 460 3435 qui
474 3370 628 3432 utrumque
643 3373 757 3413 versum
773 3355 913 3426 asserunt,
928 3356 1029 3414 audeat
1073 3381 1136 3437 quae
1150 3379 1237 3437 supra
1250 3357 1369 3436 exposui
1388 3356 1463 3413 effici
1483 3355 1622 3414 arbitror.
1637 3355 1780 3414 Clausulas
1796 3376 1832 3412 au·

256 3447 419 3520 affirmem,
433 3446 568 3502 carminis
580 3441 666 3518 hujus
686 3454 831 3519 parentem
850 3441 1030 3519 Empedoclis
1074 3461 1148 3519 tem,
1164 3465 1221 3522 qua
1234 3455 1348 3522 peracto
1367 3441 1555 3499 mutationum
1569 3443 1641 3498 orbe
1652 3456 1722 3516 post
1735 3455 1831 3498 mortem

257 3533 437 3611 potissimum
452 3531 647 3588 auctoritatem
669 3541 796 3585 secutum
817 3527 879 3605 ejus
894 3529 983 3587 verba
999 3531 1030 3589 in
1073 3532 1274 3591 immortalitas
1293 3543 1321 3588 et
1334 3529 1434 3586 diviua
1447 3539 1549 3584 natura
1563 3526 1736 3586 homiuibus
1747 3527 1833 3604 Pytha·

258 3639 340 3678 suum
366 3635 468 3696 poema
482 3615 676 3689 transtulisse,
691 3615 773 3690 quasi
792 3633 850 3671 non
870 3615 985 3674 licuerit
1004 3632 1032 3676 et
1074 3639 1151 3693 gorae
1172 3620 1243 3676 scita
1264 3615 1370 3674 secutis
1390 3615 1580 3692 promittitur,
1601 3633 1662 3670 non
1692 3627 1792 3671 tantum
1810 3615 1833 3670 in

259 3705 423 3781 Empedocli
437 3715 464 3760 et
476 3703 545 3758 huic
556 3699 747 3776 Pythagorico
758 3701 948 3759 versificatori
962 3722 1030 3762 eun·
1074 3703 1170 3763 aureis
1185 3703 1317 3761 versibus
1330 3703 1412 3760 locus
1422 3713 1478 3771 cst,
1488 3699 1633 3757 sedetiam
1644 3699 1677 3758 iu
1689 3699 1834 3758 lustralibus

259 3790 323 3848 dem
339 3790 419 3847 adire
434 3788 554 3858 iontem,
569 3784 644 3841 unde
658 3783 771 3841 diversa
783 3786 950 3860 petierunt?
962 3787 1031 3845 'l'ie-
1076 3791 1258 3866 Agrigentini
1281 3802 1372 3866 poetae
1393 3784 1582 3856 carminibus,
1598 3800 1753 3864 propterea
1773 3787 1833 3862 quod

259 3877 372 3934 demani
388 3875 552 3951 conjectura
568 3874 598 3929 in
613 3871 710 3928 Prino.
726 3870 816 3930 Graec.
831 3872 907 3930 Phil.
924 3894 953 3950 p.
978 3895 1032 3950 ¹9⁰
1076 3877 1136 3935 lraeo
1149 3877 1183 3934 ad
1200 3877 1367 3953 Pythagorae
1379 3892 1508 3932 normam
1525 3872 1596 3930 lacta
1609 3891 1643 3929 eo
1659 3874 1779 3931 consilio
1788 3873 1834 3929 edi·

262 3963 425 4040 proposita,
442 3979 500 4036 qua
518 3977 620 4035 poema
643 3956 733 4015 variis
756 3958 920 4027 auctoribus
942 3963 1034 4019 ascri·
1076 3962 1119 4020 dit
1131 3963 1177 4020 vir
1189 3981 1205 4019 e
1216 3961 1385 4038 Pythagorae
1395 3959 1495 4017 castris
1506 3957 1542 4014 ad
1553 3958 1732 4017 lustrandam
1742 3978 1833 4016 omnen

260 4045 341 4106 hitur
365 4061 450 4125 atque
473 4065 490 4103 e
511 4045 689 4102 diversorum
717 4058 865 4120 poetarum
895 4047 1032 4123 operibus
1077 4047 1269 4128 philosophiae
1294 4048 1440 4122 regionem
1472 4043 1634 4120 profectus,
1660 4057 1696 4102 ut
1723 4045 1835 4102 nrouales

261 4131 414 4190 conflatum
429 4130 608 4209 perhibetur,
624 4149 682 4187 non
697 4142 760 4203 eget
781 4131 961 4192 refutatione.
985 4134 1034 4192 Ni·
1078 4136 1210 4212 corporis
1221 4134 1368 4210 animique
1383 4132 1552 4210 purgatione
1563 4129 1600 4187 ad
1614 4130 1736 4190 deorum
1751 4131 1834 4189 sanni·

261 4218 366 4274 mirum
379 4216 492 4291 singula
504 4227 645 4292 precepta
657 4216 733 4272 inter
749 4235 779 4273 se
793 4216 935 4276 cohaerere
948 4224 1035 4296 aptis·
1079 4234 1163 4279 tatem
1189 4221 1271 4298 quasi
1303 4218 1439 4296 gradibus
1471 4216 1645 4294 quibusdam
1679 4217 1834 4275 accederent.

262 4306 395 4378 simoque
412 4303 615 4360 sententiarum
637 4301 740 4360 ordine
760 4304 941 4375 continuari,
957 4309 1034 4382 quod
1078 4308 1260 4386 Quapropter
1274 4327 1333 4364 non
1347 4305 1448 4376 video,
1458 4324 1510 4361 cur
1520 4303 1706 4362 Godosredus
1718 4303 1836 4361 hembar-

262 4387 384 4464 negahat
396 4388 623 4463 Tiedemannus,
639 4401 716 4446 tanta
727 4402 786 4448 arte
798 4393 922 4450 ostendit
935 4393 1036 4455 lliero·
1080 4394 1134 4453 dus
1152 4394 1229 4450 bunc
1249 4392 1394 4470 epilogum
1417 4390 1583 4467 Pythagora
1599 4389 1709 4448 lamilia
1722 4387 1836 4463 dignissi-

263 4476 339 4547 cles,
355 4486 387 4532 ut
402 4474 475 4532 nibil
491 4473 589 4532 inhoc
602 4494 705 4549 genere
718 4477 872 4552 perfectius
883 4480 1038 4556 antiquitas
1081 4499 1157 4538 mum
1174 4492 1306 4554 tanquam
1322 4477 1491 4555 posterioris
1513 4477 1602 4534 aetatis
1619 4476 1759 4533 iudicium
1780 4473 1835 4548 reje-

263 4563 378 4634 tulerit,
393 4563 446 4618 etsi
460 4580 477 4618 a
494 4573 578 4637 poeto
596 4579 654 4618 non
677 4561 828 4638 pulchrum
843 4583 966 4640 corpus,
988 4569 1037 4626 sed
1080 4567 1159 4625 cerit.
1171 4565 1289 4622 Versum
1306 4574 1342 4632 da
1361 4566 1399 4642 πῇ
1413 4561 1531 4642 napibus
1543 4585 1570 4621 x.
1587 4585 1613 4621 τ.
1626 4561 1655 4620 λ.
1671 4558 1836 4637 ePhocylide

264 4649 359 4708 lacera
374 4647 503 4706 membra
517 4645 601 4705 nohis
615 4646 704 4723 objici
724 4648 843 4706 forsitan
857 4649 906 4708 alii
924 4670 1038 4730 quoque
1082 4653 1180 4710 laudat
1204 4651 1363 4708 Eustratius
1392 4649 1427 4708 ad
1451 4649 1568 4707 Aristot.
1592 4647 1655 4708 Eth.
1684 4648 1746 4707 Nic.
1770 4667 1795 4724 p.
1815 4665 1834 4701 t.

264 4735 467 4812 explicationis
480 4734 637 4791 llierocleae
651 4735 842 4812 immemores,
852 4737 1036 4800 crediderint.
1082 4738 1177 4814 Hujus
1194 4737 1389 4795 auctoritatem
1405 4748 1518 4794 secutus
1533 4736 1612 4793 aurei
1626 4735 1762 4792 carminis
1779 4731 1835 4789 scri·

264 4822 329 4879 Non
350 4821 449 4879 tacebo
471 4839 519 4891 ea,
534 4840 598 4896 quae
619 4821 654 4878 de
674 4821 729 4878 hoc
751 4837 917 4896 argumento
928 4825 1040 4901 judicat
1081 4838 1194 4902 ptorem
1215 4823 1401 4900 Phocylidem
1423 4841 1485 4880 esse
1501 4823 1611 4880 censuit
1633 4821 1758 4880 lacobus
1775 4820 1835 4874 llin-

168 4963 174 4978 ,
267 4909 455 4982 viregregius
470 4919 555 4983 atque
569 4907 688 4966 idoneus
703 4907 801 4964 talium
819 4928 914 4967 rerum
937 4914 1038 4972 existi·
1082 4910 1212 4968 detusde
1226 4910 1286 4967 vita
1301 4911 1461 4967 iunctorum
1476 4920 1549 4968 statu
1572 4928 1697 4986 pagpr,
1711 4909 1757 4968 sed
1778 4905 1833 4965 nibil

266 5005 359 5051 mator
368 4992 490 5051 Godolr.
499 4993 691 5053 bernhardus.
700 4992 1037 5056 lsllistor.Graec.litter.
1081 4999 1226 5074 probavit.
1239 4995 1369 5055 Fortasse
1377 4995 1564 5054 librariorum
1577 4995 1691 5052 incuria
1703 4994 1834 5053 Φωκυλίδου

268 5089 337 5138 ιοιιι.
352 5077 380 5136 ll
401 5100 433 5156 p.
455 5079 511 5152 373
536 5079 576 5138 ait
594 5083 616 5138 si
636 5100 711 5140 unus
733 5080 773 5139 sit
797 5077 884 5158 hujus
905 5083 1040 5143 carminis
1083 5098 1111 5142 et
1136 5083 1245 5152 Λύσιδος
1269 5103 1374 5143 nomen
1397 5083 1544 5155 confudit,
1558 5081 1594 5141 de
1611 5103 1670 5161 quo
1685 5081 1766 5142 inira
1780 5079 1835 5137 Fae·
