3764 5922
613 362 803 424 utuuttttt
825 361 875 424 ΕΤ
896 362 1066 424 sustinul.
1567 371 1621 426 stt

76 495 165 553 liuns.
183 495 280 570 Quare
294 496 385 551 Venus
393 496 487 552 straba
500 497 559 551 est?
573 525 612 539 -
625 492 719 552 Emer.
736 494 810 565 Quia
853 493 907 566 rii,
923 493 1057 553 defensor
1076 493 1177 572 pstriae
1186 536 1195 565 ‚
1205 493 1331 569 gloriosa
1343 493 1485 565 servitus,
1502 506 1624 571 potestu-

39 603 140 662 pravus
149 594 193 641 est
206 602 301 644 umor.
852 581 1053 640 tisindicium.

75 670 162 728 llsun.
179 674 261 742 Quid
272 683 313 726 est
324 673 431 731 Amort
441 701 482 714 -
493 669 588 728 Εειοτ.
607 668 700 727 Otiosi
712 682 808 745 pectu-
892 669 985 729 llunn.
1002 672 1079 742 Quid
1087 682 1128 724 est
1146 672 1256 726 Roma?
1276 702 1315 714 -
1328 667 1423 727 Eunu.
1440 667 1515 726 Fons
1529 669 1624 746 impe-

41 762 78 816 ris
90 757 237 827 molestis,
254 757 286 814 in
300 776 393 834 puero
406 756 511 833 pudor,
527 757 559 814 in
574 755 689 832 virgine
703 755 806 828 rubor,
853 755 891 813 rii
904 757 983 813 orbis
993 769 1142 828 terrarum,
1155 769 1244 814 maten
1255 756 1399 833 gentium,
1410 757 1452 814 rei
1466 773 1624 836 possessor,

40 844 198 902 inlumina
214 844 305 916 furor,
319 843 575 918 injuveneardor,
591 843 621 900 in
636 861 705 900 seue
719 843 805 912 risus,
852 843 1048 901 Romanorum
1069 843 1310 914 contubernium,
1323 844 1407 903 Pacis
1421 856 1534 900 aeternae
1554 861 1623 902 con·

39 937 66 990 iu
79 931 208 988 derisore
224 929 324 989 delicti
342 931 485 1008 nequities
498 943 553 990 est.
852 930 985 988 sectatio.
1397 987 1399 992 ,

73 1020 164 1076 llius.
181 1020 263 1089 Quid
281 1033 324 1075 εει
341 1022 438 1074 Deus?
461 1049 501 1062 -
521 1016 617 1074 Enseu.
633 1015 690 1086 Qui
711 1019 809 1076 omnia
892 1015 980 1073 liuns.
1001 1017 1080 1089 Quid
1090 1031 1129 1072 εει
1147 1021 1294 1074 Victoria?
1309 1047 1349 1063 -
1362 1015 1458 1078 Enseu.
1476 1015 1548 1074 Belli
1562 1014 1622 1074 dis·

39 1117 117 1161 tenet.
852 1103 966 1179 cordia,
981 1103 1060 1180 pacis
1072 1123 1163 1165 amor.

75 1191 165 1247 liuns.
186 1193 267 1264 Quid
278 1205 319 1248 est
337 1193 536 1266 Sacrificium?
550 1223 589 1236 -
606 1189 701 1248 limen.
723 1191 808 1250 Deli-
891 1194 984 1253 llius.
1006 1195 1085 1265 Quid
1109 1205 1151 1248 est
1174 1193 1260 1247 Pax?
1278 1222 1316 1236 -··
1331 1187 1625 1266 Enumffranquilla

40 1279 122 1338 butio.
852 1280 979 1339 libertus.
1438 1291 1445 1301 ’

75 1367 163 1424 lltnn.
191 1369 274 1440 Quid
307 1380 346 1422 εει
378 1373 439 1424 sine
469 1370 620 1422 societate?
645 1398 685 1412 -
712 1365 807 1425 Enseu.
891 1369 982 1425 liuns.
1007 1368 1085 1438 Quid
1098 1378 1139 1421 εει
1154 1367 1279 1421 Forum?
1298 1395 1337 1409 -
1357 1361 1457 1424 Eum.
1472 1361 1622 1440 Templum

42 1453 171 1528 Regnum.
852 1453 1012 1525 libertatis,
1028 1470 1115 1509 arena
1128 1450 1316 1524 litigantium.

73 1542 161 1595 litun.
192 1542 273 1613 Quid
297 1554 339 1595 est
364 1542 510 1616 Regnum?
539 1573 579 1586 -
610 1539 706 1601 Entc‘r.
736 1540 806 1600 Pars
891 1533 1622 1612 linumouidsuntAmicii-Enemstatuaeaureae.

42 1626 166 1687 lleorum.
891 1620 1625 1698 llsnn.Quidestdmicusi-Emur.l‘omocitreo
1691 1684 1694 1692 ,

75 1712 161 1770 litun.
179 1715 260 1786 Quid
267 1725 308 1768 est
319 1713 437 1768 Caesar?
449 1743 489 1756 -
507 1709 603 1772 Emer.
617 1712 746 1772 Publicae
759 1715 803 1771 lu·
851 1716 972 1784 similis,
989 1713 1059 1771 loris
1071 1711 1192 1771 beatus:

42 1799 78 1854 cis
89 1811 180 1874 caput.
891 1805 962 1862 Nam
979 1801 1054 1878 (leg.
1069 1797 1218 1876 Namque)
1235 1799 1310 1856 intra
1331 1808 1430 1876 pectus
1448 1794 1561 1854 acidum
1576 1815 1624 1852 oc-

76 1885 162 1940 lltnn.
178 1888 258 1958 Quid
274 1899 316 1942 est
326 1888 465 1941 Senatus?
482 1917 523 1930 -
536 1885 630 1944 limen.
646 1885 806 1945 Ornamen-
851 1886 940 1944 cultat
954 1888 1041 1963 (add.
1058 1886 1107 1944 hic
1120 1887 1129 1962 )
1141 1885 1257 1946 malum.

45 1982 95 2026 tum
112 1969 211 2043 urbis;
223 1971 364 2048 splendor
376 1973 498 2034 civium.
891 1973 984 2034 litun.
1006 1976 1084 2046 Quid
1092 1986 1156 2028 sunt
1166 1974 1309 2029 Parasiti?
1327 1969 1472 2029 -Emum
1491 1969 1548 2040 Qui
1563 1981 1625 2026 tan·

77 2060 163 2114 tisun,
180 2060 260 2132 Quid
271 2072 312 2117 est
322 2063 431 2116 Miles?
445 2092 483 2105 -
498 2059 595 2123 Emer.
606 2059 706 2120 Murus
718 2061 807 2139 impe·
853 2079 938 2138 quam
953 2062 1048 2140 pisces
1062 2061 1234 2120 inescantur.
