3838 5926
499 407 711 469 ctthrttJM
733 409 782 468 ET
807 407 1004 469 lllCTOlillM
1021 407 1229 483 RELlQUlAE.
1601 413 1657 470 105

162 538 268 616 ῥώμης,
283 535 341 596 ὅσς’
353 537 453 617 ἀνδρῶν
467 535 522 615 ἔργ’
536 539 563 594 ἐν
580 539 660 614 ἀγῶνι
674 537 762 610 πόλει,
980 539 1056 600 (quati
1072 542 1129 588 will
1141 539 1246 588 virorum
1259 538 1283 588 lu
1295 537 1357 588 ludis
1373 537 1532 600 testamini.)

120 627 240 682 τούνεκεν
252 623 285 682 δν
302 625 334 692 δὴ
350 626 449 699 μᾶλλον
463 627 489 681 έν
503 624 610 702 εὐνομίῃ
623 624 696 690 πόλις
712 623 761 696 εἴη.
947 629 1001 678 ideo
1011 628 1148 678 melioribus
1159 633 1287 690 temperata
1300 630 1392 692 legibus
1402 629 1473 678 luerit
1485 627 1627 688 respublica.

163 713 283 792 Σμικρδν
296 712 319 769 δ’
331 711 363 770 dv
375 733 401 766 τι
416 711 491 769 πόλει
503 710 595 788 χύρμα
605 709 697 788 γένοιτ’
709 711 751 768 irrl
765 714 803 792 τῷ
981 719 1084 766 Parvum
1099 716 1170 766 modo
1185 717 1297 778 garrulum
1309 718 1393 766 civitas
1402 715 1458 765 inde
1471 715 1552 778 cepit,

123 797 149 856 εί
167 821 206 866 τις
220 797 352 856 ιίεύλεύυιν
372 800 435 876 αυτῷ
451 797 539 857 Πίσαο
552 797 614 876 παρ’
628 797 722 877 δχύας·
948 802 967 850 si
980 802 1034 864 quis
1044 803 1174 851 certamine
1186 802 1270 853 vlcerit
1281 802 1311 852 ael
1325 803 1385 852 Pisas
1397 803 1483 863 ripas:

163 886 193 944 οὐ
207 883 260 963 γὰρ
272 883 371 942 πιαίνει
382 891 465 944 ταῦτα
481 882 579 961 μυχούς
593 882 695 950 πόλιος.
979 890 1101 939 nonenim
1113 889 1202 938 talibus
1214 890 1285 940 rebus
1297 890 1424 950 penetratis
1441 889 1507 938 urbis
1520 888 1637 937 ditentur.

73 992 109 1029 ευ.
134 971 296 1050 ἐὐφροσύνας
308 971 335 1029 δὲ
348 970 472 1046 μαθόντες
484 969 633 1048 ἀνωφελέας
650 970 723 1049 παρδι
735 970 843 1045 Λυδῶν,
888 984 927 1027 to.
946 979 1046 1026 Iussum
1062 977 1236 1038 damnosasque
1252 977 1361 1026 libidines
1377 990 1391 1025 ε
1406 975 1477 1037 Lydis
1487 975 1583 1035 edocti,

164 1057 234 1136 ὄφρα
245 1058 399 1134 τυραννείης
409 1048 476 1127 ἦσαν
489 1057 550 1114 ἄνευ
562 1060 702 1132 στυγερῆς,
978 1066 1037 1115 (lum
1049 1069 1159 1127 expertes
1172 1065 1250 1114 adbuc
1261 1069 1328 1116 erant
1345 1065 1430 1113 invisae
1441 1065 1583 1126 tyrannidis,

120 1143 215 1214 ἥιεσαν
226 1146 263 1210 εἰς
272 1143 370 1221 α’γορὴν
381 1143 563 1221 παναλουργέα
580 1143 657 1222 φάρε’
669 1143 772 1222 ἔχοντες
949 1153 1076 1216 prodibant
1089 1154 1113 1201 tn
1126 1153 1204 1202 lorum
1215 1153 1339 1214 purpureis
1349 1153 1431 1201 amicti
1443 1153 1519 1214 palliis

163 1232 193 1288 αὐ
211 1229 300 1306 μείους
312 1230 381 1309 ἧπαρ
395 1230 475 1308 χίλιοι
488 1233 522 1294 nr
534 1229 630 1288 έπίπαν
981 1253 1028 1290 noa
1048 1241 1171 1303 pauciores
1186 1251 1258 1303 quarn
1274 1239 1338 1288 mitte
1350 1240 1490 1301 plerumque
1574 1297 1579 1308 γ

121 1320 266 1396 αὐχαλέοι,
279 1318 402 1396 χαίτῃσιν
415 1317 588 1395 ἀγαλλόμενοι
601 1316 751 1397 χαριέασῃς,
950 1327 1032 1375 habitu
1046 1326 1158 1388 superbi,
1173 1325 1264 1388 capillis
1276 1326 1362 1375 decore
1372 1323 1510 1386 compositis
1521 1323 1643 1386 insigues.

164 1405 292 1475 εἰσιιητυῖς
305 1407 389 1477 ὀδμὴν
400 1407 511 1482 χρίμασι
524 1405 669 1480 δευόμενοι.
981 1417 1108 1474 υιιμιειιιιι
1121 1414 1188 1462 suari
1199 1414 1272 1462 odora
1286 1413 1409 1462 lnstruetts
1424 1413 1534 1462 delibuti.

70 1510 106 1548 ²¹·
131 1493 188 1550 Νῦν
205 1492 258 1571 γὰρ
271 1491 303 1562 δὴ
318 1490 428 1558 (timber
440 1491 552 1570 καθαρὸν
563 1491 608 1549 καί
621 1498 706 1570 χεῖρες
721 1489 844 1548 ἁπάντων
889 1511 927 1555 21.
945 1502 1666 1565 Jarnentmlauturuestpavimentum,lautaemauusomuium

61 1715 152 1767 Versu
167 1732 187 1786 9
202 1722 232 1768 et
249 1731 286 1767 aa
310 1730 326 1767 e
339 1711 547 1768 Schneidewini
562 1714 739 1768 correctione
758 1709 846 1774 πόλιος
890 1721 1044 1784 repugnet,
1055 1709 1268 1782 modosynizesi
1281 1708 1436 1784 jungantur
1446 1727 1461 1763 a
1473 1712 1665 1782 pronuncian-

59 1799 213 1868 posuimus
234 1815 289 1870 pro
305 1798 380 1870 vulg.
402 1797 512 1860 πόλεως.
526 1801 613 1854 Versu
636 1816 669 1851 ιο
683 1795 848 1852 Dindorsrus
892 1799 968 1851 tibus
985 1797 1098 1870 syllabae
1112 1816 1138 1852 οι
1149 1808 1178 1852 et
1194 1817 1234 1853 ευ.
1249 1800 1288 1852 Ar
1302 1795 1371 1851 mihi
1388 1794 1573 1870 εὐπρεπέεσσιν
1588 1798 1667 1870 glos-

60 1885 145 1940 dedit
165 1883 194 1960 χ’
215 1883 335 1954 ἅπαντα,
352 1887 444 1941 caeteri
468 1886 491 1960 γ’
512 1882 616 1941 ἅπαντα
632 1887 676 1941 vel
695 1907 726 1940 ιιι
746 1885 845 1940 πάντα.
892 1901 968 1940 sema
980 1885 1090 1940 videtur
1100 1885 1130 1938 in
1144 1885 1275 1956 legitimae
1283 1884 1360 1938 vocis
1369 1884 1462 1937 locum
1474 1884 1665 1940 substitutum.

61 1975 154 2026 Versu
170 1990 202 2026 ιι
221 1971 357 2046 Berglrius
371 1973 400 2025 in
415 1974 492 2027 Poet.
508 1972 573 2044 [γε.
589 1992 618 2046 p.
632 1973 688 2043 378
699 1961 734 2030 ιύν
750 1975 846 2047 conje·
892 1974 1018 2027 Fortasse
1039 1971 1189 2044 scripserat
1206 1983 1292 2046 pocta
1319 1969 1490 2042 ἀγαλλόμενοι
1511 1969 1665 2046 χαριίσσης.

62 2059 104 2112 eit
120 2076 176 2130 pro
199 2059 277 2132 vulg.
300 2054 369 2129 ἐὼν,
385 2057 434 2113 sed
458 2053 506 2114 ε’ὐν
533 2060 717 2116 commodum
737 2080 847 2116 sensum
892 2059 1028 2132 Berglrius
1049 2059 1127 2117 l‘oet.
1149 2061 1216 2130 Lyr.
1240 2077 1270 2132 p.
1295 2057 1351 2130 379
1372 2057 1518 2129 conjecit:
1541 2055 1667 2134 αὐχαλίοι

62 2147 185 2216 praebet.
201 2149 288 2202 Versu
306 2145 341 2200 16
354 2145 442 2200 λαοῖσι
455 2143 545 2218 μετείη
557 2147 682 2219 conjecit
691 2149 849 2222 Stephanus
891 2143 1032 2224 χαίτῃσιν,
1044 2141 1142 2219 ἄγαλμ’
1153 2139 1405 2221 ὥς,εὐπρεπέεσσιν.

66 2235 96 2286 in
113 2235 198 2288 Poesi
210 2233 282 2306 phil.
293 2251 324 2306 p.
340 2251 393 2288 aar
407 2252 490 2301 ;nam
503 2233 583 2308 quod
592 2235 736 2308 legebatur
746 2234 848 2292 λαοῖσιν
933 2253 980 2292 αι.
994 2234 1119 2290 Servavit
1140 2232 1195 2286 hoc
1210 2233 1339 2286 carminis
1357 2231 1508 2286 convivalis
1522 2229 1665 2304 fragmen-

15 2311 25 2330 '
64 2315 103 2372 ἔτ’
119 2315 161 2384 εἴη
179 2319 249 2392 Ιίειϊί
266 2337 326 2373 non
339 2331 444 2393 potest.
467 2321 514 2376 Ad
535 2323 685 2379 πενταθλεῖν
708 2333 736 2378 et
750 2324 847 2381 παλαι·
893 2331 954 2374 tum
967 2322 1117 2377 Athenaeus
1137 2320 1180 2374 XI
1193 2337 1223 2392 p.
1246 2317 1314 2384 462.
1334 2321 1421 2374 Versu
1443 2319 1536 2392 primo
1555 2317 1667 2384 ζάπεδον

67 2404 446 2478 σμοσύνηνοειίεειεάίοιιιύυιιι
464 2407 576 2484 α’γαύός,
591 2420 727 2484 praeterea
742 2410 779 2464 ad
798 2433 848 2466 τα-
892 2426 947 2482 pro
978 2406 1089 2464 δοίπεδον
1117 2416 1219 2460 notum
1240 2423 1276 2459 ex
1303 2403 1433 2475 llesychii
1464 2405 1662 2478 explicatione.

67 2493 163 2567 χυτῆτι
176 2493 262 2549 ποδῶν
277 2495 380 2569 supple
394 2493 467 2563 νίνιην
478 2492 584 2572 ἄροιτο,
599 2495 678 2569 quod
690 2496 772 2550 initio
787 2513 848 2550 car·
893 2497 983 2550 Versu
996 2493 1121 2549 secundo
1131 2494 1162 2546 in
1172 2491 1265 2546 verbis
1273 2485 1400 2552 πλεκτούς
1413 2487 1435 2545 δ’
1446 2489 1591 2566 ιἰμριτιύείς
1606 2510 1669 2566 par·

69 2581 154 2632 minis
169 2590 272 2634 auctor
285 2582 393 2653 posuit.
417 2583 553 2638 Caeterum
569 2601 633 2637 cum
651 2582 707 2638 hoc
724 2585 848 2638 carmine
893 2582 1023 2655 ticipium
1038 2580 1120 2635 verbi
1133 2577 1206 2634 smiti
1222 2579 1312 2632 vicem
1325 2579 1413 2652 gerit,
1427 2589 1458 2630 ut
1472 2578 1548 2651 apud
1564 2581 1668 2633 Hesio-

69 2664 167 2720 conl'er
181 2667 348 2738 Panegyrici
362 2669 498 2722 Isocratei
519 2669 706 2743 principium.
892 2667 960 2723 dum
974 2663 1055 2744 Ἔργ.
1070 2687 1097 2726 ν.
1111 2687 1158 2724 αι.
1173 2665 1217 2724 cf.
1233 2665 1360 2738 Tlrucyd.
1381 2666 1431 2720 lib.
1450 2665 1472 2731 l,
1487 2665 1523 2720 25
1547 2678 1576 2721 et
1596 2687 1669 2741 quos

109 2771 159 2809 uo.
180 2752 241 2808 llos
260 2754 446 2828 Xenophanis
459 2774 567 2826 versus,
580 2757 683 2829 quibus
703 2757 848 2832 Colopho·
893 2757 960 2810 citat
974 2757 1053 2810 locos
1066 2751 1245 2810 Bernhardus
1260 2755 1374 2826 Syntax.
1396 2753 1465 2826 ling,
1488 2772 1531 2828 gr.
1554 2773 1583 2826 p.
1598 2762 1665 2823 47⁰·

68 2839 182 2892 uiorurn
205 2841 347 2894 luxuriam
372 2861 389 2896 a
425 2840 512 2914 Lydis
544 2854 644 2898 mutuo
677 2846 848 2900 commercio
893 2842 1037 2913 Quocirca
1047 2838 1339 2913 Jacobsii,Dindorfii
1350 2840 1530 2913 aliorumque
1541 2843 1667 2896 virorum

67 2937 211 2999 arreptam
222 2926 364 2995 traducit,
374 2927 524 2986 Athenaeus
541 2931 599 2986 x11
615 2951 644 3004 p.
661 2929 718 2986 526
735 2951 847 2988 conser-
893 2931 1045 2986 doctorum
1063 2929 1256 3000 conjecturas,
1273 2928 1376 3004 quibus
1389 2928 1465 3004 hunc
1484 2930 1579 2984 locum
1601 2941 1667 2984 tan-

65 3017 153 3068 vavit.
170 3016 264 3068 Versu
286 3016 381 3088 primo
404 3034 457 3089 pro
482 3015 628 3094 ἀφροσύνας
659 3017 849 3075 Schneiderus
893 3035 976 3089 quarn
1001 3027 1166 3089 corruptum
1191 3032 1289 3070 sanare
1308 3015 1477 3084 voluerunt,
1502 3018 1666 3074 omittimus.

66 3103 138 3156 Saxo
163 3095 313 3176 ἁόροσόνας
333 3103 389 3176 legi
420 3105 530 3174 voluit;
549 3124 628 3162 versu
647 3107 772 3162 seeundo
793 3126 848 3186 pr9
893 3102 951 3159 Pro
968 3101 1045 3166 ἄλλος
1062 3100 1084 3157 δ’
1101 3101 1194 3166 εὐῶδες
1212 3105 1389 3158 llermannus
1405 3103 1434 3156 in
1454 3105 1665 3159 censuraDele·

65 3191 140 3262 vulg.
154 3178 224 3254 ἦσαν
237 3185 281 3242 ἐπὶ
300 3189 424 3264 στυγερῆς
437 3191 602 3249 Dindorfius
615 3194 746 3250 codicum
759 3197 848 3250 vesti·
893 3202 953 3246 ctus
962 3201 1063 3264 poeta
1077 3188 1296 3246 Schneidewino
1308 3190 1378 3244 editi
1389 3189 1504 3262 conjicit
1515 3188 1603 3259 ἄλλος,
1612 3192 1626 3245 ὁ
1636 3188 1669 3247 δ’.

63 3279 106 3348 gia
119 3286 239 3332 secutus
254 3275 344 3330 edidit
355 3265 422 3344 ἦσαν
434 3275 495 3334 ἄνευ
505 3282 647 3358 στυγερῆς,
658 3282 687 3337 id
700 3281 778 3355 quod
790 3301 850 3337 sen·
892 3278 984 3333 Verba
999 3263 1065 3340 οἶνος
1075 3273 1102 3340 δς
1115 3273 1210 3333 οὐποτί
1219 3297 1283 3356 φησι
1294 3273 1438 3352 προδώσειν
1449 3295 1464 3332 e
1478 3278 1578 3333 codice
1590 3277 1669 3336 blar-

64 3365 157 3418 tentiae
179 3364 330 3422 convenit.
353 3365 402 3418 sir
415 3367 490 3420 enim
512 3367 704 3442 Xenophanes
723 3386 771 3422 eos
789 3387 848 3441 quo
893 3362 1668 3443 ciauopetita(cs.Ritschl.inllus.Rh.1841p.rho

65 3461 197 3524 tempore
217 3449 352 3506 libertate
367 3451 460 3508 adhuc
481 3452 645 3510 fruerentur
654 3455 712 3527 jam
731 3455 849 3510 mollitie
892 3459 976 3527 ειη),
991 3459 1089 3507 vinum
1103 3457 1242 3525 copiosum
1253 3453 1328 3524 quod
1338 3457 1426 3524 ipsum
1435 3452 1551 3523 spondet
1565 3469 1595 3504 se
1606 3469 1669 3505 corr·

64 3539 248 3593 effeminatos
268 3537 371 3605 luisse,
397 3558 459 3611 quae
484 3559 569 3596 causa
584 3559 642 3596 esse
663 3541 849 3596 existimanda
893 3545 967 3594 vivas
980 3559 1033 3594 που
1047 3537 1233 3610 ιίψειιιπιιιιι,
1246 3539 1315 3592 nihil
1329 3535 1487 3610 significant
1505 3538 1558 3592 nisi
1571 3539 1669 3593 vinum

65 3639 164 3695 est,ut
178 3645 249 3680 mox
261 3625 424 3680 adventanti
435 3628 581 3683 Persarum
597 3627 731 3684 exercitui
749 3647 849 3702 parurn
894 3627 973 3700 quod
995 3617 1129 3681 convivas
1148 3643 1208 3680 non
1227 3624 1348 3680 deficiet.
1368 3626 1424 3679 Pro
1446 3620 1583 3696 όσδόμενος
1604 3644 1668 3680 curn

66 3717 228 3769 resistentes
257 3713 418 3767 libertatem
447 3716 602 3772 amiserint.
625 3715 669 3769 Ab
691 3715 734 3768 his
756 3725 849 3770 autern
894 3714 1057 3770 Hermanno
1074 3714 1174 3786 scripsi
1192 3709 1321 3785 ὀζόμενος.
1341 3715 1426 3768 Versu
1442 3710 1594 3765 undecimo
1615 3731 1669 3784 pro

66 3804 163 3856 luxum
177 3801 216 3855 ad
234 3800 357 3854 Milesios
375 3819 407 3856 ac
424 3800 527 3857 deinde
549 3803 586 3857 ad
607 3804 733 3875 reliquas
746 3805 848 3858 lunum
894 3797 955 3854 airh
975 3796 1053 3871 μέσον
1064 3801 1083 3858 i.
1098 3817 1124 3854 e.
1138 3799 1164 3854 έν
1177 3799 1213 3876 τῷ
1226 3798 1299 3874 μέσῳ
1311 3798 1428 3853 forsitan
1439 3815 1498 3853 una
1508 3815 1579 3852 voce
1594 3795 1670 3854 αὐτό·

70 3888 196 3941 civitates
203 3885 338 3958 serpsisse
347 3898 449 3941 auctor
461 3899 502 3943 est
516 3888 664 3944 Clearchus
675 3889 752 3963 apud
763 3891 849 3945 Athe·
894 3906 972 3959 μεσον
987 3885 1168 3942 scribendum
1182 3903 1215 3941 ex
1230 3885 1430 3940 adverbiorum
1444 3883 1614 3960 αὐτόχρημα,
1623 3885 1671 3941 αὐ·

70 3991 158 4025 narum
175 3967 233 4025 Xll
253 3987 285 4042 p.
307 3971 376 4037 324.
392 3975 480 4028 Versu
500 3986 603 4047 quarto
619 3993 672 4048 pro
698 3975 733 4038 είς
752 3973 849 4032 ἐπίπαν
893 3975 981 4050 τῆμαρ
1013 3974 1190 4047 aliorumque
1220 3974 1365 4046 analogia,
1399 3989 1574 4045 quamquam
1608 3972 1670 4028 aliis

72 4069 143 4112 reete
167 4059 282 4130 scripsit
305 4059 472 4115 Karstenius
498 4062 533 4126 ὡς
556 4059 668 4132 ίπίπαν,
691 4061 771 4136 quod
789 4061 848 4134 jam
894 4064 1029 4136 exemplis
1055 4063 1132 4118 hunc
1155 4081 1238 4117 usura
1261 4062 1414 4117 verborum
1439 4057 1503 4116 αὐτὸ
1528 4057 1607 4136 μέσον
1624 4063 1671 4117 vix

73 4144 328 4217 Schweighaeusero
351 4145 383 4200 in
406 4158 531 4202 mentem
553 4158 677 4208 venerat.
694 4150 775 4205 ldern
793 4150 849 4205 ιλιι·
894 4151 959 4206 licet
976 4150 1101 4208 firmare.
1118 4150 1311 4222 Quamobrem
1325 4149 1532 4204 Karsteniusriv
1549 4146 1579 4205 τό
1591 4147 1670 4224 μέσον

74 4229 148 4284 bium
163 4249 223 4286 esse
241 4231 295 4298 ait,
311 4241 407 4286 utrum
424 4234 459 4297 ὡς
477 4233 573 4290 ἐπίπαν
589 4255 653 4291 curn
671 4237 849 4309 praecedente
894 4240 994 4310 reponi
1003 4239 1093 4310 jussit.
1108 4240 1142 4292 lu
1152 4238 1335 4310 sequentibus
1345 4233 1542 4312 προχειρότερον
1552 4238 1672 4293 mutavit

75 4315 159 4392 χίλιοι,
170 4319 250 4371 mille
257 4324 380 4392 omnino,
391 4339 427 4374 an
435 4339 499 4375 cum
505 4325 633 4396 sequenti
644 4320 779 4399 αὐχαλέοι,
787 4325 849 4397 ple·
894 4325 1124 4380 Sclrneidevrinus
1138 4327 1168 4379 iu
1182 4322 1365 4400 προαιρετέον,
1381 4343 1434 4379 uos
1452 4325 1516 4379 coll.
1530 4326 1619 4397 Xlll,
1635 4344 1668 4396 ¹7

77 4423 184 4476 rumque
198 4406 323 4476 superbi,
343 4407 447 4462 rectius
458 4408 634 4484 jungendum
649 4412 700 4484 sit,
716 4413 850 4484 quoniam
894 4413 1055 4486 scripsimus
1069 4411 1175 4488 πρότιμ’
1190 4409 1290 4487 ἕταροι.
1309 4411 1444 4466 Praeterea
1462 4409 1593 4486 πρόπυλον
1616 4413 1672 4468 Xe·

76 4491 217 4563 utriusque
230 4492 341 4562 generis
353 4494 483 4566 exempla
499 4493 554 4572 (cl.
575 4495 680 4554 Herod.
698 4496 748 4563 vt,
772 4497 809 4564 46
822 4509 850 4552 et
894 4500 1040 4572 nophanes
1052 4508 1136 4553 vocat
1147 4498 1231 4554 παῖδα
1243 4495 1395 4576 δαδορόρον.
1408 4499 1510 4553 Versus
1523 4500 1672 4556 vicesimus

77 4580 134 4646 llll,
149 4575 200 4646 157
213 4577 221 4648 l
235 4596 314 4650 aque
328 4577 493 4651 frequenter
507 4586 696 4657 reperiantur.
709 4583 778 4639 Mihi
796 4603 848 4658 po·
895 4585 924 4639 in
938 4584 1026 4642 codd.
1042 4587 1082 4641 sic
1093 4588 1216 4660 legitur:

78 4667 172 4719 sterior
187 4665 263 4718 ratio
288 4665 462 4738 praeplacet,
479 4669 558 4742 quod
582 4683 675 4726 certus
698 4671 726 4725 in
746 4672 800 4726 hac
820 4691 850 4727 re

78 4749 217 4804 hominum
233 4767 368 4804 numerus
382 4769 442 4806 non
455 4757 620 4826 requiritur.
642 4759 730 4814 Versu
749 4758 849 4831 quinto

77 4854 126 4910 pro
147 4834 273 4912 αὐχαλέοι
295 4836 481 4895 Casaubonus
505 4844 668 4916 vulgaverat
688 4840 850 4918 αὐχμαλίοι,
901 4861 985 4916 quern
1005 4843 1153 4917 quomodo
1169 4845 1216 4899 alii
1232 4845 1408 4900 correxerint
1420 4855 1469 4900 aut
1481 4847 1670 4918 explicuerint

79 4941 134 4994 qua
146 4923 306 4978 emendatio
321 4925 438 4981 minime
450 4931 602 4984 necessaria
613 4939 662 4985 est.
674 4929 736 4986 Vid.
749 4929 847 4990 adnot.
894 4931 1012 5004 longum
1024 4941 1064 4986 est
1076 4949 1309 5000 commemorare,
1320 4933 1389 4986 mihi
1401 4933 1520 4986 maxime
1531 4931 1671 5003 probatur

79 5011 113 5064 ad
125 5011 242 5084 llesych.
257 5011 286 5069 h.
302 5030 331 5065 ν.
349 5012 488 5070 Caeterum
501 5017 588 5072 verba
607 5013 780 5091 ἀγαλλόμενοι
803 5015 850 5072 εὐ·
895 5018 974 5091 quod
987 5039 1046 5074 non
1058 5020 1176 5074 multum
1188 5039 1205 5074 a
1219 5021 1332 5093 vulgata
1346 5019 1429 5074 distat
1438 5013 1472 5080 ὥς
1481 5019 1503 5072 οί
1514 5016 1669 5090 μνημοσύνη

78 5093 243 5171 πριπίισσιν,
260 5116 323 5170 quae
340 5101 450 5156 varica
469 5103 536 5156 viris
549 5101 641 5158 doctis
655 5111 760 5157 tentata
772 5114 848 5172 sunt,
895 5103 940 5161 καί
958 5104 1050 5179 μένος,
1064 5105 1129 5183 ἀμφ’
1145 5105 1239 5180 ἀρετῆς
1249 5108 1302 5161 hac
1314 5104 1524 5161 constructione
1540 5120 1548 5159 :
1564 5099 1591 5167 δς
1601 5101 1669 5160 πιὼν

78 5185 142 5238 nihil
163 5185 310 5242 contiuere
336 5196 420 5258 putat
446 5189 624 5260 Karstenius,
650 5190 728 5266 quod
756 5201 849 5247 metro
897 5190 1032 5268 ἀναραίνει
1053 5190 1131 5250 taeta
1153 5189 1339 5270 ἀμφ’ὐρετῆς,
1361 5189 1432 5255 brol
1456 5189 1609 5266 μνημοσύνη
1627 5189 1672 5250 καὶ
1741 5187 1752 5208 ’

934 4709 1011 4782 'steri
1024 4709 1178 4787 μνημοσύνη
1188 4711 1233 4768 καί
1247 4709 1325 4778 τὸνδς
1339 4710 1406 4792 ἄμφ’
1417 4715 1531 4791 ἀρετῆς,
