3840 5924
259 401 312 480 nu
771 415 775 422 ·
849 389 852 396 ·
940 393 1176 458 raomntuu.

260 529 480 610 φραατονοθτως·
496 529 637 598 Πλάτωνος
651 527 845 609 Ἀριστοτέλης,
858 515 886 587 οἱ
900 525 1029 606 Θεόφρα-
1075 526 1164 585 studii
1190 523 1284 602 capita
1303 534 1332 582 et
1351 524 1433 582 locos
1456 540 1519 582 esse
1537 522 1654 582 vellent.
1672 521 1736 592 Qua
1756 521 1793 580 de
1815 539 1845 579 re

261 638 328 681 στος.
345 616 395 687 Καί
409 623 425 688 η
441 617 487 694 μίν
499 616 603 690 Ἰωνικὴ
614 621 703 675 τοῦτον
713 613 856 692 καταλήγει
866 614 908 672 τδν
924 613 1029 692 τρόπον,
1075 614 1165 670 multa
1185 612 1320 687 leguntur
1361 611 1438 688 apud
1462 609 1597 668 Senecam
1633 608 1724 688 Epist.
1752 611 1801 684 89,
1829 611 1845 665 8

261 705 277 772 ή
308 703 334 760 δέ
352 702 470 772 Ἰταλικὴ
498 703 582 762 οὕτω·
610 703 773 782 Φερεκύδους
799 701 969 780 Πυθαγόρας,
999 690 1029 760 οἱ
1075 719 1155 778 seqq.
1169 700 1218 777 (9).

260 789 426 866 Τηλαυγήςό
442 789 511 862 υἱός,
526 781 554 847 οἱ
570 788 736 867 Ξενοφάνης,
750 779 780 848 οἱ
799 788 981 867 Παρμενίδης,
999 777 1029 846 ού
1115 787 1157 844 De
1169 789 1252 845 sectis
1265 784 1326 842 haec
1346 785 1433 844 habet
1452 783 1619 861 Simplicius
1637 786 1668 842 ln
1683 783 1846 843 Aristotelis

260 875 351 946 Ζήνων
365 881 379 934 ό
395 875 537 949 Ἐλεάτης,
551 867 581 935 οὗ
594 875 758 948 Λεύκιππος,
771 865 802 932 οδ
812 875 989 953 Δημόκριτος,
1000 865 1030 932 οἱ
1075 873 1173 950 Categ.
1186 873 1264 950 μιαί.
1276 872 1292 929 5
1305 872 1355 933 tot.
1368 871 1393 930 l.
1408 873 1496 932 ΕιἈὶ
1508 870 1554 948 μέν
1565 863 1607 931 οὖν
1618 870 1687 928 κατὰ
1696 869 1846 950 φιλοσοφίαν

259 963 352 1021 πολλοί
368 963 432 1040 μέν,
448 963 488 1022 ἐπ’
501 963 626 1040 ὀνόματος
641 964 668 1021 δέ
680 961 851 1042 Ναυσιφάνης
865 960 910 1020 καί
922 959 1029 1022 Ναυκύ-
1076 958 1186 1038 αἱρέσεις
1200 961 1322 1037 ἑπταχῶς
1333 956 1547 1034 &capitanei-a
1564 956 1616 1015 ἀπδ
1625 961 1671 1016 τοῦ
1685 955 1846 1030 συστησαμέ-

260 1051 320 1121 δης,
334 1040 370 1107 ὧν
386 1049 548 1127 Ἐπίκουρος.
560 1049 701 1109 Similiter
713 1049 845 1108 Clemens
860 1050 1030 1108 Alexandri·
1075 1067 1120 1104 νου
1133 1045 1180 1116 τήν
1195 1044 1310 1125 αἱρεσιν,
1325 1050 1360 1112 ὡς
1380 1047 1405 1102 οἱ
1420 1046 1594 1124 Πυθαγόρειοι
1608 1043 1653 1102 καί
1668 1042 1845 1103 Πλατωνικοί·

259 1155 315 1194 nus
326 1139 430 1195 Strotn.
443 1134 457 1193 l
471 1157 502 1213 p.
520 1139 575 1194 300
589 1136 612 1194 C
626 1159 633 1192 τ
650 1133 810 1214 Φιλοσοφίας
821 1145 889 1213 τρεῖς
909 1136 1030 1213 γεγόνασι
1076 1131 1093 1202 ἢ
1113 1133 1166 1192 άπδ
1179 1137 1227 1202 τῆς
1241 1138 1285 1190 τοῦ
1301 1129 1468 1212 αἱρεσιάρχου
1482 1129 1624 1208 πατρίδος,
1639 1133 1674 1197 ὥς
1688 1129 1846 1209 Κυρηναϊκοί

261 1221 395 1301 διαδοχαί,
409 1221 540 1299 έπόινυμοι
560 1225 612 1281 τῶν
623 1223 711 1280 τόπων
720 1266 729 1299 ,
744 1220 803 1298 περί
824 1221 866 1289 οθς
880 1221 1029 1301 διέτριψαν·
1077 1221 1100 1276 cl
1115 1219 1168 1278 άπὸ
1187 1217 1357 1298 ’Ἀριστίππου
1370 1216 1415 1275 καί
1432 1215 1578 1294 Μεγαρικοὶ
1596 1219 1620 1275 ol
1642 1215 1694 1274 άπὸ
1709 1215 1847 1276 Εὐκλείδου

259 1308 377 1380 Ἰταλικὴ
401 1309 448 1383 μὲν
469 1313 486 1379 ἡ
511 1309 562 1367 ύπδ
583 1309 751 1386 Πυθαγόρου,
777 1307 879 1380 Ἰωνική
902 1308 930 1366 δέ
946 1314 963 1379 ἡ
979 1307 1031 1367 tet
1077 1305 1122 1362 καί
1138 1305 1285 1364 Ἐλεατικοὶ
1300 1306 1324 1362 οἱ
1340 1303 1392 1362 άπδ
1405 1303 1570 1382 Ξενοφάνους
1582 1303 1627 1362 καὶ
1637 1302 1847 1382 Παρμενίδου·ή

261 1395 370 1471 Θαλοῦ,
391 1392 532 1464 Ἐλεατικῆ
553 1394 579 1451 δέ
600 1401 617 1464 ἡ
642 1392 693 1451 άπδ
708 1393 871 1472 Ξενοφάνους
893 1395 952 1454 κτλ.
974 1393 1030 1450 Sed
1078 1391 1130 1450 ύπδ
1142 1396 1187 1449 τοῦ
1200 1391 1279 1450 τόπου
1293 1382 1350 1470 let}
1364 1389 1491 1468 διέτριόον
1501 1389 1710 1468 φιλοσοφοῦντες,
1724 1392 1760 1456 ὣς
1774 1389 1849 1448 Ἀκα-

259 1482 322 1540 liaec
337 1482 428 1540 multo
451 1482 627 1540 accuratiore
647 1481 829 1558 expositione
842 1493 926 1555 egent
945 1499 1031 1557 quam
1078 1476 1203 1552 δημαϊκοὶ
1216 1476 1261 1535 καί
1276 1475 1402 1536 Στωικοί·
1416 1471 1434 1544 ῆ
1449 1475 1501 1533 άπὸ
1511 1473 1848 1554 συμόεόηκυίαςίνεργεέας,

258 1571 384 1645 singulis
398 1569 470 1628 locis
482 1569 585 1626 allerre
596 1568 808 1627 constituimus.
823 1568 928 1628 Confer
941 1567 1032 1626 Zum-
1078 1566 1113 1629 o<
1127 1562 1348 1642 Περιπατητικοί·
1366 1560 1383 1632 ἣ
1398 1561 1450 1620 tet
1464 1565 1509 1632 τῆς
1524 1564 1550 1619 έν
1568 1565 1607 1640 τῷ
1621 1563 1771 1642 φιλοσοφεῖν
1791 1563 1849 1642 κρί-

260 1659 315 1734 ptii
340 1657 569 1715 dissertationem
592 1655 627 1714 de
654 1655 897 1734 philosophorum
924 1654 1032 1713 scholis
1078 1669 1157 1720 σεενι,
1172 1651 1208 1714 ὧι
1230 1647 1380 1727 Ἐφεκτικοὶ
1400 1650 1424 1704 οἱ
1447 1647 1502 1704 dol
1526 1646 1680 1727 Πύρρωνος·
1698 1646 1785 1718 ήάπδ
1806 1654 1849 1706 τοῦ

262 1743 339 1820 apud
354 1743 542 1802 antonienses
558 1743 772 1821 praesidiumque
781 1741 1031 1814 Ἰιιιοοοειίοειὶὶιιιο,
1078 1735 1167 1800 τέλους
1180 1733 1365 1812 deportemur
1375 1739 1422 1806 τῆς
1436 1737 1534 1792 ἑαυτῶν
1545 1734 1710 1814 φιλοσοφίαι,
1722 1737 1758 1800 d<
1772 1734 1849 1794 ‘ttu-

261 1833 398 1888 insertam
433 1829 731 1888 commentationibus
768 1828 854 1885 Acad.
879 1828 976 1887 Berol.
1005 1847 1032 1886 a.
1078 1819 1181 1880 νικοὶοί
1196 1819 1416 1900 Ἐπικούρειον·θ
1436 1821 1488 1879 &nl
1502 1821 1699 1891 τῦῧείδθνετῆι
1717 1824 1802 1893 latis,
1818 1825 1850 1888 ὧι

265 1918 358 1987 ι84τ,
374 1917 405 1974 Β.
425 1917 512 1987 ιθήή,
527 1936 557 1992 p.
574 1936 699 1991 27-119.
1079 1913 1102 1968 oi
1119 1908 1236 1969 Κυνικοί.
1252 1909 1395 1985 Diogenes
1411 1907 1464 1966 lib.
1478 1906 1510 1979 l,
1529 1910 1610 1966 til-21
1630 1931 1636 1964 :
1652 1911 1706 1968 Τοῦ
1719 1906 1746 1966 δὲ
1760 1912 1850 1980 ἠθικοῦ

301 2003 396 2072 Quum
412 2023 483 2061 vero
506 2005 647 2061 intereos
667 2001 815 2078 sapientiae
829 1999 962 2059 doctores
982 2000 1033 2077 qui
1081 1996 1207 2075 (μέρους)
1217 1995 1352 2071 γεγόνασιν
1366 1993 1476 2071 αἱρέσεις
1488 1993 1569 2063 δέκα,
1587 1993 1787 2069 Ἀκαδημαϊκή,
1803 1999 1851 2054 Κυ-

261 2091 344 2148 firma
358 2088 499 2147 haberent
512 2091 626 2148 decreta
639 2102 723 2165 atque
737 2088 804 2146 illos
817 2088 869 2164 qui
882 2107 962 2146 suam
977 2089 1034 2166 ipsi
1081 2081 1191 2162 ρηναῖκή
1199 2123 1207 2152 ,
1220 2080 1368 2152 Ἠλειακή,
1383 2080 1543 2160 Μεγαρική,
1564 2079 1681 2152 Κυνική,
1698 2081 1851 2160 Ἐρετρική,

261 2173 432 2234 sententiam
456 2189 582 2251 tegentes
596 2193 694 2233 errore
711 2175 784 2233 allos
806 2175 936 2232 levarent
954 2187 983 2232 et
1003 2175 1035 2232 in
1081 2168 1257 2240 Διαλεκτική,
1271 2167 1493 2248 Περιπατητική,
1520 2167 1641 2241 Στωική,
1662 2167 1849 2247 Ἐπικούρειος.

262 2261 347 2320 omni
368 2262 564 2340 disputatione
587 2261 658 2338 quid
677 2261 741 2320 veri
763 2260 942 2322 simillimum
961 2273 1036 2319 esset
1080 2257 1275 2332 Ἀκαδημαϊκῆς
1289 2255 1337 2332 μέν
1351 2247 1395 2314 ούν
1409 2259 1457 2326 τῆς
1471 2255 1581 2335 άρχαίας
1593 2256 1707 2336 προέστη
1726 2256 1850 2334 Πλάτων,

263 2349 609 2424 quaererent,plurimum
621 2348 759 2406 interesse
769 2359 880 2424 pateat:
891 2347 1035 2424 Diogenes
1080 2348 1127 2414 τῆς
1144 2343 1225 2420 μέσης
1238 2337 1415 2421 Ἀρκεσίλαος,
1429 2345 1476 2413 τῆς
1485 2342 1542 2409 νέας
1556 2343 1698 2420 Λακύδης,
1712 2347 1848 2422 Κυρηναῖ-

263 2433 318 2500 lib.
331 2431 361 2504 l,
376 2435 410 2490 16
424 2432 482 2491 duo
493 2433 734 2511 philosophorum
748 2452 852 2508 genera
861 2434 953 2512 ponit.
964 2433 1036 2491 Sunt
1082 2435 1130 2502 κῆς
1152 2427 1317 2508 Ἀρίστιππος
1332 2433 1346 2486 ό
1370 2431 1531 2506 Κυρηναῖος,
1546 2429 1688 2502 ’Πλειακῆς
1709 2432 1851 2489 Φαίδωνί

263 2532 356 2577 autem
372 2518 434 2578 haec
453 2520 517 2596 ejus
530 2519 622 2578 rerba
637 2541 644 2576 ι
660 2522 722 2579 Τῶν
737 2518 764 2578 δέ
784 2520 930 2599 φιλοσόφων
944 2522 969 2578 οἱ
988 2518 1035 2596 μέν
1082 2517 1204 2590 Ἠλεῖος,
1229 2517 1380 2592 Μεγαρικῆς
1399 2513 1544 2587 Εὐκλείδης
1565 2515 1717 2594 Μεγαρεύς,
1739 2518 1852 2585 Κυνικῆς

265 2605 390 2684 γεγόνασι
408 2605 586 2683 Δογματικοέ,
601 2608 625 2664 οἱ
649 2605 677 2665 δὲ
693 2607 858 2686 Ἐφεκτικοί·
873 2606 1036 2684 Δογματικοί
1082 2601 1243 2671 Ἀντισθένης
1257 2599 1428 2671 δἈθηναῖος,
1439 2599 1593 2679 Ἐρετρικῆς
1609 2602 1763 2678 Μενέδημος
1779 2601 1852 2680 Ἐρε·

265 2692 333 2768 μέν,
347 2693 402 2752 ύσοι
414 2693 475 2771 περί
489 2695 541 2752 τῶν
555 2693 717 2772 πραγμάτιον
734 2694 920 2774 ἀποφαίνονται
935 2699 969 2766 ὡς
980 2716 1035 2751 κα-
1082 2687 1182 2768 τριεός,
1197 2689 1370 2756 Διαλεκτικῆς
1385 2687 1566 2766 Κλειτόμαχος
1585 2689 1784 2768 Καρχηδόνιος,
1800 2693 1852 2748 Πε-

265 2783 408 2851 ταληπτῶν
415 2825 425 2856 ,
441 2779 590 2858 Ἐρεκτικοί
604 2779 648 2853 δέ,
671 2780 725 2838 δσοι
741 2780 864 2860 ἐπέχουσι
876 2781 936 2858 περί
951 2782 1036 2839 αὐτῶν
1083 2778 1254 2856 ριπατητικῆς
1268 2772 1447 2852 Ἀριστοτέλης
1458 2773 1644 2854 Σταγειρίτης,
1660 2777 1782 2846 Στωικῆς
1796 2774 1851 2846 Ζή-

266 2869 302 2932 ὡς
318 2867 521 2934 ἀκαταλήπτων.
542 2867 635 2926 Paulo
650 2868 734 2925 aliter
754 2867 856 2926 Sextus
873 2867 1037 2945 Empiricus
1082 2885 1133 2920 νων
1144 2859 1275 2926 Κιττιεύς.
1289 2859 1324 2919 Ἡ
1339 2859 1367 2918 δέ
1380 2857 1558 2937 Ἐπικούρειοι
1574 2860 1621 2917 ἄπ’
1637 2862 1716 2920 «θεοῦ
1731 2862 1852 2932 κέκληται

265 2952 370 3028 Pyrrh.
395 2952 501 3029 llypot.
523 2952 550 3029 Ι,
566 2973 583 3010 a
604 2972 687 3030 seqq.
704 2974 711 3009 ι
726 2954 762 3012 Οἱ
784 2953 831 3030 μέν
850 2953 986 3032 εὑρηκέναι
1007 2951 1037 3010 τδ
1083 2947 1250 3028 Ἐπικούρου.
1271 2945 1423 3013 Ἱππόόοτος
1437 2947 1501 3016 δ’,ίν
1522 2950 1560 3025 τῷ
1574 2946 1635 3023 περὶ
1649 2948 1772 3027 αἱρέσεων
1783 2949 1852 3007 ἐννέα

267 3036 361 3108 ἀληθές
384 3036 500 3118 ἔφασαν,
518 3041 543 3098 οἱ
558 3037 586 3098 δέ
602 3038 767 3118 ἀπεφήναντο
791 3039 828 3116 μή
850 3039 957 3106 δυνατδν
972 3031 1038 3098 ε’ίναι
1084 3035 1163 3116 φησίν
1176 3035 1287 3114 αἱρέσεις
1300 3034 1344 3091 καὶ
1359 3033 1461 3112 ιἰγωγδις
1472 3022 1538 3092 εῖναι
1549 3055 1556 3070 ·
1568 3033 1673 3114 πρύιιην
1689 3036 1853 3114 Μεγαρικήν,

266 3129 341 3183 τοῦτο
355 3128 565 3203 καταληφθῆναι,
577 3129 601 3184 οἱ
615 3123 642 3183 δέ
656 3125 694 3183 έτι
704 3128 821 3196 ζητοῦσι.
836 3125 891 3185 Καί
902 3127 1038 3205 εὑρηκέναι
1084 3121 1205 3203 δευτέραν
1221 3119 1388 3201 Ἐρετρικήν,
1412 3119 1500 3199 τρίτην
1526 3120 1710 3200 Κυρηναϊκήν,
1731 3121 1855 3202 τετάρτην

265 3210 314 3286 μέν
333 3212 452 3269 δοκοῦσιν
465 3215 489 3270 οἱ
515 3211 584 3278 ίδέως
605 3210 760 3288 καλούμενοι
773 3213 948 3290 Δογματικοί·
962 3217 996 3280 ὡς
1010 3214 1037 3272 δὲ
1085 3207 1278 3288 Ἐπικούρειον,
1304 3207 1428 3282 πέμπτην
1453 3207 1634 3288 Ἀννικέρειον,
1653 3207 1732 3278 έκτην
1752 3209 1856 3269 Θεοδώ-

267 3298 328 3376 περὶ
342 3297 536 3369 άκαταλήτττων
555 3298 721 3378 ἀπεφήναντο
741 3301 765 3357 cl
780 3299 840 3378 περί
856 3299 1038 3378 Κλειτόμαχον
1086 3321 1167 3377 ρειον,
1185 3295 1299 3371 έόδόμην
1315 3293 1476 3366 Ζηνώνειον,
1491 3294 1539 3367 τήν
1552 3294 1598 3353 καί
1612 3295 1749 3366 Στωικήν·
1764 3296 1855 3372 ὀγδόην

176 3401 178 3408 ’
265 3385 313 3442 καί
328 3387 483 3463 Καρνεάδην
495 3385 540 3445 καί
556 3387 631 3445 ἄλλοι
644 3385 846 3460 Ἀκαδημαϊκοί·
857 3389 962 3457 ζητοῦσι
974 3386 1001 3444 δέ
1015 3389 1039 3444 οἱ
1085 3382 1283 3458 Ἀκαδημαϊκὴν
1299 3383 1346 3454 τήν
1361 3381 1489 3462 ιἰρχαέαν,
1507 3381 1615 3454 ίννάτην
1629 3383 1855 3462 Περιπατητικήν·

255 3471 421 3533 ’Σκεπτικοέ
433 3473 489 3533 δθεν
503 3473 613 3552 εὐλόγως
627 3474 744 3532 δοκοῦσιν
758 3475 785 3530 αἱ
798 3473 922 3531 ἀνωτάτω
934 3474 1039 3552 φιλοσο-
1084 3471 1144 3530 οὔτε
1158 3469 1184 3530 δὲ
1201 3467 1331 3540 Κυνικήν,
1342 3467 1401 3526 ούτι
1416 3467 1575 3541 Ἠλειακήν,
1590 3467 1649 3526 οὔτε
1668 3467 1854 3538 Διαλεκτικήν.

267 3559 323 3637 φέαι
333 3560 400 3638 τρεῖς
413 3551 491 3635 εῖναι,
505 3561 670 3638 Δογματική,
681 3559 875 3634 Ἀκαδημαϊκή,
892 3559 1036 3630 Σκεπτική.
1085 3558 1142 3629 Τήν
1154 3557 1202 3633 μὲν
1216 3556 1267 3635 γὰρ
1283 3553 1447 3635 Πυρρώνειον
1458 3555 1509 3612 οὔδ’
1523 3556 1547 3612 οἱ
1568 3553 1671 3619 πλείους
1688 3559 1858 3632 προσποιοῦν-

308 3646 403 3704 llestat
418 3659 450 3704 ut
477 3648 548 3723 quid
565 3661 674 3706 veteres
688 3647 724 3705 de
745 3649 895 3725 sapientiae
909 3648 1039 3724 partibus
1085 3670 1128 3705 ται
1143 3643 1243 3715 διδτήν
1256 3645 1394 3723 ἀσάφειαν.
1438 3640 1526 3702 Ἔνιοι
1538 3642 1565 3702 δὲ
1580 3643 1650 3700 κατά
1659 3665 1685 3700 τι
1697 3642 1746 3718 μὲν
1762 3642 1858 3720 αἵρεσιν

267 3743 296 3787 et
311 3731 577 3810 philosophantium
590 3735 673 3794 sectis
684 3733 827 3806 dixerint,
838 3733 967 3792 breviter
978 3752 1041 3812 per·
1086 3725 1240 3813 εἶναίφασιν
1256 3731 1351 3804 αὐτήν,
1362 3730 1431 3790 κατά
1441 3753 1467 3788 τι
1479 3730 1506 3790 δὲ
1520 3727 1559 3788 ού.
1572 3733 1651 3789 Δοκεῖ
1662 3729 1709 3805 μίν
1721 3730 1773 3808 γδρ
1790 3728 1858 3807 etpe-

267 3819 452 3892 stringamus.
827 3859 830 3868 ·
1087 3845 1126 3889 σις
1143 3811 1220 3879 ε’ίναι.
1234 3818 1340 3899 Αἱρεσιν
1362 3817 1389 3876 δέ
1416 3817 1544 3894 λέγομεν,
1559 3814 1639 3896 φασί,
1652 3815 1700 3887 τήν
1721 3817 1791 3894 λόγῳ
1807 3815 1859 3874 τινί

309 3905 378 3963 Post
391 3905 536 3964 Socratem
550 3907 640 3964 variae
653 3908 769 3965 suerunt
783 3905 933 3965 doctorum
945 3906 1037 3964 homi·
1088 3907 1155 3967 κατδ
1169 3906 1198 3964 τδ
1220 3905 1375 3985 φαινόμενον
1393 3905 1601 3976 ἀκολουθοῦσαν,
1616 3900 1633 3972 ἢ
1655 3904 1782 3962 δοκοῦσαν
1799 3905 1860 3960 τἰκο-

272 4009 340 4047 num
356 3991 392 4049 de
406 3992 599 4070 philosophiae
612 3991 745 4070 partibus
760 3992 917 4050 sententiae.
932 3991 1040 4050 Eorum
1087 3995 1200 4052 λουθεῑν
1216 3993 1275 4048 καθ’
1289 3987 1425 4068 θεύλόγως
1439 3987 1471 4046 δν
1483 3987 1582 4068 αίρεσιν
1595 3988 1642 4062 τήν
1655 3987 1796 4058 σκεπτικὴν
1811 4010 1860 4046 κα·

273 4080 406 4158 plerique
417 4079 590 4157 tripartitam
604 4079 778 4156 optimarum
794 4097 890 4137 rerum
901 4078 1041 4152 cognitio·
1088 4083 1188 4155 λοῐμεν.
1206 4079 1240 4137 El
1254 4076 1282 4136 δὲ
1292 4074 1391 4156 αἱρεοιν
1403 4083 1505 4152 νοοῖμεν
1515 4061 1668 4154 πρόσκλισιν
1679 4077 1705 4133 έν
1718 4075 1859 4151 δόγμασιν,

271 4185 336 4223 nem
357 4184 419 4224 esse
442 4166 576 4224 arbitrati
590 4179 680 4224 sunt:
702 4164 854 4236 moralem,
868 4164 1042 4236 naturalem,
1092 4165 1245 4224 ἀκολουθίαν
1259 4162 1381 4240 ἔχουσιν,
1403 4159 1488 4220 ούκέτ’
1510 4162 1542 4221 δν
1560 4159 1777 4239 προσαγορεύοιτο
1793 4160 1860 4238 αίρε·

271 4252 453 4310 rationalcm.
469 4251 569 4309 Prima
583 4252 710 4308 animum
730 4252 879 4328 componit
893 4269 1043 4326 moresque
1089 4273 1141 4318 σις·
1153 4252 1182 4309 ού
1196 4249 1248 4329 γάρ
1262 4247 1318 4326 ἔχει
1327 4247 1446 4324 δόγματα
1450 4289 1531 4308 .......
1541 4245 1604 4306 Ἔτι
1616 4245 1643 4305 δὲ
1652 4247 1703 4325 πρδ
1723 4246 1809 4323 ὀλίγον
1817 4247 1860 4304 καί

274 4339 372 4413 lingit,
389 4337 515 4396 secunda
529 4357 624 4396 rerum
640 4351 771 4396 naturam
793 4349 946 4408 scrutatur,
959 4338 1043 4395 tertia
1089 4333 1224 4404 ἐκλεκτική
1245 4355 1283 4400 τις
1308 4331 1406 4410 αἱρεσις
1427 4332 1538 4412 εἰσήχθη
1557 4331 1608 4392 tet
1632 4331 1793 4406 Ποτάμωνος
1814 4337 1861 4390 τοῦ

272 4437 403 4482 accurate
415 4425 574 4483 disserendi
587 4425 662 4500 leges
671 4438 699 4482 et
711 4424 971 4500 argumentationes
984 4435 1043 4481 tra·
1090 4417 1288 4495 Ἀλεξανδρέως,
1312 4417 1482 4494 ἑκλεξαμένου
1501 4418 1535 4476 τά
1556 4416 1684 4497 ἀρέσαντα
1707 4417 1734 4484 li
1754 4415 1862 4488 ἑκάστης

273 4512 332 4583 dit,
346 4529 383 4568 ne
403 4530 457 4587 pro
471 4513 550 4568 veris
567 4512 637 4568 salsa
655 4511 799 4570 dicantur.
813 4509 974 4586 Caeteroqui
992 4529 1044 4566 re-
1090 4510 1141 4564 τῶν
1157 4504 1292 4583 αἱρέσεων.
1309 4503 1448 4561 (laterum
1460 4504 1625 4562 eclecticam
1638 4501 1861 4580 philosophandi

271 4600 348 4675 ¹perti
368 4611 435 4655 sunt
450 4598 501 4674 qui
518 4609 568 4655 aut
579 4597 715 4675 pauciora
731 4610 779 4654 aut
793 4596 879 4674 plura
897 4587 1045 4673 sapientia
1092 4592 1234 4650 rationem
1253 4588 1391 4667 plerique
1415 4601 1483 4666 post
1504 4587 1573 4649 Chr.
1602 4607 1633 4647 n.
1653 4585 1721 4646 inde
1741 4606 1759 4645 a
1779 4587 1862 4645 tertio

305 4907 340 4970 (9)
360 4908 476 4968 Diogenes
492 4905 599 4956 Laertius
617 4906 660 4955 lib.
676 4908 697 4970 l,
721 4911 767 4955 ίαν
787 4905 853 4968 Πίρη
871 4904 897 4954 δὶ
913 4902 1048 4965 φιλοσοφίας
1090 4902 1183 4952 σόεῦον.
1192 4902 1239 4950 Καὶ
1250 4902 1318 4963 μέχρι
1326 4900 1367 4962 μὲν
1377 4898 1501 4962 Ἀρχελάου
1514 4897 1541 4948 εδ
1550 4897 1647 4960 ρυσικδν
1656 4897 1716 4952 εἶδος
1727 4895 1771 4959 ἢν,
1785 4895 1863 4944 tecet

274 4979 341 5041 rpite,
353 4977 465 5039 φυσικόν,
482 4976 578 5036 ἠθικόν,
601 4975 753 5024 διαλεκτικόν.
779 4969 885 5024 Φυσικόν
903 4976 945 5034 μεν
958 4973 986 5022 τὸ
997 4975 1049 5035 περί
1091 4972 1226 5035 Σωκράτους
1238 4971 1266 5020 sd
1278 4969 1374 5029 ἠθικόν,
1390 4969 1438 5018 ίιιεδ
1449 4969 1475 5018 at
1490 4969 1595 5026 Ζήνωνος
1604 4971 1646 5026 τοῦ
1655 4965 1765 5015 Ἐλεάτου
1777 4966 1804 5014 τὸ
1814 4966 1863 5012 δια-

275 5050 367 5112 κόσμου
380 5049 420 5097 καί
435 5047 518 5096 eunte
534 5047 611 5109 αύτῷ,
635 5046 716 5104 ἠθικδν
736 5044 762 5093 δὲ
778 5044 805 5093 τὸ
824 5043 875 5104 περὶ
887 5042 940 5105 βίον
952 5044 1049 5092 καὶτῶν
1091 5040 1207 5090 λεκτικόν.
1225 5039 1262 5088 (δέ.
1284 5042 1352 5090 Sexi.
1373 5038 1464 5102 Emplt.
1499 5037 1584 5100 Pyrrh.
1600 5039 1663 5098 llyp.
1687 5037 1727 5096 ll,
1743 5037 1789 5096 ta,
1808 5033 1862 5082 adt.

275 5121 333 5182 πρὸς
352 5121 413 5180 ήμιίς
444 5117 589 5167 διαλεκτικόν
602 5116 666 5166 δθτδ
685 5116 820 5177 ἀμφοτέρων
834 5113 888 5170 τοὺς
900 5111 984 5174 λόγους
993 5127 1049 5174 πρε·
1091 5111 1167 5163 Πεὶίι.
1181 5109 1237 5169 vlt,
1250 5112 1287 5158 ίθ.
