3690 5924
643 409 695 470 ns
716 409 964 470 ινιιιοοιιι.
1564 428 1623 480 us
1653 447 1659 464 ,

31 547 126 610 dentia,
144 545 199 600 alia
220 542 412 622 prominentia
434 560 496 600 esse
514 541 667 600 videantur
683 543 789 618 (m).-
880 542 1033 619 Reliquum
1055 556 1098 600 est
1122 556 1154 602 ut
1178 543 1355 603 Clazomenii
1377 546 1544 625 philosophi
1570 549 1621 608 do·

30 639 113 702 (Jrrare
128 633 203 689 f’fato
220 631 278 708 (ιὸ)
294 631 380 708 Αροί,
400 630 480 689 Socr.
499 649 529 707 p.
551 631 587 686 α6
603 629 638 686 de
659 631 793 707 pluribus
838 643 931 704 gmata
944 632 1107 688 summatim
1118 650 1270 708 exponam.
1284 632 1435 711 Principia
1444 654 1540 694 rerum
1554 645 1622 714 par-

32 727 193 794 rinaxagorae
206 719 290 776 libris
305 719 447 794 foquitur.
838 719 940 776 ticufas
965 718 1190 778 innumerabiles
1211 734 1240 777 et
1263 721 1417 778 admodum
1439 742 1544 800 parvas
1559 745 1621 784 esse

65 809 137 864 Haud
159 807 248 864 dubie
267 807 401 864 diversus
419 825 436 862 a
455 804 640 862 Clazomenio
664 805 719 862 fuit
744 805 794 862 ilie
838 805 923 862 dixit.
948 809 999 866 Hae
1016 821 1082 864 sunt
1105 806 1322 865 homoeomeriae
1345 828 1416 884 quas
1436 813 1619 884 Aristoteles,

31 899 198 968 Anaxagoras
223 895 305 972 cujus
328 895 364 951 de
392 893 490 967 Regno
522 895 793 950 commentationem
839 892 990 951 Lucretius
1014 895 1122 970 aliique
1148 895 1327 970 Anaxagoras
1358 895 1517 958 ascribunt.
1557 899 1621 975 ipse

30 987 86 1040 ritat
96 985 220 1040 titianus
237 984 295 1060 (ιθ)
309 981 377 1040 Vae.
391 982 461 1039 Hist.
475 979 522 1051 lv,
541 989 587 1048 ιο.
600 981 712 1038 Etenim
727 980 792 1036 Cla·
838 980 947 1038 rerum*
958 983 1068 1039 semina
1092 981 1246 1058 (χρημάτων
1266 981 1417 1060 σπέρματα)
1434 985 1590 1061 appellavit
1604 1007 1621 1043 e

29 1071 176 1140 eumenius,
190 1083 220 1127 ιιι
238 1089 325 1147 supra
337 1069 481 1140 vidimus,
496 1080 604 1125 aetatem
618 1066 674 1124 sibi
692 1069 793 1144 procui
839 1068 947 1142 quibus
965 1069 1134 1126 universum
1151 1081 1182 1125 ut
1194 1087 1267 1144 aqua
1283 1087 1299 1126 e
1316 1070 1403 1142 guttis
1416 1084 1464 1127 aut
1486 1089 1588 1128 aurum
1604 1091 1621 1128 e

29 1156 201 1235 erepublica
235 1157 396 1214 habendam
428 1156 565 1213 decrevit.
595 1155 689 1223 Quid?
714 1157 793 1231 quod
838 1156 975 1213 ramentis
990 1169 1101 1214 constat
1119 1154 1186 1232 (ao).
1202 1155 1284 1212 Mens
1304 1168 1398 1212 autem
1417 1169 1526 1214 motum
1541 1158 1622 1215 dedit

31 1265 146 1319 magnum
161 1243 288 1301 studium
305 1244 481 1318 auditamque
494 1261 610 1320 operam
624 1245 653 1298 in
670 1262 716 1300 res
736 1263 793 1299 non
840 1243 960 1301 immoto
970 1244 1039 1299 olim
1051 1256 1216 1300 cunctarum
1233 1261 1330 1300 rerum
1343 1263 1457 1316 acervo,
1470 1245 1622 1322 effecitque

31 1331 102 1388 modo
126 1330 277 1401 difficiles,
307 1330 355 1388 sed
379 1332 464 1388 etiam
493 1329 630 1387 obscuras
659 1331 792 1400 contulit.
838 1343 871 1386 ut
885 1331 1032 1407 paullatim
1052 1330 1114 1386 haec
1134 1331 1310 1387 universitas
1334 1343 1558 1391 converteretur.
1581 1332 1622 1387 Αο

31 1419 161 1495 λιιιιροιίο
176 1417 310 1475 universi
323 1429 402 1492 ortu,
416 1419 451 1474 de
465 1417 525 1475 sole
539 1429 567 1472 et
578 1416 646 1472 luna
659 1416 794 1491 reliquis·
838 1419 964 1493 primum
978 1416 1094 1492 quidem
1113 1416 1149 1474 ab
1163 1417 1276 1492 exiguis
1291 1418 1385 1475 initiis
1399 1421 1550 1476 conversio
1565 1440 1623 1476 cee-

31 1527 75 1586 que
93 1505 235 1564 sideribus
254 1507 432 1583 disputavit,
446 1525 478 1562 ac
492 1505 517 1561 si
531 1502 642 1562 Platoni
658 1504 716 1577 (17)
732 1523 793 1559 cre·
838 1504 894 1580 pit,
912 1503 1016 1561 deinde
1032 1503 1130 1580 piures
1144 1505 1272 1561 materiae
1287 1518 1383 1582 partes
1398 1505 1549 1582 complexa
1563 1526 1624 1563 cre·

31 1595 126 1661 dimus,
138 1595 166 1650 in
181 1594 366 1667 geometricis
380 1610 496 1670 quoque
510 1589 718 1668 questionibus
728 1610 793 1648 ver·
838 1590 891 1660 νίι,
902 1590 1085 1665 inposterum
1097 1611 1167 1648 vero
1180 1592 1265 1648 etiam
1279 1592 1400 1650 ulterius
1410 1593 1621 1670 progredietur.

33 1694 95 1738 satus
108 1693 156 1739 est.
840 1681 900 1734 flac
916 1678 1108 1734 conversione
1120 1697 1137 1736 a
1150 1678 1217 1736 rudi
1232 1692 1259 1736 ct
1273 1679 1416 1754 indigesta
1431 1680 1523 1751 mole,
1540 1680 1623 1756 cujus

63 1768 130 1824 idem
142 1767 256 1844 primus
266 1766 549 1824 Homerumheroum
559 1766 631 1823 facta
641 1785 794 1844 moresque
838 1777 933 1841 partes
958 1763 1124 1822 indiscrete
1149 1777 1178 1822 ct
1203 1767 1328 1824 confusre
1356 1767 1480 1836 fuerant,
1508 1769 1624 1842 singula

32 1857 150 1912 cecinisse
173 1867 271 1922 ratus,
299 1868 330 1912 ut
357 1867 417 1911 tum
446 1854 563 1911 virtutis
590 1867 650 1910 tum
673 1853 794 1929 justitiae
839 1851 1012 1929 procedente
1037 1863 1166 1928 tempore
1189 1867 1338 1928 segregata
1359 1868 1435 1912 sum.
1458 1856 1501 1912 lte
1518 1855 1621 1912 factum

32 1943 143 2019 exempla
155 1941 327 2000 hominibus
341 1954 534 2019 proponeret,
547 1941 675 1999 carmina
685 1940 748 2016 ejus
763 1943 793 2000 in
837 1951 893 2008 est,
915 1951 946 1996 ut
963 1957 980 1994 a
996 1940 1069 1997 raris
1082 1940 1189 2008 densa,
1206 1959 1223 1997 a
1238 1940 1351 2016 frigidis
1366 1940 1477 2012 calide,
1493 1941 1623 2016 acaligi·

33 2030 134 2086 alienam
160 2028 333 2086 sententiam
359 2027 480 2086 detorsit
506 2040 664 2102 auctorque
685 2029 795 2086 exstitit
838 2026 919 2082 nosis
943 2025 1085 2098 illustria,
1104 2024 1141 2082 ab
1154 2026 1283 2083 humidis
1298 2027 1373 2084 sicca
1390 2040 1620 2089 removerentur.

34 2117 169 2190 allegoricae
181 2115 431 2192 interpretationis
441 2134 506 2192 qure
520 2112 731 2192 posterioribus
746 2133 796 2172 εει-
837 2110 929 2169 Simul
947 2112 1034 2170 solet
1058 2113 1127 2171 fnna
1143 2126 1171 2170 et
1191 2114 1306 2189 reliqua
1328 2115 1424 2172 sidera
1446 2127 1510 2172 orta
1534 2127 1618 2187 strat,

34 2203 92 2260 rufis
103 2202 231 2260 invaluit.
248 2201 305 2259 Sed
317 2201 450 2279 jamtum
469 2201 595 2273 ejusdem
611 2199 699 2256 studii
713 2220 794 2256 com·
837 2212 923 2274 atque
937 2219 987 2258 aer
1001 2213 1029 2257 et
1044 2201 1132 2259 aether
1144 2213 1266 2258 secretas
1279 2202 1360 2260 sedes
1379 2215 1532 2260 tenuerunt
1547 2201 1619 2280 (τι).

34 2292 150 2348 minione
163 2311 226 2348 cum
242 2291 409 2348 Metrodoro
419 2287 794 2390 Hampsacenoconjunctus
877 2286 1020 2344 Nimirum
1035 2286 1124 2345 densa
1136 2301 1163 2344 et
1177 2287 1314 2359 humida,
1333 2289 1437 2364 frigida
1451 2302 1479 2347 ct
1496 2290 1622 2348 obscura

35 2377 155 2455 erat(18).
173 2378 273 2447 Quum
297 2378 388 2452 igitur
408 2397 455 2434 ιιι
472 2377 610 2453 praeclara
631 2375 795 2432 eruditione
839 2372 870 2430 in
887 2374 1052 2432 inferiorem
1068 2374 1162 2431 locum
1185 2389 1356 2449 congregata
1377 2389 1522 2453 suntque
1542 2397 1619 2436 nuuc

35 2479 103 2540 atque
115 2466 242 2523 doctrina
255 2478 346 2534 esset,
362 2464 439 2521 inter
453 2475 565 2520 veteres
579 2461 795 2539 Theophrastus
839 2473 914 2517 terra
927 2473 970 2517 est
992 2481 998 2516 :
1024 2473 1052 2518 at
1068 2480 1132 2518 rara
1150 2474 1179 2517 et
1194 2461 1301 2532 cafida,
1320 2463 1396 2520 sicca
1418 2475 1447 2520 et
1469 2463 1625 2540 splendida

35 2552 63 2607 de
80 2553 238 2626 Anaxagora
261 2562 470 2608 commentatus
494 2562 575 2618 erat,
597 2549 680 2624 cujus
700 2561 794 2605 tamen
840 2552 869 2604 in
886 2547 1075 2624 longinquam
1090 2547 1205 2605 aetheris
1220 2567 1301 2606 oram
1319 2562 1507 2608 secesserunt.
1534 2551 1623 2608 Deni-

36 2637 90 2694 libri
98 2638 154 2714 πρὸς
164 2637 340 2714 Ἀναξαγόραν
352 2649 379 2694 et
392 2636 453 2714 περί
462 2639 514 2693 τῶν
525 2633 697 2713 Ἀναξαγόρου
710 2633 794 2692 Laer·
838 2653 895 2710 que
917 2653 992 2709 aque
1006 2647 1035 2691 et
1050 2654 1099 2692 aer
1113 2637 1144 2692 in
1167 2635 1262 2693 media
1282 2636 1381 2692 mundi
1396 2638 1516 2711 regione
1532 2637 1634 2694 locata·

37 2724 68 2778 tio
80 2722 124 2782 lib.
137 2723 169 2795 t,
191 2733 227 2791 ια
248 2737 280 2781 et
294 2724 399 2782 Suidae.
414 2743 445 2784 ν.
466 2726 566 2801 θεορρ.
583 2722 642 2802 (19)
669 2741 796 2779 comme·
840 2736 909 2780 sunt
922 2721 994 2800 (aa).
1012 2719 1109 2800 Neque
1129 2735 1225 2781 tamen
1247 2723 1298 2781 itta
1312 2743 1408 2780 rerum
1424 2727 1623 2801 separatione,

35 2809 120 2878 morati
130 2811 185 2884 jam
200 2811 316 2889 pridem
330 2809 549 2870 interciderunt.
840 2823 974 2887 tanquam
999 2811 1111 2880 securi,
1133 2810 1225 2868 calida
1247 2829 1264 2868 a
1287 2811 1401 2888 frigidis
1415 2812 1460 2869 vel
1485 2812 1591 2888 frigida
1606 2831 1623 2869 a

60 3113 100 3170 (Ιί)
115 3115 229 3164 ίὸοιιίιιοίο
239 3115 309 3162 Ηλτί.
319 3113 402 3163 metit.
412 3115 433 3173 1,
443 3127 466 3176 ρ.
483 3119 523 3163 101
533 3133 540 3163 ι
552 3133 564 3157 ι
573 3114 617 3174 ῙΙγ
627 3114 692 3162 avait
702 3125 731 3162 ιιι
743 3112 800 3162 είίεί
843 3115 887 3175 ριὸι
904 3119 945 3172 τῆς
965 3115 1036 3172 αὐτῆς
1055 3115 1144 3174 edoce:
1165 3113 1326 3176 ὑπάρχοντας,
1341 3112 1408 3177 χάριν
1426 3115 1561 3177 οἰκονομίας
1574 3113 1625 3163 dus

40 3181 799 3242 unuteouvreeesd'tnaxagoreontrattetntitutemctmo-
842 3185 1012 3245 παρεισῆχθαι,
1032 3184 1123 3239 οὐδενὸς
1142 3185 1206 3240 ὁντος
1229 3190 1275 3233 τῶν
1297 3186 1467 3247 προειρημένων
1488 3185 1625 3247 ἀνθρώπων.

40 3251 131 3312 papum
142 3266 171 3301 ou
182 3253 323 3302 redieram
339 3253 489 3313 descriptio,
505 3253 546 3316 qui
565 3257 602 3302 est
620 3251 800 3314 prohabtemeut
843 3253 1116 3314 contesorgsyncett.
1126 3253 1214 3302 ctrroa.
1222 3265 1246 3314 p.
1259 3256 1302 3302 149
1311 3252 1349 3302 ed.
1363 3253 1438 3302 Paris.
1447 3253 1514 3303 Adde
1523 3253 1625 3306 tebet.

40 3321 87 3368 etrrt
97 3323 150 3371 dent
160 3325 223 3384 γνιλε
236 3323 387 3373 f'architecte
399 3324 468 3372 latio.
483 3342 495 3365 ν
844 3322 960 3382 Αγιιιοριι.
975 3335 998 3383 ρ.
1017 3327 1060 3371 tou
1072 3335 1124 3382 seq.

63 3392 99 3450 [15)
113 3393 175 3442 Plato
193 3393 263 3454 Apol.
285 3397 351 3442 socr.
367 3407 391 3456 p.
409 3401 439 3442 ιο
456 3408 462 3441 :
478 3395 539 3442 ὥστε
553 3395 597 3442 σία
612 3394 696 3444 τιθέναι
714 3393 750 3442 ὁτι
770 3393 800 3440 τὰ
875 3392 924 3450 (19)
941 3392 977 3440 Cf.
991 3391 1096 3451 simplic.
1112 3391 1304 3453 inmutetur.
1320 3391 1360 3440 fef.
1374 3397 1389 3440 e
1402 3390 1481 3451 beas:
1495 3390 1519 3438 b.

41 3461 166 3526 Ἀναξαγόρου
193 3465 276 3526 βιὸλία
302 3469 345 3513 τοῦ
371 3464 528 3526 Κλαζομενίου
549 3467 614 3526 γέμει
640 3466 729 3516 τούτων
752 3469 800 3514 τῶν
875 3461 924 3520 (2ολ
940 3460 1078 3509 ΑιίεΙοΙιιΙαο
1091 3462 1195 3522 Μείορίι.
1211 3465 1257 3519 Ι,3
1273 3459 1626 3524 ιἈναξαγὸραςὸὲὸΚλαζορέ·

41 3529 107 3589 λόγον.
842 3546 891 3584 νιος
902 3533 930 3582 τ’]
943 3530 983 3590 μὲν
995 3532 1074 3590 ἡλικίᾳ
1085 3531 1193 3594 πρότερος
1205 3533 1237 3578 ὢν
1249 3530 1331 3578 τούτου
1346 3527 1372 3590 [ί.
1385 3542 1407 3577 e.
1420 3527 1625 3589 'Eunsdou).s'ou:],

65 3601 104 3659 (16)
112 3602 280 3652 AEiianusvttr.
288 3601 403 3664 Hisblv,
411 3606 437 3651 ιθ
449 3618 455 3650 :
466 3604 513 3651 Καὶ
520 3603 669 3664 Ἀναξαγόρας
677 3603 700 3650 ἐν
707 3607 742 3662 τῷ
748 3603 799 3666 περὶ
843 3605 890 3652 τοῖς
902 3597 922 3644 δ’
932 3599 1006 3660 ἔργοις
1018 3600 1124 3662 ὕστερος,
1140 3599 1247 3661 ἀπείρους
1262 3599 1318 3648 εἷναί
1329 3615 1384 3660 ρησι
1393 3599 1434 3652 τὰς
1445 3597 1530 3660 ἀρχάς·
1542 3597 1627 3656 σχεδόν

43 3669 138 3726 βασιλείας
148 3673 210 3734 ρηοί,
218 3674 322 3734 χαλεπόν
332 3673 440 3734 χρήματα
447 3673 633 3734 ουναγεὶραοθαι,
641 3674 800 3736 χαλεπώτερον
843 3668 888 3729 γὰρ
898 3667 991 3716 ἅπαντα
1001 3669 1031 3715 τὰ
1043 3671 1186 3731 ὁμοιομερῆ,
1199 3669 1301 3729 καθάπερ
1310 3669 1372 3727 ὕδωρ
1384 3669 1397 3725 ἢ
1410 3672 1468 3730 πῦρ,
1480 3667 1542 3714 οὕτω
1551 3667 1628 3726 γίγνε-

42 3739 154 3799 όὲρυλαιιὴν
164 3743 251 3798 τούτοις
263 3745 396 3805 περιθεῖναι.
409 3745 447 3792 Cf.
457 3745 549 3805 Μανιος.
557 3743 587 3792 ad
600 3744 666 3805 Diog.
680 3745 756 3792 baert.
768 3745 799 3803 11,
844 3738 897 3784 σθαι
917 3738 957 3784 καί
979 3737 1122 3786 ἀπόλλυσθαί
1141 3755 1196 3796 φησι
1215 3737 1334 3797 συγκρίσει
1355 3738 1395 3784 rud
1416 3736 1529 3798 διακρίσει
1548 3735 1631 3795 μόνον

42 3810 81 3856 fet
96 3818 125 3858 15.
844 3807 918 3860 ἄλλως
938 3806 960 3854 δ’
979 3807 1032 3855 οὔτε
1054 3807 1170 3866 γίγνεσθαι
1189 3805 1238 3855 οὔτ’
1258 3806 1418 3865 ἀπόλλυσθαι,
1437 3805 1496 3853 ἀλλὰ
1513 3805 1634 3862 διαμένειν.

66 3885 104 3936 nt)
118 3883 181 3930 ento
195 3883 304 3930 Amator.
318 3895 341 3944 p.
355 3885 438 3942 132,Α
453 3882 638 3944 ιἘτυγγανέτην
647 3881 687 3930 οὗν
700 3883 741 3931 δύο
754 3887 801 3931 τῶν
844 3875 917 3924 ἀΐδιοι
941 3874 978 3923 td.
1000 3875 1030 3924 de
1053 3876 1120 3926 Coele
1143 3879 1214 3937 ttl,³
1233 3895 1239 3924 ι
1262 3875 1411 3938 Ἀναξαγόρας
1434 3875 1455 3924 δ’
1474 3876 1632 3936 Ἐμπεδοκλεῖ,

44 3951 146 4010 μειρακίων
161 3951 269 4013 ἐρίζοντε·
290 3953 342 4014 περὶ
359 3953 414 4000 ereo
429 3953 468 4012 δι’,
479 3953 506 4000 οὐ
519 3951 606 4012 αρόδρα
623 3953 762 4004 κατήκουον.
779 3954 800 4001 ι-
845 3945 951 4001 ἐναντίως
964 3947 1025 4006 λέγει
1038 3947 1088 4008 περὶ
1100 3952 1147 3994 τῶν
1167 3947 1298 4009 στοιχείων.
1320 3949 1334 3995 ὁ
1354 3947 1394 4007 μὲν
1413 3947 1457 4008 γὰρ
1473 3951 1519 4008 πῦρ
1533 3946 1572 3994 καὶ
1584 3951 1633 4004 γῆν

44 4021 144 4076 ριινέοθην
154 4021 253 4082 ρέντοιῆ
266 4023 318 4084 περὶ
328 4020 478 4084 Ἀναξαγόρου
491 4023 505 4080 ἢ
517 4023 568 4084 περὶ
580 4021 706 4069 Οἰνοπίδου
714 4022 800 4081 ἐρίζειν,
845 4016 886 4064 καὶ
901 4016 931 4064 τὰ
948 4016 1063 4076 σύστοιχα
1074 4017 1164 4072 τούτοις
1176 4016 1284 4078 στοιχεῖά
1300 4033 1368 4076 ρηοιν
1381 4017 1438 4064 εἶναι
1450 4021 1498 4063 τῶν
1509 4013 1632 4076 σωμάτων

44 4087 122 4142 ruamur
139 4095 192 4148 γοῦν
213 4091 337 4152 γράφοντες
359 4091 492 4151 &parumne
503 4092 542 4139 χοι
557 4091 669 4150 ἐγκλίσεις
680 4091 742 4145 τιμὰς
754 4091 803 4151 epp.
846 4086 886 4133 καί
899 4087 1035 4144 συγκεῖσθαι
1046 4085 1113 4133 πάντ’
1127 4085 1154 4132 ἐκ
1171 4087 1270 4144 τούτων,
1282 4085 1432 4147 Ἀναξαγόρας
1449 4085 1473 4134 δὲ
1488 4085 1628 4132 τούναντίον·

45 4159 112 4212 prr-'seo
123 4164 169 4206 τοῖν
180 4165 258 4219 χεροῖν
270 4159 421 4207 tristium.
433 4161 530 4208 erectas
542 4161 571 4207 ae
588 4159 677 4207 euctid,
697 4163 718 4208 ιι
735 4173 758 4220 ρ.
775 4165 803 4209 ιιι
846 4156 876 4202 τὰ
886 4156 931 4218 γὰρ
943 4159 1069 4217 ὁμοιομερῆ
1079 4160 1185 4215 στοιχεῖα
1204 4157 1273 4214 (λέγω
1289 4156 1310 4204 δ’
1328 4155 1376 4203 oto
1390 4155 1468 4217 σάοιιι
1487 4156 1527 4202 ret
1547 4155 1630 4202 errem

44 4223 73 4270 ιθ.
84 4226 145 4272 basii.
158 4246 164 4275 :
176 4227 349 4292 Ἀναξαγὸραςὸ
364 4231 515 4289 Κλαζομένιος
524 4230 615 4278 πολλῶν
624 4229 728 4292 ἐρήψατο
743 4230 804 4279 κατὰ
847 4227 886 4274 mi
903 4232 949 4274 τῶν
966 4228 1077 4274 τοιούτων
1094 4225 1213 4286 ἔκαστοι),
1226 4227 1282 4286 ἀέρα
1302 4227 1326 4274 δὲ
1343 4227 1383 4273 καὶ
1398 4227 1443 4285 πῦρ
1457 4231 1530 4286 μῖγμα
1542 4225 1630 4273 τούτων

45 4295 170 4355 γεωμετρίαν.
847 4298 886 4344 καὶ
896 4301 943 4344 τῶν
953 4297 1028 4344 ἄλλων
1042 4295 1180 4357 σπερμάτων
1191 4297 1293 4344 πάντων·
1306 4296 1366 4345 εἶναι
1376 4296 1420 4357 γὰρ
1429 4296 1536 4357 ἑκάτερον
1552 4294 1630 4342 αὐτῶν

61 4357 107 4432 ,ίίῧί
122 4357 231 4413 Diogenes
248 4357 354 4407 ίιΰθΐῑῑθθ
366 4357 408 4407 ld)-
422 4360 452 4419 Π,
467 4364 490 4408 ΙΙ
508 4361 597 4409 :Mi
607 4361 631 4408 δὲ
648 4366 738 4422 πρῶτος
752 4361 804 4420 (re-
848 4367 871 4422 ἐξ
880 4367 984 4430 ἀοράτων
998 4368 1141 4427 ὁμοιομερῶν
1151 4366 1244 4414 πάντων
1254 4366 1413 4427 ἠθροισμένον.
1428 4369 1557 4424 (Caeterum
1570 4370 1632 4413 Ana·

46 4421 67 4502 θα
74 4441 119 4480 οισι
127 4428 257 4490 Φαὸιορῖνος
266 4428 289 4475 ἐν
299 4429 434 4490 παντοδαπῇ
442 4430 541 4492 ίστορίᾳ)
548 4432 589 4487 την
598 4431 701 4492 Ὀμήρου
710 4430 804 4488 ποίησιν
848 4448 949 4494 xagertts
968 4435 1103 4498 promiscue
1121 4434 1244 4498 σπέρματα
1262 4436 1298 4483 vei
1320 4435 1431 4499 χρήματα
1450 4435 1486 4482 vei
1507 4434 1632 4496 γρημοὶτων

46 4497 184 4549 recreentur
197 4498 319 4556 εἶναιπερὶ
332 4497 413 4560 ἀρετῆς
424 4500 464 4546 καὶ
476 4499 631 4557 δικαιοσύνης·
642 4501 679 4549 ἐπὶ
689 4502 769 4550 πλεῖον
780 4503 805 4552 δὲ
848 4507 970 4568 σπέρματα
987 4505 1068 4566 dixit.)
1084 4505 1127 4554 iiis
1138 4508 1295 4552 consentanea
1312 4505 1383 4553 habet
1401 4505 1539 4554 Aristoteles
1559 4506 1632 4554 etiem

46 4569 151 4620 προστῆναι
160 4572 200 4614 τοῦ
212 4567 282 4628 λόγου
295 4569 449 4630 Μητρόδωρον
457 4569 498 4616 τόν
509 4569 679 4631 Λαμψακηνόν,
690 4571 805 4632 γνώριμον
850 4574 879 4623 de
893 4577 979 4624 Gener.
990 4577 1014 4624 et
1025 4575 1136 4635 Corrupt-
1149 4576 1169 4634 1,
1184 4576 1192 4620 l
1210 4587 1216 4620 :
1232 4575 1245 4621 ὁ
1258 4575 1297 4633 μὲν
1316 4573 1361 4636 γὰρ
1379 4574 1409 4622 τα
1430 4575 1555 4636 ὁμοιομερῆ
1568 4591 1633 4621 στοι·

46 4627 91 4676 dna
102 4634 179 4694 αὐτοῦ,
191 4637 217 4683 ὃν
227 4639 268 4684 καί
281 4643 373 4699 πρῶτον
384 4638 516 4686 σπουδάσαι
527 4643 569 4686 τοῦ
586 4643 684 4694 ποιητοῦ
702 4639 753 4701 περὶ
764 4641 805 4698 τλν
850 4648 903 4704 χεῖα
912 4643 1011 4704 τίθησιν,
1022 4643 1072 4692 οἷον
1081 4643 1165 4691 ὀστοῦν
1174 4642 1214 4688 καί
1224 4643 1300 4704 σάρκα
1311 4643 1350 4690 καὶ
1361 4643 1445 4704 μυελόν
1453 4643 1493 4690 καὶ
1503 4649 1549 4692 τῶν
1559 4643 1633 4688 αλλων

46 4704 128 4758 wudu
138 4707 300 4766 uerrucarum.
315 4711 335 4756 'f
336 4709 429 4756 elianus
438 4709 494 4756 adv.
509 4711 585 4758 Graec.
604 4711 670 4758 :st
682 4711 805 4772 Μητρόόω·
850 4713 883 4762 ὧν
893 4713 992 4761 ἑκάστου
1002 4713 1138 4774 συνώνυμον
1156 4715 1183 4759 τὸ
1200 4714 1268 4773 μέρος
1284 4712 1355 4761 ἐστίν.
1375 4712 1414 4760 Cf.
1430 4712 1513 4772 fragm.
1533 4718 1556 4772 f;
1576 4712 1633 4760 flent

47 4783 78 4848 ρος
88 4772 109 4818 δὲ
121 4775 300 4839 ὁΛαμψαιιιμός
312 4778 336 4826 iv
354 4783 388 4839 τῷ
401 4781 453 4841 περὶ
466 4781 569 4841 Ὀμήρου
580 4781 630 4828 λίαν
649 4781 736 4837 εὐήθως
753 4781 805 4830 drei-
851 4781 972 4831 Plutarch.
984 4781 1014 4830 de
1028 4782 1088 4842 plac.
1103 4781 1143 4842 μΙι.
1153 4783 1174 4840 1,
1185 4786 1199 4831 3
1209 4787 1232 4831 et
1246 4783 1339 4831 ὁμοιαί.
1353 4784 1374 4842 1,
1387 4785 1432 4830 830
1444 4794 1497 4842 seq.

47 4854 124 4918 ρειται,
135 4844 208 4893 πάντα
223 4848 255 4901 είς
267 4848 403 4910 ἀλληγορίαν
420 4849 533 4911 parerer.
547 4851 601 4899 οὗτε
614 4850 658 4913 γὰρ
666 4851 740 4913 Ἥραν
754 4851 806 4900 οὔτε
881 4853 933 4913 (21)
948 4854 989 4904 Cf.
999 4855 1080 4914 fragm.
1090 4860 1113 4902 ὁ.

50 4909 134 4988 Ἀθηνᾶν.
143 4915 193 4962 οὗτε
203 4916 247 4964 Δία
258 4917 319 4965 τοῦτ’
332 4918 391 4966 εἶναί
403 4936 480 4979 φησιν,
495 4921 551 4982 ὅπερ
563 4923 584 4969 οἱ
602 4921 655 4975 τοὺς
673 4922 806 4983 περιὸόλους
882 4923 932 4982 (22)
946 4925 1062 4984 Diogenes
1077 4923 1185 4972 Laertius
1200 4925 1234 4983 Ιί,
1248 4925 1262 4970 ὁ
1274 4940 1281 4971 ι
1293 4921 1366 4984 ἀρχὰς
1377 4920 1402 4970 δὲ
1413 4920 1454 4973 τὰς
1465 4918 1633 4982 όμιιομιρεῖαι·

49 4984 112 5058 α”ἷίῑί
123 4984 159 5029 καί
173 4986 254 5044 ῐῑθὲθη
270 4987 448 5050 uidebant:
465 4992 596 5050 νομίζουσι,
609 4991 698 5052 φύσεως
714 4992 738 5040 δὲ
750 4992 806 5040 ὑπο·
851 4991 954 5056 καθάπερ
965 4993 1010 5054 γὰρ
1020 4993 1046 5042 ἐκ
1055 4998 1101 5041 τῶν
1118 4993 1249 5054 ψηγμάτων
1261 4993 1390 5052 λεγομένων
1409 4989 1448 5038 τὸν
1465 4987 1550 5051 χρυσόν
1571 5006 1636 5038 ουνε-

50 5059 127 5128 θξᾰξιις
136 5053 172 5100 καὶ
182 5056 303 5118 στοιχείων
321 5058 495 5118 διακοσμήσειε.
508 5061 547 5108 rtet
559 5061 599 5108 τὸν
611 5061 713 5124 Ἕκτορα
732 5063 756 5110 ὁὶ
767 5062 806 5110 καὶ
852 5063 950 5120 στόνοι,
961 5063 1034 5119 οὕτως
1044 5063 1070 5112 ἐκ
1078 5067 1126 5111 τῶν
1137 5064 1280 5125 ὁμοιομερῶν
1303 5065 1390 5121 μικρῶν
1408 5058 1525 5119 σωμάτων
1542 5058 1569 5106 τό
1589 5063 1636 5108 πᾶν

50 5129 82 5194 ιρι
93 5119 182 5179 Ἀχιλλέα
193 5123 278 5185 δηλαδὴ
288 5128 328 5176 sai
346 5127 386 5176 τόν
397 5128 551 5190 Ἀγαμίμνονιι
564 5130 603 5178 καὶ
619 5131 705 5187 πάντας
718 5133 808 5188 danie·
852 5131 1026 5192 συγκεκρίσθαι.
1040 5133 1079 5180 xci
1094 5137 1150 5180 νοῦν
1160 5133 1200 5194 μὲν
1211 5133 1284 5192 ἀρχὴν
1294 5131 1418 5186 κινήσεως·
1429 5133 1476 5178 τῶν
1486 5128 1510 5177 δὲ
1520 5129 1637 5192 σωμάτιον

51 5191 103 5239 ὁθῖιέ
112 5189 215 5250 ’ὓληνιίς
227 5211 252 5243 τι
268 5199 306 5244 ναί
325 5198 452 5270 βιρὸαραυς
464 5199 506 5246 σὺν
520 5205 547 5260 τῇ
559 5201 637 5262 Ὶέλέντ,
655 5205 694 5249 καί
708 5209 741 5264 τῷ
759 5204 807 5252 ΙΙόι-
852 5203 882 5251 τόι
893 5203 933 5263 μὲν
944 5203 1015 5264 βαρέα
1028 5202 1144 5251 τοικαίτοι
1158 5202 1239 5262 τόπον,
1252 5205 1283 5257 ὡς
1294 5202 1335 5257 τὴν
1347 5206 1398 5262 γῆν·
1418 5199 1447 5248 τὰ
1466 5200 1491 5248 δὲ
1509 5203 1584 5263 ιιοῦρα
1597 5201 1637 5255 τόν
