3838 5926
257 408 312 460 106

252 530 335 603 hujus
354 529 485 584 vocabuli
501 528 599 584 lorntis
613 527 650 585 ci.
676 527 799 598 llesych.
814 526 910 580 toml
929 542 953 578 c.
970 541 1027 598 75⁰

252 619 298 676 ed.
319 615 396 686 Alb,
412 619 506 672 Koen.
520 616 557 671 ad
571 617 690 689 Gregor.
713 615 839 672 Corinth.
857 631 887 686 p.
908 609 964 678 455
980 610 1026 668 etl.

252 704 404 774 Sclraeler,
429 706 558 778 Ducang.
581 703 704 760 Glossar.
734 701 808 758 med.
835 711 863 756 et
890 699 940 754 inl.
976 698 1025 754 Gr.

251 811 359 867 part.

294 885 322 944 4.
336 881 366 936 A.
381 879 486 934 Gellius
497 879 593 936 Noctt.
605 877 665 934 Att.
678 878 733 945 lli,
750 895 781 931 rt
799 892 807 933 z
826 898 837 924 ι
854 875 908 931 Alii
920 875 1030 930 Home-

253 985 316 1020 rum
333 984 419 1040 quam
434 964 590 1020 Hesiodum
604 963 743 1035 majorem
765 974 836 1018 natu
857 961 940 1016 luisse
956 960 1028 1014 seri-

253 1067 388 1130 pserunt,
401 1056 430 1107 in
452 1053 557 1126 quibus
576 1049 764 1107 Philochorus
778 1062 808 1106 et
820 1048 1028 1121 Xenophanes,

253 1145 300 1199 alii
316 1145 467 1198 minorem.
484 1165 496 1189 ν
507 1141 656 1213 Scripsisse
669 1139 878 1213 Xenophanem
890 1134 1031 1209 Colopho·

254 1231 333 1285 sairam
350 1229 385 1282 de
403 1229 546 1299 Homero,
564 1244 648 1299 quem
664 1226 778 1282 civibus
793 1226 848 1280 suis
864 1223 1030 1279 adnumera-

254 1319 322 1372 baut
340 1315 523 1388 Colophonii,
543 1332 602 1368 non
615 1315 762 1369 miramur.
783 1314 817 1371 At
840 1331 898 1368 non
915 1331 949 1367 ex
966 1313 1028 1385 ipso

253 1403 439 1476 Xenophanis
453 1402 546 1470 libro,
563 1401 613 1457 sed
638 1420 673 1456 ex
697 1401 862 1456 Philochori
876 1400 988 1473 seriptis
1001 1399 1031 1452 id

256 1491 335 1564 quod
348 1489 583 1564 proditsumsisse
595 1488 737 1563 putandus
749 1498 790 1544 est
803 1487 829 1545 A
844 1488 959 1544 Gellius.
975 1487 1032 1541 Xe-

255 1580 395 1654 nophanis
410 1580 508 1652 opinio
522 1579 664 1652 plerisque
676 1580 859 1650 antiquorum
872 1577 982 1645 arrisit,
997 1573 1027 1630 id

255 1666 335 1738 quod
349 1667 378 1719 in
394 1685 425 1721 re
441 1676 509 1720 nota
523 1667 570 1720 vix
590 1683 662 1737 opus
675 1677 717 1720 est
731 1664 931 1720 demonstrari.

296 1757 324 1810 5.
353 1754 491 1826 Diogenes
527 1754 655 1807 Laertius
684 1753 715 1820 Ι,
744 1771 795 1806 νιν
836 1749 1031 1825 Epimenidem

256 1841 358 1894 vixisse
368 1838 455 1893 tradit
468 1839 501 1900 ὡς
515 1836 665 1917 Ξενοφάνης
680 1841 693 1895 δ
709 1833 871 1917 Κολοφώνιος
892 1832 1032 1905 ἀκηκοέναι

254 1924 337 2002 φησί,
354 1921 470 2001 τέσσαρα
483 1922 547 1999 πρός
562 1926 614 1989 τοῖς
635 1924 798 1994 πεντήκοντα
822 1921 915 1980 ἑκατόν
940 1920 1030 1997 (ἔτη).

255 2013 331 2084 Quid
353 2014 399 2067 alii
423 2023 552 2068 veterum
573 2012 608 2067 de
626 2012 799 2087 Epimenidis
825 2021 905 2066 aetate
930 2011 1033 2065 retule-

255 2103 329 2168 rint,
345 2117 420 2155 nunc
436 2119 493 2153 non
509 2118 596 2170 curo;
624 2119 640 2155 a
664 2101 847 2174 Xenophane
869 2117 928 2153 non
948 2098 1033 2170 louge

256 2187 404 2242 discedunt
427 2188 628 2261 'I'heopompus
651 2199 679 2243 et
709 2188 835 2260 Phlegon
859 2185 1032 2252 Trallianus,

256 2275 385 2345 quicum
406 2283 520 2328 centurn
539 2285 568 2328 ct
591 2275 798 2347 quinquaginta
815 2284 921 2346 septem
945 2287 1034 2325 annm

257 2361 357 2415 vixisse
381 2361 517 2434 scripturn
545 2363 733 2435 reliquerunt.
760 2361 825 2416 vid.
854 2360 1034 2432 Theopompi

259 2445 358 2521 fragm.
372 2446 410 2518 69
425 2447 470 2501 ed.
482 2449 619 2505 Wichers.
635 2448 750 2520 ejusque
764 2448 863 2503 adnot.
879 2467 911 2521 p.
928 2446 993 2520 159.

299 2535 326 2589 6.
344 2533 429 2607 Apud
442 2535 584 2588 Pollucem
597 2536 650 2604 tx,
664 2536 700 2590 83
714 2553 742 2607 p.
764 2535 837 2589 1063
852 2534 887 2589 de
901 2552 1036 2589 nummo-

258 2639 322 2676 rum
338 2621 446 2694 origine
455 2618 628 2693 disceptatur
637 2617 689 2675 alre
701 2618 806 2676 Φείδων
815 2621 830 2676 ό
840 2617 951 2695 ’λργεῖος
965 2619 1036 2695 πρῶ-

260 2727 303 2771 τος
315 2705 412 2784 ἔγραψε
427 2703 545 2779 νόμισμα
556 2738 608 2775 ,-
617 2703 668 2762 εἶτα
684 2705 779 2779 Λυδοί,
792 2705 859 2762 καθά
873 2725 937 2784 φησι
952 2705 1036 2761 Ξενο-

261 2792 356 2872 φάνης.
383 2794 590 2866 Xenophanem
612 2793 688 2848 hunc
708 2812 765 2848 non
790 2812 847 2848 esse
870 2793 957 2847 alium
984 2792 1036 2846 nisi

260 2881 470 2954 Colophonium
494 2881 603 2953 liquere
627 2881 752 2936 arbitror
776 2899 810 2935 ex
841 2881 940 2953 fragm.
967 2879 1035 2936 XX.

262 2969 367 3024 Eadem
376 2987 438 3042 quae
451 2969 643 3041 Xenophanes
655 2980 752 3023 narrat
764 2967 927 3023 Herodotus
938 2967 962 3035 1,
976 2972 1012 3039 94
1028 2983 1035 3022 :

262 3055 367 3131 Πρῶτοι
377 3053 404 3109 δέ
418 3052 559 3130 ἀνθρώπων
569 3056 619 3110 τῶν
631 3056 704 3127 ἡμεῖς
713 3052 788 3126 ἴδμεν
801 3053 810 3127 (
817 3054 840 3109 ol
855 3049 953 3121 Audet)
964 3050 1037 3126 νόμι·

261 3160 316 3214 αμα
332 3143 431 3217 χρυσοῦ
445 3139 490 3196 καλ
502 3136 614 3216 ἀργύρου
623 3137 765 3218 κοψάμενοι
780 3136 936 3215 ἐχρήσαντο.

265 3275 267 3279 .
302 3248 329 3300 7.
346 3231 508 3285 Aristoteles
529 3228 613 3287 Rhet.
627 3229 662 3296 ll,
680 3227 716 3284 αδ
731 3247 762 3301 p.
780 3227 848 3295 446,
865 3223 1037 3302 (ΖεΞινοφά-

261 3337 307 3384 νης
318 3312 405 3390 itaqu
414 3359 422 3388 ‚
432 3313 471 3372 ὅτι
482 3312 578 3387 ὁμοίως
593 3312 732 3372 testatem
746 3316 770 3370 el
787 3311 906 3389 γενέσθαι
921 3311 1038 3391 φάσκον-

261 3423 303 3467 τες
318 3400 376 3466 τοὺς
388 3399 459 3467 θεοὺς
469 3408 520 3466 τοῖς
533 3402 670 3458 ἀποθανεῖν
680 3399 814 3476 λέγουσιν·
828 3399 979 3479 ἀμφοτέρως
989 3397 1039 3476 γάρ

262 3486 401 3564 ουμόαῖνει
416 3485 453 3560 μὴ
468 3476 535 3544 εἶναί
557 3508 621 3546 ποτε
643 3485 724 3552 θεούς.
746 3491 809 3543 Hoc
833 3487 910 3542 dicto
932 3497 1041 3541 veteres

262 3587 357 3650 poetae
370 3577 611 3650 perstringuntur,
625 3576 675 3650 qui
688 3594 776 3649 quum
792 3575 845 3630 diis
856 3575 1040 3630 aeternitatem

264 3664 439 3730 tribuerent,
454 3680 503 3718 eos
518 3674 613 3718 tamen
630 3663 778 3718 hominum
793 3663 879 3718 instar
891 3673 970 3718 ortos
983 3681 1041 3718 esse

263 3747 443 3804 affirmabant
456 3767 614 3822 eorumque
636 3759 767 3826 parentes
788 3759 816 3804 et
836 3749 975 3823 originem
989 3768 1040 3804 eo-

261 3834 527 3909 pioseenarrabant.

303 3921 332 3976 8.
350 3923 511 3978 Aristoteles
522 3923 638 3978 Rhetor.
650 3924 691 3990 ΙΙ,
714 3921 750 3977 23
764 3943 794 3998 p.
813 3927 881 3993 lla,
897 3923 918 3978 C
934 3940 942 3980 :
960 3921 1042 3979 Ξενο-

211 4023 217 4036 ’
263 4009 346 4086 φάνης
360 4004 498 4072 Ἐλεάταις
519 4009 665 4086 ἐρωτῶσιν,
687 4010 710 4066 si
729 4007 835 4066 θόοουσι
857 4013 890 4086 τῇ
910 4008 1041 4088 Λευκοθέᾳ

263 4093 309 4150 κοιλ
322 4091 492 4170 θρηνήοουοιν
506 4095 523 4164 ἢ
539 4094 595 4168 μή,
610 4094 806 4166 συνεθοόλευεν,
819 4097 841 4152 εἰ
850 4092 897 4171 μέν
908 4094 963 4153 θεὸν
977 4101 1041 4154 ὑπο·

263 4179 446 4255 λαμθάνουαι,
463 4178 499 4255 μὴ
514 4182 636 4260 θρηνεῖν,
656 4182 715 4240 εἶδ’
731 4181 885 4260 ἄνθρωπον,
906 4181 944 4258 μὴ
961 4180 1039 4240 θύειν.

264 4271 331 4325 Νοιι
343 4268 479 4324 abhorret
493 4287 509 4324 a
523 4271 769 4327 verisimilitudine
784 4274 899 4328 Inonem
913 4283 978 4346 post
991 4291 1041 4328 va·

266 4359 323 4413 rios
335 4376 414 4412 casus
432 4359 506 4412 inter
523 4355 589 4413 deas
603 4360 726 4413 marinas
742 4369 861 4433 accepto
875 4361 1043 4416 Leucotheae

264 4447 380 4501 nomine
394 4446 508 4502 relatam
526 4447 604 4520 apud
617 4447 743 4515 Eleatas,
757 4447 902 4502 maritima·
912 4449 990 4504 urbis
1000 4450 1041 4502 in·

266 4535 352 4602 colas,
363 4534 476 4590 divinos
485 4536 609 4591 honores
620 4545 799 4591 consecutam
813 4553 881 4591 esse.
894 4537 946 4590 His
958 4537 1044 4610 igitur

265 4632 359 4676 utrum
374 4623 497 4677 lacrimis
507 4625 560 4693 Ino
572 4640 609 4677 an
623 4621 723 4677 divino
738 4623 817 4676 cultu
827 4623 989 4678 Leucothea
1000 4643 1042 4678 es-

265 4719 305 4763 set
320 4709 519 4782 prosequenda
530 4710 770 4784 interrogantibus
782 4711 847 4765 satis
857 4721 920 4784 apte
928 4729 1044 4784 respon·

267 4795 309 4849 ‹tit
324 4795 525 4870 Xenophanes.
547 4797 642 4850 blinor
663 4813 749 4868 quam
772 4799 948 4868 Aristotelis,
976 4799 1043 4853 Plu-

267 4883 355 4938 tarchi
377 4885 529 4938 auctoritas
544 4895 586 4939 cst
608 4885 657 4956 qui
671 4885 855 4959 Xenophanis
878 4885 994 4941 ellatum
1012 4889 1043 4941 in

266 4970 342 5027 bunc
356 4971 475 5027 modurn
486 4972 618 5047 exprimit
628 4973 721 5030 Amat.
736 4990 767 5049 p.
783 4972 849 5044 763,
866 4976 902 5044 D,
922 4975 983 5032 vol.
999 4974 1040 5031 lX

790 387 1037 454 XENOPllANlS
1059 384 1308 446 FRAGMENTA.

1075 539 1104 594 p.
1128 517 1165 592 59
1185 518 1281 574 Reisk.
1300 510 1470 592 ιΞενοράνης
1490 507 1648 587 Αἰγυπτίους
1668 507 1791 567 ἐκέλευσε
1809 506 1858 566 τόν

1075 601 1193 682 Ὄσιριν,
1212 605 1235 660 ιῖ
1255 601 1345 672 θνητὸν
1361 599 1509 676 νομίζουσι,
1529 597 1566 675 μὴ
1583 607 1663 676 τιμᾷν
1686 601 1722 664 ὡς
1737 597 1814 666 θεόν,
1829 599 1860 653 εἰ

1075 693 1102 752 δὲ
1119 693 1175 750 θεὸν
1195 695 1333 770 ἡγοῦνται,
1348 687 1385 764 μὴ
1408 687 1519 764 θρηνεῖν.
1536 689 1578 747 Cl'.
1600 691 1646 765 De
1656 689 1694 746 ts.
1724 697 1754 741 et
1774 688 1853 742 Osir.

1076 802 1104 856 p·
1121 783 1190 857 379,
1204 783 1237 848 B,
1253 780 1311 837 vol.
1328 779 1380 835 Vll
1402 795 1431 850 p.
1447 781 1503 848 490
1525 793 1583 847 seq.
1600 775 1701 847 Neque
1722 774 1801 827 enim
1821 772 1863 826 ab

1075 870 1282 944 antiquioribus
1293 865 1440 942 proditum
1452 874 1493 919 est
1505 862 1713 936 Xenophanem
1727 862 1759 914 in
1772 861 1863 932 εἱργ-

1076 971 1126 1033 pto
1142 960 1231 1014 luisse.

1116 1067 1145 1121 9.
1162 1045 1325 1105 Plutarchus
1335 1045 1377 1098 De
1388 1042 1490 1096 vitioso
1499 1037 1611 1114 pudore
1625 1058 1655 1112 p.
1669 1036 1739 1106 530,
1754 1039 1861 1094 tvttt

1076 1152 1106 1209 p.
1124 1133 1177 1190 103
1192 1133 1239 1190 ed.
1258 1129 1364 1199 halah,
1380 1129 1547 1204 praecipiens
1571 1145 1608 1182 ne
1621 1127 1685 1199 quis
1703 1127 1781 1179 inter
1797 1143 1859 1198 po-

1078 1218 1194 1276 tandum
1215 1221 1318 1276 vitioso
1338 1217 1450 1290 pudore
1467 1214 1569 1270 duetus
1583 1224 1631 1268 aut
1649 1213 1782 1268 convicia
1797 1230 1866 1266 mc-

1078 1321 1157 1364 tuens
1184 1307 1291 1362 tesseris
1319 1305 1401 1359 ludat
1423 1320 1488 1357 cam
1511 1303 1545 1355 iis
1568 1303 1619 1374 qui
1641 1300 1672 1354 id
1694 1300 1866 1373 postulant,

1078 1395 1265 1469 Xenophanis
1278 1392 1438 1466 exemplum
1452 1389 1572 1463 allegat:
1590 1386 1760 1465 Ξενοφάνης,
1770 1383 1869 1442 Λάσου

1077 1485 1122 1537 τοῦ
1135 1477 1292 1558 Ἑρμιονέως
1305 1476 1342 1551 μὴ
1357 1473 1513 1554 βουλόμενον
1531 1475 1604 1551 αὐτῷ
1618 1470 1790 1548 συγκυόεόειν
1809 1471 1869 1527 δει-

1079 1567 1123 1625 λόν
1143 1568 1353 1634 ἀποκαλοῦντος,
1373 1562 1503 1639 ὡμολόγει
1525 1561 1570 1619 καὶ
1588 1561 1657 1617 πάνυ
1682 1561 1768 1624 δειλός
1794 1549 1870 1616 εἶναι

1077 1654 1142 1732 πρὸς
1165 1653 1199 1710 εδ
1218 1649 1317 1730 αλαχρδι
1333 1649 1379 1710 καῖ
1396 1649 1518 1724 ἄτολμος.
1543 1651 1614 1706 Cum
1633 1653 1705 1705 Laso
1723 1649 1871 1704 Hermio·

1078 1745 1178 1814 nensi,
1195 1761 1280 1817 quem
1294 1742 1346 1796 sub
1363 1740 1498 1796 Pisistrati
1510 1737 1570 1792 filio
1585 1737 1751 1811 Hipparcho
1767 1738 1871 1791 Athe-

1078 1833 1121 1886 nis
1138 1832 1348 1904 peregrinatum
1369 1845 1426 1884 esse
1445 1826 1545 1882 scribit
1567 1824 1732 1882 Herodotus
1744 1825 1811 1895 vlt,
1835 1825 1870 1888 6,

1081 1919 1233 1992 quominus
1254 1917 1414 1972 collocutus
1425 1915 1461 1968 sit
1478 1911 1684 1984 Xenophanes,
1697 1921 1872 1983 temporum

1081 2009 1205 2062 rationes
1217 2023 1277 2060 non
1299 2005 1423 2060 obstant.
1439 2004 1533 2073 Quare
1551 2017 1611 2054 non
1631 1997 1768 2072 estquod
1787 1997 1873 2052 hanc

1080 2094 1320 2149 narratiunculam
1334 2109 1429 2145 veram
1443 2107 1500 2144 esse
1513 2104 1657 2161 negemus.

1123 2201 1166 2238 ιο.
1183 2183 1268 2255 Diog.
1281 2184 1375 2238 Laert.
1386 2179 1439 2251 IX,
1452 2195 1488 2233 no
1501 2195 1508 2234 :
1522 2171 1730 2251 Ἐμπεδοκλέους
1743 2171 1873 2235 εἰπόντος

1081 2269 1168 2344 αὐτῷ,
1184 2266 1225 2327 ότι
1246 2262 1379 2344 ἀνεύρετός
1395 2265 1463 2320 ἐστιν
1487 2267 1501 2320 ό
1524 2262 1616 2340 σοφός,
1639 2261 1774 2335 Εἰκότως,
1796 2259 1872 2338 ἔφη·

1082 2355 1162 2435 σοφὸν
1182 2352 1233 2433 γάρ
1258 2343 1323 2410 εῖναι
1344 2351 1382 2409 δεῖ
1395 2351 1448 2424 Ιτόν
1473 2349 1678 2426 ἐπιγνωσόμενον
1700 2346 1746 2404 τὸν
1771 2346 1873 2427 σοφόν.

1081 2446 1216 2519 Diogenis
1237 2443 1323 2498 verba
1355 2441 1532 2514 transcripsit
1552 2439 1708 2510 Hesychius
1733 2438 1873 2492 Milesius

1081 2549 1146 2603 pag.
1161 2537 1197 2595 4ο
1213 2528 1258 2586 ed.
1273 2528 1361 2584 Orell.
1387 2527 1443 2583 Sed
1463 2526 1484 2580 si
1497 2526 1690 2598 Xenophanes
1708 2524 1770 2578 fere
1790 2525 1876 2578 intra

1082 2620 1195 2692 Olymp.
1214 2615 1250 2682 45
1271 2627 1299 2671 et
1321 2635 1357 2686 70
1369 2615 1439 2670 vixit
1457 2632 1489 2670 ac
1500 2615 1577 2670 circa
1589 2614 1633 2670 01.
1648 2614 1685 2668 6ο
1703 2609 1824 2679 floruit,
1840 2625 1877 2667 ut

1083 2705 1247 2761 Karstenius
1261 2704 1365 2777 aliique
1377 2701 1577 2772 conjecerunt,
1589 2702 1667 2756 nulla
1681 2702 1780 2774 potuit
1794 2703 1879 2756 inter

1083 2795 1159 2849 bunc
1189 2804 1219 2846 et
1242 2791 1448 2865 Empedoclem
1471 2807 1529 2844 esse
1557 2789 1755 2857 consuetudo,
1779 2809 1876 2862 quem

1083 2882 1158 2934 intra
1170 2881 1283 2952 Olymp.
1301 2897 1337 2948 7²
1350 2887 1378 2932 et
1394 2873 1429 2947 87
1445 2877 1546 2930 vixisse
1562 2876 1672 2931 idoneis
1689 2878 1877 2951 argumentis

1083 2979 1178 3022 uestra
1202 2966 1340 3020 memoria
1365 2964 1400 3018 ab
1423 2961 1540 3017 eruditis
1560 2962 1786 3018 demonstratum
1817 2975 1873 3020 cst.

1084 3057 1184 3127 Itaque
1203 3054 1258 3107 hoc
1283 3051 1391 3107 dictum
1417 3051 1588 3124 Xenophani
1611 3052 1727 3106 attribui
1746 3053 1875 3124 nequit,

1084 3144 1134 3199 scd
1146 3143 1181 3199 ab
1194 3161 1228 3196 eo
1240 3143 1385 3196 inventum
1401 3157 1459 3195 esse
1470 3149 1607 3212 apparet,
1626 3141 1781 3211 quiquam
1804 3142 1878 3193 Em·

1084 3232 1234 3304 pedoclem
1251 3231 1280 3283 in
1302 3228 1426 3284 carmine
1440 3245 1490 3281 suo
1505 3227 1678 3300 Xenophani
1692 3225 1875 3280 oblocutum

1085 3321 1232 3395 reperisset
1255 3317 1312 3390 (ci.
1338 3317 1456 3372 Aristot.
1474 3317 1517 3370 De
1532 3313 1596 3372 coel.
1623 3314 1719 3388 11,ss
1743 3333 1776 3388 p.
1799 3315 1877 3378 363..

1085 3410 1111 3463 D
1124 3408 1145 3480 ),
1161 3407 1260 3462 ambos
1283 3403 1383 3460 eodem
1400 3415 1528 3476 tempore
1549 3402 1656 3476 degisse
1679 3411 1706 3456 et
1722 3421 1878 3458 commer-

1087 3496 1162 3551 cium
1181 3495 1256 3549 inter
1268 3509 1298 3550 se
1314 3489 1460 3565 quoddam
1474 3489 1604 3545 habuisse
1617 3498 1765 3544 statueret.

1132 3602 1176 3639 ιι.
1201 3580 1368 3637 Plutarchus
1388 3577 1453 3634 adv.
1469 3577 1558 3634 Stoic.
1580 3597 1608 3650 p.
1632 3577 1704 3639 rosa
1729 3573 1833 3648 (tom.
1850 3576 1878 3631 X

1087 3689 1116 3743 p.
1134 3669 1189 3734 462
1207 3667 1254 3724 ed.
1271 3663 1384 3738 Reislt.)
1405 3661 1459 3721 :‘0
1472 3661 1518 3737 pir
1534 3651 1577 3720 οθν
1588 3659 1748 3740 Ξενοφάνης,
1765 3661 1880 3736 διηγου-

1089 3754 1166 3829 μένου
1179 3750 1246 3817 τινδς
1256 3749 1370 3827 ῖγγέλιις
1384 3746 1528 3826 ἑωρακέναι
1538 3749 1564 3804 ἰν
1577 3747 1652 3805 ὕδατι
1666 3749 1759 3826 θερμῷ
1772 3749 1878 3818 ζώσας,

1088 3842 1207 3906 Οὐκοῦν,
1221 3827 1307 3908 εἶπεν,
1321 3837 1347 3895 δν
1361 3837 1457 3916 ψυχρῷ
1467 3833 1546 3903 adri<
1564 3836 1705 3915 έψήαομιν.

1130 3947 1176 3985 aa.
1192 3929 1332 4001 Diogenes
1346 3927 1474 3980 Laertius
1489 3925 1544 3993 IX,
1568 3944 1603 4000 ¹9
1623 3924 1803 3998 Xenophani
1821 3927 1880 3979 hoc

1087 4012 1261 4092 praeceptum
1282 4013 1397 4069 ascribit
1421 4029 1428 4072 :
1447 4021 1501 4078 τοῖς
1512 4011 1645 4088 τυράννοις
1665 4009 1879 4088 δντυγράνεννῆ

1087 4107 1121 4170 ὡς
1137 4103 1234 4172 ἥκιστα
1250 4097 1427 4170 ἢὼςῆδιστα.
1443 4100 1582 4156 Eumdem
1595 4099 1655 4172 ejus
1666 4111 1823 4156 auctorem
1840 4103 1881 4155 le-

1087 4203 1155 4247 runt
1176 4189 1331 4262 Hesychius
1351 4189 1474 4244 Milesius
1494 4207 1524 4261 p.
1538 4194 1574 4252 la
1591 4188 1638 4246 ed.
1655 4188 1743 4245 Orell.
1762 4200 1795 4243 ct
1813 4191 1880 4244 Sui-

1090 4277 1139 4332 das
1150 4295 1178 4334 v.
1190 4272 1305 4346 ἥκιστα,
1317 4277 1367 4347 qui
1383 4285 1411 4330 et
1424 4275 1543 4330 alterum
1557 4275 1613 4330 hoc
1628 4275 1737 4329 dietum
1754 4275 1881 4345 adjicit:

1089 4359 1184 4432 ἥκιστα
1200 4362 1315 4436 μελῆσαι
1329 4360 1418 4425 αὐτοῖς
1432 4363 1503 4432 (τοῖς
1515 4360 1660 4439 τυράννοις)
1672 4363 1719 4430 τῆς
1736 4361 1882 4430 ἀληθείας.

1089 4456 1126 4507 At
1138 4452 1161 4505 si
1172 4448 1242 4505 fides
1254 4449 1366 4506 Valerio
1378 4451 1503 4506 Maximo
1514 4453 1583 4521 Vll,
1599 4469 1628 4520 a,
1639 4469 1685 4508 ex.
1702 4455 1884 4520 11,Aristo-

1090 4540 1157 4594 teles
1179 4538 1374 4595 Callisthenem
1397 4539 1556 4594 auditorem
1579 4557 1661 4592 suum
1682 4537 1719 4592 ad
1747 4539 1883 4611 Alexan·

1089 4625 1173 4680 drum
1184 4625 1328 4680 dimittens
1345 4625 1474 4697 monuit,
1489 4636 1522 4679 ut
1535 4644 1598 4680 cmn
1612 4643 1647 4678 eo
1663 4635 1712 4678 aut
1727 4626 1884 4682 rarissime

1089 4725 1138 4767 aut
1160 4732 1245 4786 quarn
1265 4713 1467 4785 jucundissime
1493 4715 1674 4787 loqueretur3
1697 4731 1764 4785 quae
1789 4717 1883 4770 verba

1089 4802 1221 4875 leguntur
1247 4801 1330 4854 etiam
1359 4800 1436 4874 apud
1462 4802 1640 4856 Ammiauum
1672 4801 1883 4858 Marcellinum

1090 4889 1142 4943 lib.
1155 4889 1265 4956 XVIll,
1285 4907 1316 4961 p.
1341 4885 1404 4943 118.
1428 4888 1501 4944 Inde
1516 4889 1632 4962 colligas
1650 4887 1802 4943 incertum
1826 4907 1884 4946 esse

1090 4975 1173 5048 hujus
1187 4975 1263 5031 effati
1276 4984 1429 5031 auctorem.

940 5205 1197 5232 -οοοι-
