3776 5926
448 461 613 522 antistiit
646 462 996 522 nithadoneonhn
1028 462 1199 524 CARMEN.
1575 476 1629 528 191

87 579 169 658 γνώσῃ
185 582 208 637 δ’
227 571 326 658 Ιἧθὲμις
337 581 405 652 ἔστί,
421 581 496 660 φύσιν
512 582 571 660 περὶ
589 582 681 649 παντὸς
695 583 800 658 θμοίην,
851 591 985 650 Cognosces
1001 590 1090 649 etiarn,
1102 589 1181 651 ηιιοσδ
1196 592 1231 638 ius
1247 594 1282 640 o·.t
1292 627 1299 650 ‚
1311 597 1422 640 naturam
1440 607 1469 640 ιι
1483 594 1550 642 σοιτί
1564 593 1632 704 pede

86 666 148 724 ὥστε
162 689 190 724 σε
206 669 273 743 μήτε
288 667 378 724 ἄελπτ’
391 667 517 738 ἐλπίζειᾚ
533 669 635 743 ww
649 669 748 739 mm·
850 713 878 758 ut
889 725 933 759 nec
949 724 1030 772 sperae
1046 723 1103 773 qrrae
1116 713 1234 774 speranda
1254 726 1301 762 nou
1316 652 1631 778 surii,noo[{2'q⁸1¹1¹1¹d'qffflu

87 754 175 832 Γνώση
193 753 218 810 θ’
233 753 382 831 ἀνθρώπους
392 755 531 833 αὐθαίρετα
546 757 647 831 πήματ’
658 756 766 836 ἔχοντες
1551 779 1632 826 latini.

46 842 223 916 iuridicinae,
236 838 490 918 οἵτ’ἀχαθῶνιτέλας
503 842 585 901 ὄντων
597 844 650 902 οὔτ’
663 848 787 924 inopima„
848 834 986 888 Cognosces
1000 835 1081 882 antem
1097 833 1207 882 homines
1221 837 1289 884 malis
1304 836 1368 885 uitro
1383 837 1506 886 arcessitis
1519 845 1631 898 cirritos,

84 927 138 988 οὔτε
150 928 266 988 allowi-
277 929 351 988 λύσιν
366 929 394 986 δέ
408 935 498 989 asans
512 937 609 1010 σσῦρσι
626 933 757 994 συνίσασι.
848 905 1014 1005 ιἰ”ιἰ“ει[(ι)ιῖιίιθιιίΙ
1025 895 1173 1018 ιιχίνιθῗιθιῗγῗιᾞ
1184 910 1263 1006 θιθιθιιιῗ
1276 901 1381 1008 θ”ἷιῑιιῐῖῗιὓ
1388 899 1553 1022 :filiius

37 1309 73 1338 τοι.
85 1289 139 1338 θέτε
148 1289 192 1352 γὰρ
202 1289 233 1338 τὰ
243 1295 326 1352 πρώτα
338 1291 366 1339 ἂν
376 1291 465 1351 γένοιτο
479 1292 554 1354 μέσα,
566 1293 580 1350 ἣ
591 1293 695 1356 ἔσχατα,
706 1293 759 1343 οὔτε
774 1295 805 1342 τὰ
849 1295 951 1356 gratiani
971 1309 999 1344 ex
1021 1296 1073 1344 aliis
1087 1296 1185 1344 sedibus
1197 1296 1220 1344 in
1239 1295 1297 1344 alias
1307 1297 1418 1344 ohnoxia.
1432 1317 1445 1341 ι
1463 1301 1553 1346 Verrrm
1568 1301 1632 1346 enlm

39 1363 86 1422 ρέσι
97 1365 173 1418 πρώτα
188 1361 203 1416 ii
216 1360 324 1422 θαχατα,
338 1361 392 1410 οὔτε
406 1361 436 1410 τὰ
446 1364 536 1425 ἔσχατα
552 1364 612 1424 μέσα
624 1365 638 1422 ἣ
648 1371 744 1428 πρώτα,
756 1355 806 1414 ἀλλ’
851 1379 908 1414 roro
922 1379 999 1428 neque
1012 1367 1132 1416 Hierocles
1151 1367 1252 1426 errarit,
1265 1380 1342 1426 nenne
1364 1369 1496 1416 Salmasius
1517 1383 1583 1426 rem,
1604 1371 1634 1412 du

26 1434 106 1486 1λιτοῖς
117 1431 289 1492 δημιουργιιοῑς
300 1432 360 1494 ὅροις
370 1433 450 1488 ἀιδίως
462 1435 522 1492 μένει
536 1435 598 1481 κατὰ
610 1437 674 1493 γένος
688 1436 804 1497 διαιταρι·
850 1448 897 1497 qua
905 1437 991 1496 agitur,
1001 1437 1095 1496 neptun
1108 1437 1235 1497 perspexit.
1246 1439 1305 1492 Quis
1317 1439 1380 1486 enim
1392 1439 1487 1498 credat,
1501 1441 1634 1488 Hieroclem

40 1504 90 1562 μένα
101 1503 142 1548 liat
151 1501 212 1548 οὕτω
225 1501 270 1561 μὲν
281 1503 308 1550 τὸ
323 1501 338 1562 ᾖ
355 1504 408 1550 δια
415 1519 471 1551 στα
485 1505 640 1566 διέρχεται
657 1509 763 1565 νοοῦμεν,
778 1505 805 1552 ιδ
849 1517 864 1553 a
875 1509 993 1555 saraceno
1003 1507 1130 1567 interprete
1140 1507 1250 1554 doctrina
1261 1511 1400 1568 superatum
1408 1510 1552 1560 essertindo
1564 1511 1634 1570 igitur

40 1575 58 1621 δέ
72 1573 142 1632 iias
150 1588 209 1621 στα
222 1578 392 1632 κρατεῖται
408 1575 477 1622 πάλιν
490 1575 519 1622 αὖ
533 1578 588 1637 τῇδε
600 1576 755 1637 θεωρήσομεν.
770 1578 804 1623 Τὸ
851 1574 902 1620 limo
914 1575 1078 1634 explicationis
1092 1576 1144 1634 ejus
1155 1576 1186 1624 ah
1199 1577 1250 1636 ipso
1263 1576 1368 1624 caruitne
1388 1577 1563 1639 discrepantia?
1577 1580 1634 1639 piria

40 1651 75 1692 siri
85 1644 129 1692 τόδε
140 1643 180 1691 οὐκ
191 1645 219 1691 ἂν
235 1643 275 1700 ιῑη
288 1645 382 1704 τελειον,
401 1646 432 1704 μὴ
447 1651 528 1707 πρῶτα
539 1648 579 1693 καὶ
591 1647 651 1708 μέσα
664 1647 703 1694 καλ
715 1646 806 1708 έαχατα
851 1644 1006 1706 philosophiae
1015 1647 1160 1705 praeceptum
1176 1646 1289 1694 latissime
1299 1651 1381 1707 patens
1398 1654 1470 1708 atque
1484 1649 1514 1696 ah
1527 1650 1572 1696 hoo
1581 1650 1634 1696 locu

41 1717 84 1778 μέρη
96 1717 200 1775 ένέαιιτῷ
212 1715 413 1774 ιιειιτημένον,ώς
424 1718 498 1776 ἀρχὴν
509 1717 548 1763 καὶ
561 1719 622 1776 μέσα
639 1717 679 1764 οιαὶ
699 1717 805 1773 τελευτὴν
850 1725 897 1760 non
918 1713 1022 1761 alienum
1038 1714 1203 1774 expositurus,
1224 1728 1279 1774 oriae
1297 1727 1358 1764 essct
1373 1717 1466 1776 propria
1484 1719 1633 1778 singulorum

40 1789 71 1832 cni
81 1785 128 1830 lion
137 1783 296 1840 συστήματος.
324 1784 370 1832 Καὶ
382 1784 411 1831 τὰ
424 1789 507 1846 πρῶτα
518 1785 651 1842 οὐιᾶνεδη
661 1788 805 1848 πρώτα,μὴ
850 1787 927 1842 poeto
939 1783 1065 1831 verborum
1086 1783 1122 1830 ris
1133 1783 1231 1831 mirrime
1245 1785 1377 1834 laborabat.
1397 1787 1527 1834 Salmasius
1545 1789 1634 1847 opponi

42 1858 105 1914 μέσον
115 1855 151 1901 ast
164 1852 277 1915 ἐσχάτων
288 1852 366 1907 αέτοῖς
376 1855 495 1912 ἐσομένων
518 1855 578 1903 Οὐδὲ
588 1855 617 1902 τὰ
632 1857 693 1916 μέσα
703 1856 805 1905 τοῦτ’ᾶν
850 1851 997 1912 putatlloxa
1013 1856 1148 1901 etaeterua.
1165 1854 1268 1910 Quodsi
1287 1868 1372 1903 verum
1389 1857 1633 1920 est‚irnctnsephi·

41 1925 79 1980 rh„
90 1925 101 1970 έ
111 1927 210 1982 λέγεται,
221 1923 255 1982 μὴ
278 1923 356 1982 ᾰιρων
366 1918 507 1982 ἑκατέρωθεν
521 1923 599 1979 αὐτοῖς
620 1927 803 1987 παρακειμένων.
850 1921 965 1982 lnsophicc
979 1921 1058 1970 studio
1076 1921 1242 1984 percipiendus
1255 1923 1387 1971 secumdum
1406 1927 1565 1996 Pythagoram
1579 1941 1633 1973 cer·

41 1992 86 2041 'lii'
97 1993 177 2040 οὐδέσι
189 1993 286 2054 ἔσχατα
297 1991 333 2049 εἰη
348 1993 377 2041 ἂν
389 1992 496 2052 ἔσχατα,
512 1994 543 2051 μή
555 1994 655 2053 πρώτων
668 1997 707 2042 καὶ
725 1997 805 2056 μέσων
851 1991 915 2039 nitur
927 1993 951 2040 in
964 1992 1022 2052 troo,
1034 1992 1098 2054 quod
1114 1992 1224 2039 niortetia
1234 1994 1258 2041 et
1272 1993 1362 2041 caduca
1376 2007 1405 2041 nc
1426 1997 1473 2041 cito
1487 1995 1591 2054 peritura
1603 1996 1634 2042 nh

43 2067 201 2124 τροηγονμένων.
225 2061 364 2122 Συνεισέιγει
379 2059 419 2109 οὖν
437 2063 524 2118 ἀλληλα
541 2065 597 2124 πρὸς
611 2065 652 2121 την
662 2070 704 2112 τοῦ
720 2067 805 2122 παντὸς
850 2062 1025 2109 iunuorlalihus
1044 2066 1069 2109 ot
1088 2064 1204 2122 perpetuo
1223 2065 1340 2111 mansuris
1352 2064 1496 2123 distinguere
1509 2065 1631 2112 discimus.

43 2133 157 2188 τιλεώτητα.
173 2136 207 2179 do
222 2131 370 2179 senteutiam
390 2131 487 2192 uiridem
503 2131 659 2193 philosophus
677 2139 725 2181 toro
746 2133 805 2181 heua
850 2132 921 2192 dtqrri
933 2138 1024 2180 nonest
1035 2133 1229 2191 plriloacphorum
1241 2132 1352 2181 derebus
1364 2133 1580 2194 tlnxisdispntare,
1593 2135 1633 2183 sed

43 2203 218 2262 Pythagoreorum
234 2203 360 2262 praecepta
375 2205 471 2249 secutus
485 2202 607 2261 expernit,
626 2203 684 2251 nihil
707 2207 734 2252 ut
750 2203 805 2262 hugi
851 2204 899 2248 lota
916 2203 1064 2262 philosophia
1080 2202 1103 2249 in
1122 2214 1200 2250 rerum
1214 2204 1353 2262 perenuium
1367 2204 1567 2264 contemplatione
1580 2218 1634 2252 rer-

44 2273 146 2332 pariectius
158 2275 243 2332 pirent,
264 2270 306 2318 sed
321 2270 414 2330 singula
426 2273 561 2319 accuratius
576 2273 670 2320 rimanti
684 2274 750 2334 plura
764 2287 804 2321 oc-
850 2277 925 2318 satur.
942 2275 1021 2327 Quare
1033 2284 1088 2331 quae
1100 2270 1224 2318 mutabilia
1240 2274 1312 2330 sarrit,
1325 2272 1348 2319 iu
1365 2272 1400 2320 his
1416 2274 1555 2322 mutationis
1565 2276 1634 2322 reter-

44 2345 136 2398 carruot,
148 2341 171 2388 in
184 2341 275 2402 quihus
288 2339 320 2388 ab
331 2353 358 2388 ea
370 2341 554 2390 dissentiendum
564 2343 680 2391 videatur.
691 2345 805 2392 Σύσταοιν
851 2340 912 2386 nitas
927 2340 1096 2388 considerantia
1113 2343 1157 2388 est.
1173 2343 1270 2390 AEtcrua
1282 2345 1364 2389 autem
1381 2344 1497 2403 mutatio,
1510 2357 1557 2404 qrra
1569 2357 1633 2392 nior·

45 2425 55 2458 e
67 2411 242 2471 philosophorum
258 2423 308 2456 usn
323 2411 428 2464 τέττιξιν
446 2417 488 2458 τοῦ
502 2413 557 2459 ὅλου
576 2425 627 2460 esse
648 2415 713 2470 uruit,
733 2427 805 2474 oriam
850 2410 905 2456 lolia
915 2411 994 2458 otrrnta
1004 2411 1131 2471 enitantur,
1141 2423 1196 2457 cum
1208 2410 1353 2470 seriniiiarna
1366 2413 1523 2472 quiete,qiroe
1533 2412 1633 2460 dcornna

45 2483 98 2528 Plelo
115 2481 135 2527 in
148 2482 236 2528 Timeo
258 2485 290 2528 θλ
311 2482 331 2527 Ε
350 2481 463 2528 σύστασιν
485 2487 527 2529 τοῦ
554 2482 646 2542 κόσμου
667 2485 804 2543 appellarit,
850 2479 1542 2541 naturmrontigit‚comparatasiruillimacstaingulaunu
1554 2496 1634 2530 rcrrrrn

45 2553 169 2610 Quamquam
179 2553 259 2597 antem
267 2548 335 2596 alind
345 2551 381 2597 est
390 2552 405 2606 ἡ
415 2553 456 2597 τοῦ
465 2550 520 2596 ὅλου
530 2551 651 2610 σύστασις,
665 2565 743 2598 rerum
754 2554 805 2599 uni·
823 2559 826 2582 ¹
849 2548 991 2596 dincrannae
999 2554 1021 2596 et
1035 2549 1077 2606 illi,
1087 2550 1150 2610 orrod
1163 2557 1248 2598 cuncta
1258 2551 1376 2610 continui,
1389 2564 1467 2598 rerum
1479 2555 1571 2599 uatnrce
1580 2566 1633 2600 σοι·

47 2622 141 2670 cantetis
154 2621 311 2677 constitutio,
324 2617 413 2680 deque
429 2619 548 2668 llieroelee
559 2621 749 2681 lorprritur‚,aliai¹
759 2629 805 2670 τῶν
823 2589 826 2654 θ
851 2619 908 2678 port.
931 2622 992 2675 Quae
1006 2621 1086 2665 sutem
1102 2619 1167 2676 alisi,
1184 2622 1227 2666 etsi
1248 2621 1377 2667 certissima
1395 2626 1466 2678 sord,
1486 2621 1633 2668 contirmabo

46 2693 141 2738 dimisum
149 2694 202 2740 θεῶν
212 2691 253 2738 καὶ
265 2695 316 2737 τῶν
330 2690 418 2746 θνητῶν
430 2690 556 2738 ἀνθοώπωι
567 2691 689 2751 σύστισα,
706 2693 804 2739 deornm
851 2693 930 2734 tamen
942 2686 1016 2736 omitt
1034 2688 1106 2736 etiarn
1128 2689 1276 2736 arrctoritete.
1297 2691 1320 2738 ls
1338 2703 1390 2751 cep-
1409 2696 1417 2738 t
1437 2688 1452 2750 §
1474 2696 1500 2738 t2
1520 2703 1573 2752 pag.
1590 2695 1632 2740 rai

45 2761 187 2809 inmortalium
203 2761 382 2820 hominumque
395 2761 532 2808 mortalium
547 2761 702 2822 conjunctio,
717 2761 806 2811 divinos
851 2767 938 2810 nostrae
957 2762 1080 2822 editionis,
1093 2763 1126 2810 iu
1145 2763 1182 2820 dt,
1196 2763 1285 2824 iuquit,
1301 2767 1340 2812 καὶ
1355 2765 1397 2823 δλη
1416 2766 1445 2814 δι’
1461 2767 1515 2824 θλης
1533 2769 1548 2824 ἡ
1566 2767 1633 2830 φύσις

46 2833 177 2892 intimaeque
190 2834 285 2880 natnrre.
299 2829 405 2878 conditio
414 2835 437 2878 et
450 2832 698 2880 constitutiortanreu
709 2845 804 2880 versum
849 2832 994 2892 θεωρουμένη
1013 2832 1040 2879 τὸ
1059 2833 1153 2894 συνεχές
1173 2832 1220 2880 ἀιιὸ
1240 2837 1287 2880 τών
1309 2837 1408 2896 πρώτων
1427 2837 1467 2884 οιαὶ
1485 2836 1634 2898 τιμιωτάτων

48 2909 68 2949 'sl
77 2904 175 2964 spectanti
189 2915 334 2964 persuasum
347 2901 406 2960 erit,
421 2905 515 2958 poetam
528 2915 541 2950 a
556 2903 655 2963 siugulis
672 2903 804 2963 proiectum
850 2903 941 2964 ἀφαιρεῖ
952 2903 1011 2950 κατὰ
1023 2902 1091 2961 λόγον
1106 2904 1309 2966 ἀπομαραινομένη
1319 2907 1358 2952 καὶ
1371 2907 1524 2968 προσάγουσι
1534 2907 1571 2955 ἐπὶ
1587 2911 1634 2955 πᾶν

47 2973 68 3018 ui
79 2974 175 3021 uuirersa
188 2973 309 3030 transire,
322 2971 355 3019 ita
366 2974 391 3019 nt
407 2972 430 3018 in
443 2971 599 3032 philosophias
608 2971 688 3020 studio
700 2985 713 3021 e
727 2973 806 3034 singu·
849 2973 876 3020 τὸ
892 2974 972 3030 θνητὸν
987 2973 1026 3020 οιαὶ
1039 2973 1138 3028 διέξοδον
1153 2974 1316 3035 διαδεχόμενοι
1330 2981 1370 3033 τῆς
1383 2977 1442 3032 ἰδίας
1456 2979 1603 3035 συστάσεως,
1616 2980 1632 3027 i.

48 3043 186 3090 tanmrrrum
200 3041 302 3091 scicntia
317 3053 410 3102 magne
425 3053 503 3088 rernm
514 3043 633 3101 parentis,
645 3047 750 3098 nolitne,
763 3057 804 3091 co·
848 3058 871 3091 c.
891 3043 940 3104 jam
960 3057 1017 3092 vero
1031 3045 1141 3093 universa
1163 3057 1244 3092 rerum
1260 3051 1344 3094 natura
1362 3048 1381 3094 ai
1403 3060 1444 3108 per
1458 3059 1542 3096 omnes
1557 3051 1635 3108 partes

48 3113 148 3171 pithonem
160 3114 309 3160 aitlorascere
323 3112 388 3160 retii.
403 3111 565 3167 Quamobrem
580 3116 675 3160 nonest
688 3113 751 3176 qarod
762 3114 803 3161 rui·
848 3116 981 3174 spectetur,
995 3115 1049 3161 licet
1060 3113 1212 3175 proportione
1222 3117 1325 3176 quadam
1336 3117 1436 3166 deiicere
1449 3118 1486 3178 (ιο
1497 3117 1600 3166 deterior
1610 3123 1634 3166 et
1651 3155 1656 3166 .

49 3195 115 3243 uum,
139 3197 179 3230 cur
198 3183 328 3231 llieroctes
343 3185 448 3230 mentem
469 3185 546 3242 poetae
566 3182 685 3244 explicare
707 3185 805 3232 molitus
849 3181 939 3230 caduca
956 3185 1014 3242 lieri)
1029 3185 1147 3242 vitisator,
1169 3189 1250 3233 tamen
1265 3187 1469 3235 continuationem
1487 3193 1511 3236 et
1526 3188 1634 3248 perenui-

48 3253 118 3310 dngula
134 3254 201 3302 rerba
221 3253 305 3302 minus
324 3253 451 3300 curaverit.
474 3255 500 3300 ln
515 3253 552 3300 his
566 3255 706 3302 ctismsunt
726 3274 731 3302 :
750 3255 805 3314 dre
850 3257 922 3302 tatem
946 3268 960 3302 a
983 3254 1066 3315 primia
1087 3256 1338 3318 prestantissimisque
1359 3258 1501 3318 corporibus
1527 3263 1633 3307 somlam

49 3323 114 3370 έιεστα
124 3325 229 3386 διέρχεται
242 3323 257 3384 ᾖ
269 3339 299 3371 τε
310 3327 438 3385 κρατεῖται.
453 3325 513 3371 Nam
532 3335 610 3383 neque
627 3325 739 3386 διέρχεται
758 3339 804 3373 un·
849 3322 959 3370 omnihus
971 3323 1112 3371 mortalihns
1125 3323 1208 3382 alieri,
1221 3325 1309 3386 quihus
1324 3329 1482 3376 concretionis
1495 3341 1546 3377 sum
1558 3331 1633 3378 ricia-

50 3407 102 3448 pnam
112 3396 168 3443 ralat
175 3395 236 3443 idem
247 3393 316 3456 qrrod
328 3394 428 3458 διαφέρει
439 3406 517 3455 neque
528 3397 661 3456 κρατεῖσθαι
676 3395 763 3444 dicitnr
776 3396 805 3445 de
848 3391 965 3439 11111111οθ5
981 3391 1100 3440 1111111111.
1123 3392 1159 3442 dd
1173 3406 1245 3455 quem
1264 3395 1344 3442 locanti
1359 3397 1525 3445 illustrandum
1544 3413 1567 3460 p.
1588 3403 1630 3448 itii

50 3467 200 3524 munimime,
213 3478 262 3526 qrrs
287 3468 375 3512 criucte
390 3465 566 3512 contineantur.
581 3467 660 3514 immo
674 3467 804 3528 διέρχεσθαι
850 3461 994 3509 1111161οΜ11
1007 3479 1013 3508 =
1027 3480 1038 3502 σ
1050 3462 1202 3510 511111111ῑ1111
1214 3463 1382 3526 ‘tinniunt
1395 3467 1524 3522 “nidmu
1534 3481 1635 3528 (10111011

49 3531 82 3579 dict
91 3539 168 3583 comtat
178 3535 207 3584 de
221 3535 298 3583 retius
310 3533 381 3581 hirris
395 3537 419 3582 et
433 3534 530 3582 caducis
543 3548 598 3595 ιχιιοσΙ
615 3537 754 3585 trahamini
767 3538 803 3585 τοι
851 3531 963 3577 τωΙιειέσ.
978 3530 1037 3578 iluli
1049 3531 1112 3579 enim
1125 3529 1323 3592 scriptore-terna
1332 3547 1384 3580 csse
1395 3547 1442 3581 nou
1454 3535 1524 3583 ruodo
1534 3549 1634 3597 corpora

50 3601 71 3647 dc
81 3604 127 3651 hos
136 3617 186 3664 pirro
202 3607 360 3652 transimus.
377 3603 467 3652 Deinde
477 3609 578 3666 κρατεῖν,
591 3604 610 3650 si
625 3604 656 3651 ab
668 3605 719 3652 aliis
731 3605 803 3664 siput-
849 3599 969 3660 cniestia,
983 3603 1010 3647 ut
1021 3613 1075 3661 (μισ
1087 3600 1170 3648 eodem
1180 3613 1274 3661 semper
1281 3604 1343 3651 statu
1356 3607 1482 3663 maneant,
1492 3605 1531 3652 sed
1543 3605 1633 3666 rctioua

51 3670 170 3720 icatiouihus
181 3674 332 3731 discesseris.
348 3686 519 3732 nonuunquam
532 3673 703 3735 prehendere.
719 3677 803 3735 irrui,
848 3669 934 3727 ctiam,
954 3681 1009 3730 qnae
1029 3674 1142 3730 perpetuo
1157 3673 1281 3718 mutentur
1296 3676 1392 3732 propter
1411 3673 1549 3722 uisitationts
1563 3678 1633 3722 arter-

50 3752 131 3791 rerrore
142 3743 286 3804 interpretari
300 3743 361 3792 licet.
376 3743 435 3790 vide
450 3747 539 3791 osauu.
551 3743 580 3790 ad
593 3745 692 3792 cornui.
704 3745 734 3792 de
749 3749 801 3793 nar.
850 3743 948 3788 uitatem
961 3751 974 3786 a
987 3739 1124 3788 coelnstihns
1139 3740 1280 3799 corporibus
1291 3740 1451 3801 repetendam.
1466 3761 1477 3783 ν

51 3809 313 3870 11ιυι.ρ.1ισι1οοισεσ
330 3813 420 3862 Ἆταιιτ.
432 3815 462 3860 it.
476 3827 497 3871 p.
508 3817 553 3860 110
563 3825 628 3874 seqq.
641 3814 803 3870 Quamolnom
880 3813 910 3858 v.
930 3817 967 3858 52.
980 3810 1060 3871 γνώση
1073 3809 1104 3874 δ’]
1116 3812 1137 3857 0
1149 3814 1173 3857 et
1188 3813 1222 3867 ῦς
1234 3811 1314 3871 γνώσῃ
1325 3811 1346 3858 θ’
1356 3813 1381 3859 s.
1397 3811 1438 3859 sad
1449 3823 1495 3860 non
1506 3811 1530 3859 iu
1543 3823 1632 3861 comm.

51 3877 88 3934 irc
99 3883 175 3931 έιαστα
186 3884 302 3946 διέρχεται
314 3881 329 3944 ἡ
341 3897 366 3930 τε
377 3887 511 3945 κρατεῖται,
526 3883 584 3930 recti
603 3886 697 3944 oporiet
712 3898 718 3927 τ
738 3897 802 3948 prta·
851 3895 872 3942 [1.
888 3885 930 3930 rie
944 3881 982 3928 ed.
994 3881 1083 3929 Necdh.
1095 3879 1129 3942 [p.
1146 3883 1188 3928 136
1202 3879 1299 3942 Gnissi.
1317 3881 1356 3929 ubi
1378 3881 1496 3940 reperitur
1511 3883 1592 3944 γνώσῃ
1604 3881 1633 3941 θ’,

53 3951 212 4014 ιιιιιιιέσρειέσ
221 3955 360 4001 transeant
373 3955 397 4000 et
408 3955 537 4014 priateuns
550 3956 742 4011 conserventur,
755 3953 769 4000 i.
781 3967 802 4002 e.
850 3958 876 4000 nl
889 3951 1025 4000 mirandum
1040 3951 1070 3998 sit
1085 3949 1244 4000 Gaisiordiom
1255 3951 1279 4000 h.
1294 3953 1309 3999 l.
1324 3951 1446 4011 vulgatam
1457 3947 1601 4000 deseruisse.

53 4023 144 4074 platanus
156 4021 366 4083 singula‘reltlosa
378 4021 502 4070 etcaduca
516 4024 553 4070 rel
566 4025 655 4070 aeterua
667 4023 722 4070 siut.
733 4025 803 4072 simi·
880 4024 910 4068 v.
927 4029 965 4070 sn.
981 4019 1144 4082 ὥστε-μήτε]
1163 4024 1186 4069 S.
1201 4023 1230 4070 G.
1247 4025 1282 4081 0;
1297 4022 1354 4070 itam
1373 4021 1495 4082 pleraeque
1509 4020 1575 4081 edd,
1592 4022 1634 4071 sed

53 4085 90 4134 liter
98 4090 199 4151 interpres
210 4093 286 4140 Aratis
301 4091 353 4138 hrec
363 4091 452 4150 aceepit
464 4091 520 4150 qut,
532 4097 559 4138 ut
568 4091 715 4140 Elichmanni
727 4093 804 4142 rerhis
849 4095 969 4143 nununlhe
983 4095 1013 4146 ώτ
1024 4093 1050 4140 τέ
1060 4096 1082 4139 et
1094 4094 1125 4151 pi.
1136 4093 1169 4140 ιε’,

53 4158 135 4216 ι1οι,έ1ε
146 4161 312 4221 iuterpretatur
330 4174 336 4207 ε
355 4179 367 4202 ι
384 4161 501 4218 tutellips
513 4162 627 4208 rationem
641 4175 724 4209 eorum
735 4163 803 4221 iuna
880 4168 910 4213 v.
930 4169 968 4214 54.
985 4164 1066 4224 γνώσῃ
1086 4162 1107 4209 θ’
1127 4162 1263 4224 ἀνθρώπους
1284 4161 1406 4223 αὐθαίρετα
1427 4162 1516 4230 πήματ’
1530 4159 1635 4224 ἔχοντας]

53 4237 92 4278 tle
104 4231 198 4288 proceni
207 4231 344 4292 negotium,
358 4234 409 4278 inm
425 4231 448 4277 in
463 4230 576 4286 rcpirnine
590 4231 631 4278 Dei
649 4234 696 4278 Ter
713 4233 803 4292 Optimi
849 4235 887 4282 sio
898 4235 951 4282 libri
964 4234 1045 4295 scripti
1055 4231 1157 4288 etediti;
1170 4233 1259 4291 proteri
1269 4231 1333 4280 hone
1345 4232 1422 4280 iocum
1435 4233 1632 4293 otuynppusap.

53 4293 126 4345 herini
136 4300 227 4360 eiusque
236 4299 383 4358 amioomm‚
399 4301 452 4346 tum
466 4300 538 4346 etiam
556 4301 619 4360 apud
640 4313 699 4359 nos,
714 4306 803 4350 erctum
849 4305 910 4353 Geli.
921 4304 961 4351 lih.
974 4307 1006 4351 vl
1017 4315 1068 4362 cap.
1081 4302 1153 4362 hohi
1164 4301 1279 4361 orrasdam
1287 4302 1402 4352 elitioues
1411 4303 1497 4362 γνώσει
1510 4308 1531 4350 et
1542 4303 1633 4356 ἑλόντας

54 4362 164 4428 inuisum,
178 4369 300 4427 videlicet,
314 4367 371 4428 quid
385 4367 416 4416 de
427 4369 455 4415 iis
469 4369 639 4418 sitersnidum
651 4371 675 4418 tu
689 4384 736 4419 nuo
751 4374 804 4432 post
850 4375 936 4422 hahere
954 4373 1004 4434 jam
1023 4371 1115 4421 Theod·
1138 4371 1259 4420 Mamilius
1280 4373 1388 4428 testetur,
1409 4373 1449 4433 qui
1468 4371 1522 4432 iure
1538 4371 1633 4432 praten

53 4433 98 4480 atiud
110 4437 138 4488 tid
151 4441 199 4494 eat.
211 4439 334 4500 singolis).
351 4441 376 4487 et
394 4437 452 4498 qrrid
473 4438 503 4486 de
521 4439 550 4486 iis
567 4439 599 4486 sit
618 4451 767 4501 permanens.
791 4463 802 4486 ι
849 4447 959 4506 έχοντας,
974 4443 1142 4492 inconcinnam
1163 4442 1326 4502 repetitionem
1345 4441 1437 4497 έλόνιας
1449 4443 1571 4504 αὐθαίρετα
1589 4453 1631 4490 ro·

53 4503 145 4557 Qiucirca
161 4508 285 4568 minimos
299 4510 341 4556 ant
356 4507 458 4556 arabem
472 4520 556 4568 parum
570 4507 656 4557 vidisse
669 4513 711 4558 aot
730 4511 803 4560 inter·
849 4525 922 4572 caus,
935 4525 1009 4574 quum
1026 4511 1091 4560 rcrbi
1107 4512 1166 4560 elain
1180 4511 1214 4559 ris
1229 4511 1252 4558 iu
1268 4512 1364 4558 nomine
1378 4512 1509 4574 αὐθαίρετος
1526 4513 1563 4559 sit.

54 4578 112 4627 petes
129 4577 181 4624 alios
197 4580 294 4627 Grecos
310 4581 335 4626 et
356 4578 451 4626 latinos
465 4576 522 4626 nihil
541 4577 628 4626 vidisse
641 4579 802 4631 existimabat.
878 4586 910 4632 v.
929 4589 966 4632 55.
981 4583 1094 4641 τλήμονας
1105 4578 1194 4628 -οέιτι
1206 4579 1329 4641 torpesco]
1346 4579 1405 4628 (iod.
1422 4583 1482 4630 ven.
1503 4583 1533 4630 G.
1551 4585 1574 4630 ct
1596 4586 1632 4642 S.;

54 4640 92 4697 11111
100 4645 160 4704 igihir
169 4649 261 4706 pmhata
275 4659 385 4708 magnam
396 4651 487 4708 partem
499 4647 583 4695 Arabis
589 4648 785 4709 interpretatione
796 4671 802 4700 :
848 4653 887 4702 alil
900 4653 1011 4713 τλήμονες
1023 4677 1053 4692 -
1066 4651 1110 4700 οθιι
1122 4651 1244 4712 impasti.
1256 4651 1345 4699 Neutra
1354 4650 1425 4699 lectio
1436 4651 1578 4712 spernanda.
1590 4654 1632 4701 lle·

55 4713 120 4759 utam
131 4719 220 4774 natura,
230 4717 321 4778 iuquit,
334 4719 440 4766 ϋσοιιιιιι
455 4715 627 4764 immortalium
647 4717 738 4766 stabilis
752 4724 787 4766 est
795 4755 804 4781 ,
850 4723 941 4784 peritur
952 4725 1033 4770 autem
1044 4721 1154 4778 τλήμονες
1168 4731 1206 4780 ap.
1223 4719 1357 4768 uideam.
1373 4721 1454 4782 steph.
1466 4720 1533 4780 sna.
1547 4723 1632 4781 τλήμο-

55 4779 288 4852 ixaetetema‚ideo
300 4786 577 4848 ιρατιῖταιεΙιοιαέιιιιισ
593 4798 649 4834 rero
667 4787 803 4836 mortalium
847 4809 888 4847 νας
914 4805 953 4852 ap.
976 4794 1072 4840 Corter.
1094 4789 1188 4837 hiarcil.
1206 4789 1295 4836 omeis.
1321 4791 1404 4837 Decor.
1426 4791 1516 4840 lieedh.
1532 4792 1630 4838 dsttrun.

55 4849 160 4912 trstahilis,
174 4853 235 4902 tloxa
246 4857 270 4903 et
285 4855 434 4916 transitoria,
449 4858 476 4904 ot
497 4855 530 4904 ita
550 4854 645 4915 loquar,
659 4856 802 4918 διερχομένη,
849 4873 925 4920 iisqne
938 4859 967 4907 ad
982 4859 1104 4908 Glaudorl.
1116 4857 1157 4920 qui
1171 4857 1273 4907 restituit
1284 4859 1407 4920 τλήμονες,
1416 4859 1480 4920 quod
1493 4872 1534 4919 per
1544 4861 1631 4907 Burin·-

55 4917 180 4971 Quodetiam
195 4924 268 4984 magis
282 4923 494 4985 dicereliceat,ct
509 4925 557 4973 aiio
573 4924 670 4987 quidem
690 4939 760 4974 sensu
774 4939 803 4974 cx
849 4928 931 4985 hiram,
948 4929 1078 4987 orellium,
1091 4928 1197 4989 aliosque
1215 4939 1291 4988 risque
1309 4928 1340 4976 sd
1363 4933 1469 4976 nostram
1492 4929 1630 4976 mamorhnu

55 4991 148 5037 scholia
161 4994 371 5054 eyttnporaorum,
388 4996 430 5057 qrri
445 4996 562 5056 putahaut
576 4996 670 5044 animas
680 4997 803 5044 homiuum
848 5002 1003 5059 propagatum
1023 5001 1067 5046 est.
1085 4999 1116 5046 dt
1128 4998 1262 5046 sclnrterns
1276 4997 1339 5058 apud
1354 4998 1470 5046 Orelliom
1485 4998 1531 5055 ait,
1543 5012 1568 5046 se
1582 5011 1630 5044 non

56 5065 78 5100 es
90 5058 132 5106 aliis
141 5065 270 5124 crrpodhoe
280 5066 304 5114 iu
317 5066 363 5115 alia
373 5067 487 5125 transire,
496 5079 524 5115 es
537 5065 648 5115 hamanis
657 5068 680 5116 iu
691 5067 803 5126 hethriua,
848 5081 991 5130 repugnare,
1004 5069 1024 5115 si
1035 5069 1088 5128 orris
1096 5069 1209 5125 τλήμονας
1219 5094 1250 5104 -
1260 5067 1308 5116 οὔτ’
1318 5069 1431 5128 tropeien
1441 5068 1558 5127 praeterat.
1571 5069 1632 5118 iiiuc

58 5137 78 5170 11
90 5127 215 5182 halluioisia
228 5135 337 5184 immane.
351 5136 390 5185 sic
399 5136 511 5191 σύστασις
521 5138 611 5193 θνητῶν
621 5137 746 5200 ἀνθρώπων
759 5137 804 5185 hoc
847 5137 1031 5199 schnepdnger.
1040 5137 1114 5187 edidit
1122 5139 1311 5199 τλήμονας-οὐκ
1320 5138 1442 5198 έσορώτιν.
1452 5139 1500 5198 Ego
1509 5149 1566 5186 rcro
1574 5151 1631 5188 oum

59 5197 114 5245 1111111
123 5201 240 5264 θιίρχισθαι
253 5206 340 5268 optime
352 5205 397 5254 dici
412 5209 499 5267 potest.
514 5211 545 5256 dt
563 5207 664 5256 deornm
683 5209 803 5257 immorta·
848 5207 983 5259 Gaisiordlo
995 5207 1024 5256 ad
1037 5207 1091 5256 cod.
1103 5211 1162 5256 ven.
1174 5210 1314 5269 scripturam
1325 5207 1391 5256 redii.

60 5265 104 5314 hun
116 5273 213 5330 σύστασις
223 5275 290 5336 plene
300 5281 430 5341 κρατεῖται,
441 5277 498 5326 noth
518 5279 642 5327 scrutationi
657 5283 697 5327 ant
716 5279 802 5340 migra·
881 5281 912 5328 V.
932 5285 969 5328 ie.
981 5276 1099 5341 συνίσασι]
1109 5281 1134 5327 S.
1145 5281 1169 5327 et
1182 5281 1217 5339 ῦς
1227 5279 1284 5328 item
1294 5277 1345 5327 ald.
1359 5277 1382 5326 in
1391 5278 1446 5340 maj.
1458 5278 1497 5327 tid.
1508 5279 1629 5330 συνίσασι.
