3840 5924
234 423 269 476 ιο
613 478 614 482 g
878 397 1186 466 committamus

231 540 357 602 δίδονται.
379 539 436 612 Qui
452 537 578 618 scriptor
592 535 698 596 cedem
714 533 852 596 universe
868 532 1005 609 intelligit
1051 531 1177 611 λίλογχα.
1192 527 1235 588 ct.
1250 547 1296 590 vs.
1320 527 1374 588 183
1390 533 1461 606 γαῖα,
1481 524 1515 586 τό
1531 528 1609 606 σῶμα
1624 526 1744 608 λίλογχι,
1768 529 1830 610 βίον

232 630 387 689 violentam
410 626 554 704 quendam
580 637 609 682 et
638 622 800 702 improbam
827 621 1004 699 cupidinem.
1050 617 1199 680 θαλίθουσιν
1218 618 1345 696 ίκάκμῇ.
1358 615 1630 694 Nequenosmovet
1639 615 1831 697 Empedocle-

231 713 361 793 Namque
374 712 534 790 interjectis
553 713 666 790 aliquot
678 709 779 769 verbis
791 729 854 787 que
872 709 908 768 ad
924 709 1006 768 Tim:
1050 725 1133 766 arum
1153 703 1334 784 quarundam
1356 721 1479 774 vocum,
1503 716 1536 761 ut
1556 705 1688 777 αἰλαιῗιαις,
1708 704 1831 784 ἱλάειρα,

232 824 284 864 nes
296 803 461 862 referuntur
479 801 522 859 sie
533 784 650 876 pergit:
669 797 709 860 Τθ
724 795 775 877 γάρ
789 800 816 856 ἐν
832 797 896 872 ἡμῖν
913 795 1006 872 ἄλογον
1051 791 1245 873 θνδρότροιρος,
1263 803 1450 850 conservator
1467 789 1629 868 Hesychius
1646 791 1723 870 apud
1740 810 1830 870 quem

231 890 277 951 καί
290 889 402 948 ἄτακτον
417 888 462 948 καί
475 888 578 968 βίαιον,
591 887 620 944 οὐ
634 891 717 963 θεῖον,
728 884 797 944 ἀλλὰ
809 881 972 960 δαιμονικόν,
983 883 1007 940 ot
1049 880 1155 958 legitur
1164 879 1309 959 λελσίχασι,
1323 876 1473 956 τετεύχασι.
1485 878 1629 937 Incertum
1642 877 1737 951 enim,
1750 879 1832 937 unde

230 977 340 1038 παλαιοὶ
354 979 469 1042 Τιτᾶνας
483 974 638 1052 ὠνόμασαν,
654 973 699 1032 καὶ
710 971 785 1032 τοῦτό
796 970 891 1030 ἔστιτὸ
902 969 1007 1039 κολαζό-
1050 969 1186 1028 λαθοίατο
1199 969 1238 1028 sit
1251 967 1307 1026 hoc
1319 964 1506 1024 vocabulum.
1523 963 1655 1042 Denique
1668 965 1832 1042 rejicienda

231 1089 308 1144 μενον
321 1064 367 1124 καλ
377 1063 451 1134 δίκην
465 1063 544 1123 διδόν.
562 1061 703 1120 Caeterum
719 1059 863 1117 neminem
876 1069 948 1134 puto
961 1055 1007 1114 lit-
1051 1059 1160 1119 Mitteri
1175 1057 1341 1136 conjectura
1360 1060 1410 1136 qui
1423 1077 1477 1135 pro
1492 1055 1622 1134 λελάχασι
1636 1056 1726 1116 scribi
1739 1055 1833 1134 jussit

232 1167 329 1212 turum
348 1151 400 1230 qui
411 1148 566 1209 contendat
579 1147 738 1206 desiderari
753 1149 827 1204 inter
839 1140 1007 1221 ἀμπλακίῃσι
1050 1150 1194 1231 maxum,
1206 1149 1320 1208 Etenim
1333 1147 1521 1226 conjunctivo
1535 1149 1611 1206 nihil
1625 1147 1685 1206 1001
1705 1161 1767 1222 eut3
1784 1147 1834 1207 M.

232 1253 261 1302 et
274 1238 344 1319 ρόνιρ
359 1238 493 1296 νοοιιλαιιι
507 1237 543 1296 ad
558 1235 703 1312 ligandam
716 1234 875 1292 orationem
890 1250 1008 1289 accom-
1051 1240 1133 1316 λαχην
1156 1251 1252 1297 autem
1280 1238 1313 1296 in
1331 1236 1518 1313 antiquorum
1539 1247 1691 1313 poetarum
1712 1237 1834 1316 seriptis

232 1327 387 1386 modatam.
397 1325 430 1383 ld
439 1325 515 1383 enim
527 1323 687 1402 speciosius
697 1339 783 1398 quam
792 1319 893 1378 Verius
901 1318 1008 1376 dictum
1051 1327 1130 1386 valet
1147 1331 1315 1403 participem
1338 1325 1458 1394 reddidi,
1477 1329 1662 1398 participavi,
1684 1325 1763 1400 apud
1786 1344 1833 1384 pe.

231 1425 315 1473 esset.
330 1412 424 1470 Paulo
443 1412 526 1469 aliter
541 1409 677 1487 quidem,
693 1407 743 1466 sed
758 1421 853 1466 tamen
871 1404 1009 1465 similiter
1054 1415 1198 1473 ηςῃςίονρς
1213 1410 1358 1470 interdum
1370 1429 1430 1468 non
1444 1409 1543 1468 differt
1555 1409 1593 1467 ab
1608 1409 1712 1489 ιληχηο,
1727 1424 1762 1471 ut
1774 1414 1833 1472 Αη.

232 1498 386 1579 Euripides
400 1498 464 1577 lph.
477 1498 546 1556 tut.
560 1515 606 1555 vs.
622 1496 752 1574 975·976
769 1513 776 1550 t
1059 1501 1130 1561 thol.
1146 1501 1209 1559 Pal.
1223 1498 1287 1568 Vll,
1304 1500 1358 1568 341
1375 1495 1498 1562 θανόντας
1521 1495 1619 1572 cipedo:
1637 1495 1685 1564 ίιις
1708 1497 1831 1578 λαλάχοι.

1053 1586 1138 1656 Quod
1151 1585 1291 1661 Bergkius
1302 1596 1402 1661 postea
1413 1581 1539 1661 conjecit
1548 1583 1601 1643 οίτε
1612 1583 1678 1664 βίοιο
1686 1585 1834 1665 λελόγχασι

1055 1672 1210 1746 δηθαίοινος,
1220 1672 1289 1749 quia
1303 1670 1516 1749 Empedoclesu
1528 1672 1560 1730 in
1571 1671 1671 1750 μακρὸς
1683 1673 1835 1752 corripere

1054 1760 1159 1832 soleat,
1175 1759 1295 1816 minime
1309 1759 1503 1816 necessarium
1520 1772 1573 1816 est.
1589 1759 1706 1837 Quippe
1721 1773 1835 1820 utram-

232 1843 285 1903 ubi
295 1844 440 1902 haeserunt
451 1843 624 1919 interpretes
636 1839 733 1898 mirati
743 1836 835 1914 αίματι
845 1837 1009 1915 appositum
1054 1868 1111 1926 que
1124 1866 1288 1906 mensuram
1302 1847 1433 1924 agnoscit
1446 1846 1645 1924 Empedocles,
1658 1847 1701 1907 Cf,
1711 1869 1755 1909 vg,
1773 1851 1831 1908 281

233 1951 395 2011 Praegfflw
408 1929 607 2010 φόνθυκηλῖσῑν·
620 1961 661 1973 -·
674 1927 723 1988 VS·
738 1935 767 1994 l·
778 1926 879 2003 Neque,
892 1924 1002 2002 θίμασῑν
1054 1947 1083 1993 et
1102 1936 1170 1994 286.
1195 1934 1259 1992 Huc
1272 1933 1383 1992 accedit
1400 1933 1479 2009 quod
1496 1934 1576 1992 solus
1599 1935 1759 2011 Hesychius
1777 1935 1835 1996 hoe

234 2018 332 2091 icum
358 2017 579 2076 Schneidewino
600 2015 707 2074 Philol·
726 2014 766 2071 Vl
783 2034 812 2092 P·
841 2015 894 2071 16²
916 2032 1010 2090 neque
1055 2041 1160 2080 nomen
1175 2021 1207 2079 in
1230 2021 1324 2079 lexico
1338 2021 1459 2078 notavit.
1476 2019 1525 2080 Est
1543 2021 1620 2079 enim
1645 2022 1723 2100 apud
1736 2042 1805 2082 eum
1824 2046 1832 2081 t

235 2102 347 2183 αἵματος
360 2105 377 2176 ἢ
392 2124 456 2162 eum
470 2104 581 2162 Steiuio
595 2102 628 2161 in
645 2101 803 2162 verborum
819 2099 903 2167 όςκαί
915 2100 1010 2159 locum
1055 2108 1216 2181 δηηαίωνας,
1230 2106 1412 2186 μακραίωνας,
1425 2106 1600 2188 μακροόίοος,
1612 2109 1690 2167 unde
1703 2111 1771 2186 quis
1784 2131 1833 2170 ve-

235 2205 375 2270 quaesunt
388 2191 464 2270 opud
477 2191 667 2269 Hippolytum
682 2181 818 2248 substitui
828 2207 913 2266 posse
922 2206 1012 2266 appa·
1056 2210 1148 2255 terum
1167 2198 1208 2254 ita
1222 2197 1331 2254 dixerit
1344 2215 1403 2253 non
1418 2207 1539 2257 constat.
1561 2201 1668 2256 Praeter
1693 2197 1833 2276 μακραίων

236 2293 297 2354 ret,
314 2280 363 2338 sed
376 2279 440 2336 due
455 2279 604 2356 parricutae
617 2276 701 2343 αὔτως
718 2276 735 2346 ἢ
753 2277 951 2354 requiruntur.
969 2275 1012 2332 De
1055 2303 1126 2344 vero
1139 2287 1237 2346 eedem
1249 2285 1369 2342 notione
1381 2283 1458 2361 apud
1469 2282 1671 2362 Empedoclem
1685 2286 1837 2346 invenitur

236 2367 334 2445 primo
345 2365 451 2424 aori-‘rto
470 2363 627 2441 ἁμαρτήσας
639 2363 721 2440 cujus
734 2382 795 2420 ¹¹⁰⁰
806 2361 935 2421 exstabat
949 2362 1012 2420 ido·
1056 2370 1208 2450 δολιχαίων,
1220 2382 1253 2430 ut
1261 2389 1304 2429 vs.
1317 2371 1370 2428 131
1387 2369 1433 2430 καί
1442 2392 1472 2428 τε
1483 2372 1535 2428 θεοὶ
1548 2369 1836 2450 δολιχαίωνες,τιμῇσι

237 2471 323 2512 neum
347 2451 424 2530 apud
446 2453 581 2529 antiquos
603 2464 631 2508 et
653 2449 738 2508 bonae
761 2463 837 2508 notae
857 2449 1012 2524 scriptores
1057 2457 1181 2537 ρίρςηηηι,
1194 2457 1350 2535 Utcunque
1365 2477 1394 2516 se
1408 2477 1455 2517 res
1468 2457 1569 2531 hahet,
1583 2459 1614 2516 in
1632 2477 1719 2518 versu
1746 2477 1836 2536 quem

236 2538 412 2614 exemplum,
438 2537 506 2596 vide
537 2535 711 2594 Lobeckium
741 2535 779 2593 ad
812 2533 1012 2612 Phrynichum
1057 2547 1243 2622 vulgavimus
1260 2544 1360 2621 δαίμων
1374 2542 1426 2604 οἵτε
1441 2542 1505 2623 βίοιο
1513 2542 1656 2622 λελόγχασι
1668 2545 1838 2624 μακραίωνος

238 2646 269 2704 p.
283 2624 661 2702 piamultaeposteriorum
675 2622 791 2699 scriptis
801 2634 1012 2696 congerentem.
1058 2633 1131 2690 nihil
1147 2645 1190 2691 est
1213 2632 1293 2709 quod
1319 2651 1493 2709 magnopere
1518 2631 1656 2693 offendat.
1671 2631 1838 2710 Ceteroqui

243 2712 458 2791 Ἐπομόσαηριο
468 2711 671 2787 ἐπαμόσειιοοῑο
679 2709 759 2768 dedit
767 2709 1012 2770 Schneidewinus.
1058 2719 1213 2779 Plutarcho
1223 2731 1293 2778 reste
1302 2719 1338 2777 de
1346 2719 1432 2780 Orac,
1439 2717 1497 2778 def,
1508 2738 1539 2796 p,
1549 2727 1606 2786 ηας)
1615 2719 1838 2797 Empedoclem

237 2800 338 2861 *Vm
352 2801 381 2858 5·
397 2799 484 2876 Apud
498 2798 685 2857 Plutarchum
703 2801 792 2872 vulgo
808 2795 947 2856 scribitur
959 2797 1014 2856 δαί·
1059 2808 1228 2866 sententiam
1242 2805 1380 2884 Epicurei
1393 2805 1591 2882 exagitarunt,
1609 2806 1737 2878 dicentes
1755 2809 1792 2874 όις
1808 2809 1839 2867 οὗ

240 2911 314 2966 uoce
327 2886 556 2966 struprapatovu
570 2885 712 2965 λελόγχασι
728 2885 804 2966 βίον,
816 2884 893 2963 apud
907 2885 1014 2963 Hippo·
1059 2894 1167 2955 δυνατόν
1194 2897 1251 2954 ἐστι
1272 2892 1430 2970 (δαίμονας)
1447 2891 1561 2968 φαύλους
1578 2891 1625 2952 καί
1640 2891 1840 2972 ἁμαρτητικοὺς

239 2977 350 3054 lytum,
365 2988 398 3034 ut
410 2975 553 3046 vidimus,
568 2971 699 3048 δαιμόνιοί
713 2995 741 3031 τι
760 2969 926 3052 μακραίωνος
936 2971 1014 3031 λελά·
1059 2979 1134 3047 ὄντας
1148 2979 1291 3060 μακαρίους
1304 2979 1350 3038 καί
1365 2979 1535 3060 μακραίωνας
1545 2967 1623 3041 cluat.
1634 2980 1840 3052 Vss.6-7.0ri.

239 3084 305 3140 χααι
320 3061 396 3140 βίοιο.
411 3061 536 3120 Pluralis
547 3057 600 3120 οίτε
614 3073 682 3139 post
691 3083 729 3127 τις
739 3060 770 3118 in
784 3058 928 3136 ejusmodi
943 3072 1016 3119 stru·
1059 3086 1146 3143 genes
1162 3068 1184 3127 l.
1200 3089 1225 3126 c.
1251 3064 1341 3136 ἐπειδὴ
1358 3064 1385 3124 tt
1408 3064 1527 3142 σώματι,
1547 3066 1660 3144 inquit,
1676 3065 1840 3133 casimirus

240 3163 322 3208 cturtt
344 3149 418 3207 nihil
437 3148 525 3207 habet
546 3147 692 3222 insolens,
705 3145 794 3206 modo
817 3166 872 3224 pro
895 3147 1014 3224 δαίμονες
1061 3155 1191 3233 ἅνθρωποι
1203 3151 1419 3231 γεγόνασιν,είτε
1428 3153 1575 3230 οἰκονομίας
1588 3157 1639 3212 τῶν
1650 3153 1716 3212 όλων
1732 3151 1839 3227 ditatu,

241 3235 320 3312 quod
345 3255 448 3314 pamm
475 3248 552 3294 lecte
577 3232 707 3293 defendit
737 3232 919 3306 Kffitffliffl»
950 3255 1015 3294 cum
1060 3240 1112 3301 tlte
1124 3239 1215 3310 ποινὰς
1233 3240 1363 3320 ἁμαρτίας
1373 3239 1567 3313 άποτιννύντας,
1579 3229 1625 3298 εἷθ’
1643 3240 1694 3299 ὑπὸ
1707 3241 1841 3318 παθημά-

242 3323 359 3382 Sturzio
372 3335 401 3380 et
407 3322 530 3396 Berglrio
540 3323 571 3380 in
581 3321 741 3381 Comment.
751 3320 786 3379 de
795 3321 878 3397 Emp.
889 3341 1015 3398 prooem.
1060 3351 1112 3409 σοιν
1126 3331 1202 3387 τινῶν
1212 3332 1259 3399 τῆς
1269 3329 1357 3408 ψυχῆς
1366 3327 1551 3408 βαρυνθείσης,
1562 3325 1653 3406 μέχρις
1665 3325 1696 3387 ἂν
1711 3329 1843 3407 φημι.

240 3430 272 3488 p.
289 3412 326 3469 33
342 3423 468 3487 ponatur
483 3407 597 3486 δαίμων.
613 3408 719 3466 Confer
732 3407 850 3468 Homer.
868 3406 970 3484 hymn.
984 3409 1017 3466 in
1061 3439 1118 3482 ναις
1131 3414 1260 3498 περιόδοις
1278 3418 1440 3496 ὲκκαθαρθῇ·
1454 3417 1495 3475 θεῖ
1510 3414 1561 3493 γὰρ
1577 3413 1646 3474 κατὰ
1664 3415 1708 3474 τόν
1727 3415 1841 3493 Ἐμπι-

240 3495 312 3557 Ven.
336 3497 393 3555 285
410 3494 506 3576 pichot
527 3517 567 3555 τοι
580 3492 683 3574 νύμφης
702 3491 893 3562 Καλοκόιπιδσς
912 3491 1018 3574 ἔκγονον
1061 3503 1156 3562 texile

242 3571 320 3660 εἶναι,
345 3579 374 3638 nl
394 3581 453 3640 τόθι
469 3580 630 3640 ναιετάουσιν
650 3579 721 3661 όρος.
745 3577 897 3656 Reliquam
917 3597 1019 3638 versus

241 3681 353 3746 partem
365 3689 430 3728 cum
445 3667 599 3727 Karstenio
612 3667 653 3726 ita
668 3665 822 3738 constitui,
836 3677 870 3724 ut
884 3677 1017 3744 hanapo-

243 3756 305 3815 sitis
316 3755 430 3814 duobus
440 3755 592 3814 vocabulis
599 3767 628 3812 et
639 3752 803 3831 μακραίωνες
812 3753 843 3811 in
857 3751 1020 3833 pauperinus<

247 3843 328 3918 quod
346 3861 424 3900 nunc
447 3845 533 3900 etiam
559 3841 710 3919 Hippolyti
735 3841 901 3898 auctoritate
918 3841 1022 3898 nititur

245 3942 354 3988 mutato
368 3949 516 3988 exaramm
532 3923 587 3986 οίτε
605 3926 670 4007 βίοιο
686 3925 829 4006 λελόγχασι
843 3927 1019 4006 μακραίωνος.
1063 3923 1301 4003 wyttenbachius
1315 3922 1351 3981 ed
1361 3923 1548 3981 Plutarchum
1569 3922 1605 3979 de
1619 3920 1680 3982 Ser.
1696 3920 1733 3981 N.
1750 3919 1840 3979 vind.

246 4015 319 4074 Nam
342 4016 454 4074 nullum
478 4027 624 4073 auctorem
645 4013 732 4091 hahet
750 4013 828 4090 quod
843 4013 970 4089 Scaliger
990 4013 1022 4072 in
1065 4034 1095 4093 p.
1114 4015 1167 4072 113
1183 4025 1212 4071 et
1238 4011 1337 4070 istius
1359 4012 1390 4069 in
1411 4011 1485 4073 Plat.
1499 4011 1612 4069 Phaedr.
1630 4030 1661 4088 p.
1678 4011 1735 4086 3⁰9
1749 4009 1842 4070 verba

249 4104 350 4162 codice
369 4102 620 4178 Lugdunobatuvo
641 4101 804 4178 suspicatus
821 4113 865 4158 est
879 4099 1021 4178 λελόχασι,
1063 4103 1126 4160 herc
1137 4102 1256 4161 citantes
1263 4119 1415 4179 perperam
1424 4101 1611 4158 αλαλθσθαιοι
1620 4095 1759 4176 γενομένην
1772 4100 1844 4158 scri·

246 4208 341 4267 neque
352 4190 444 4264 magis
453 4206 578 4263 grrecum
591 4186 664 4245 illud
677 4186 807 4266 λελάχατι
816 4199 859 4244 est
868 4186 946 4262 quod
958 4199 1024 4245 ante
1065 4187 1149 4247 hunt.
1165 4187 1360 4247 Posteriorem
1373 4205 1489 4244 versum
1502 4189 1543 4245 ita
1556 4187 1707 4246 restituere
1719 4189 1844 4258 tentavit

246 4277 398 4336 inventum
411 4275 599 4354 Hippolytum
609 4274 645 4333 ab
656 4273 819 4334 Hoeschelio
827 4269 862 4331 ad
870 4273 1023 4349 origenem
1066 4273 1196 4332 Sturaius
1209 4273 1255 4350 (v.
1268 4273 1322 4330 163
1333 4272 1342 4350 l
1353 4285 1403 4344 ‚ut
1414 4271 1483 4330 εἴδεα
1495 4274 1546 4331 τῶν
1561 4276 1661 4345 θνητῶν
1672 4279 1785 4331 παντοῖα
1798 4273 1844 4332 διὰ

247 4365 432 4444 propositum
456 4363 586 4421 Sturzius
605 4363 725 4440 recepit.
747 4362 833 4420 llecte
858 4363 936 4420 enim
959 4364 1025 4420 ani·
1067 4385 1160 4444 χρονον
1175 4362 1237 4423 όντα
1258 4362 1295 4422 ab
1314 4363 1489 4442 Empedocle
1502 4376 1649 4422 exaratum
1669 4382 1730 4422 esse
1742 4367 1843 4430 vellet.

248 4453 403 4512 madvertit
423 4451 589 4510 Karstenius
606 4449 709 4529 λίλαχα
721 4449 772 4528 lex
788 4449 884 4529 εἴληχα
896 4449 1023 4527 sactum)
1066 4453 1132 4512 Non
1145 4452 1237 4511 multo
1252 4452 1410 4510 meliorest
1429 4451 1575 4512 Karsteuii
1591 4451 1681 4523 ratio,
1693 4451 1745 4528 qui
1761 4472 1846 4528 γεινο-

249 4540 411 4598 necessario
417 4538 606 4616 penultimam
618 4536 725 4596 habere
737 4537 853 4612 longam
864 4536 1026 4595 diversum·
1068 4564 1145 4616 μενον
1159 4549 1270 4600 παντοῖα
1283 4539 1325 4598 διὰ
1338 4539 1409 4620 χρεὼ
1423 4538 1493 4598 εἴδεα
1508 4543 1606 4612 θνητῶν
1620 4539 1768 4618 reposuit,
1787 4539 1846 4598 hoc

250 4645 307 4704 que
321 4643 383 4684 esse
402 4623 439 4683 ab
449 4625 542 4702 epicis
556 4625 655 4682 formis
668 4627 801 4704 λελαχεῐν,
813 4623 963 4703 λελάχητε,
979 4628 1025 4684 λε·
1070 4649 1156 4688 sensu
1171 4651 1177 4686 :
1198 4627 1268 4710 χρεόν
1284 4650 1328 4704 μιν
1341 4626 1487 4707 γεινόμενον
1511 4627 1658 4700 όλάληοθαι
1674 4625 1718 4684 διά
1731 4627 1845 4685 παντοῖα

250 4713 397 4790 λόχωσι,α
412 4710 508 4770 brevi.
525 4711 559 4770 ln
573 4709 715 4791 λελόγχασι
726 4731 797 4770 vero
812 4711 910 4770 eadem
923 4713 1025 4790 penul·
1069 4715 1139 4775 εἴδεα
1163 4719 1272 4788 θνητῶν.
1299 4718 1337 4773 At
1358 4735 1393 4773 eo
1421 4714 1508 4776 modo
1532 4715 1664 4774 turbatur
1681 4727 1844 4788 structura,

252 4801 328 4858 timae
340 4799 486 4876 correptio
509 4799 638 4857 cernitur
650 4819 715 4877 quse
733 4812 764 4872 et
781 4798 853 4857 alibi
867 4798 945 4877 apud
957 4799 1027 4856 Em·
1069 4805 1180 4882 quippe
1193 4822 1282 4881 quum
1295 4802 1422 4875 accidat,
1435 4815 1468 4860 ut
1481 4801 1644 4860 infinitivus
1662 4800 1812 4872 ,ἀλάλησθαι
1829 4819 1848 4859 e

251 4885 399 4968 pedoclem
412 4897 473 4959 est,
485 4886 565 4944 velut
578 4906 621 4946 vs.
642 4887 708 4964 369.
1069 4891 1165 4969 primo
1180 4909 1268 4948 versu
1289 4887 1359 4948 ἔστιν
1377 4886 1493 4966 ἀνάγκης
1505 4891 1613 4967 χρῆμα,
1636 4887 1700 4944 θεῶν
1721 4883 1848 4965 ψήφισμα

313 4963 381 5031 Ὧδε
390 4971 436 5049 μὲν
444 4963 488 5031 οὖν
498 4978 587 5044 πνοιῆς
594 4997 623 5032 τε
628 4972 769 5054 λελόγχασι
778 4972 864 5032 πάντα
872 4973 917 5034 καί
926 4975 1025 5051 ὀσμῶν.
1070 4976 1182 5036 παλαιόν
1192 4988 1275 5053 aptus
1283 4975 1318 5033 ad
1329 4975 1477 5050 sequentia
1487 4976 1572 5032 etiam
1581 4970 1733 5050 pertineat.
1744 4971 1849 5030 Potior

253 5061 326 5131 Quis
340 5075 479 5140 praeterea
492 5063 588 5122 credat
600 5061 801 5140 Empedoclem
815 5063 895 5121 nulla
906 5063 1028 5121 necessi·
1072 5077 1115 5123 est
1128 5064 1217 5123 altera
1235 5062 1364 5141 ejusdem
1388 5064 1446 5121 viri
1471 5062 1549 5119 docti
1565 5059 1695 5138 suspicio
1709 5057 1752 5116 διὰ
1772 5058 1848 5138 χρέος

256 5161 312 5208 tate
327 5149 475 5209 subactum
488 5153 574 5210 semel
586 5149 694 5211 dixisse
705 5149 821 5229 λίλαχα,
840 5149 943 5210 ceteris
955 5149 1027 5211 loeis
1071 5151 1129 5228 legi
1143 5169 1229 5230 posse
1244 5147 1423 5210 affirmantis.
1446 5147 1521 5208 Tum
1537 5148 1627 5226 igitur
1645 5165 1747 5206 sensus
1766 5149 1823 5206 erit
1839 5166 1846 5205 ε

311 1624 380 1704 Τάχ’
393 1623 491 1684 τίσεται
506 1624 617 1703 σίδηρος,
635 1620 663 1680 ὃν
677 1619 739 1699 πρίν
750 1620 787 1686 είς
801 1615 911 1698 Φρύγας

312 1715 394 1772 ῖλθεῑν
406 1711 482 1792 φόνου
494 1713 598 1783 κηλῖσιν
612 1706 705 1786 αἵματι
718 1709 822 1787 χρανῶ,

1100 3621 1156 3702 τρίς
1172 3620 1220 3698 μίν
1235 3621 1329 3700 μυρίας
1340 3620 1411 3700 ὥρας
1423 3619 1476 3680 ἀπό
1501 3623 1628 3701 μακάρων
1649 3622 1801 3693 όλαλῆσθαι

1529 3709 1603 3788 (leg.
1621 3706 1800 3789 ἀλάλησθαι),

1102 3795 1239 3873 γινομένην
1252 3794 1378 3855 παντοίαν
1393 3794 1436 3855 td
1450 3794 1542 3875 χρόνον
1555 3793 1626 3853 ἰδίαν
1641 3797 1750 3867 θνητῶν.
