3776 5926
251 373 309 430 tto

308 492 336 554 δν
349 480 383 566 ii
392 495 437 552 νῦν
451 489 574 552 καλίουσι
586 490 701 563 Φάνητά
717 513 745 549 τε
760 492 805 552 καὶ
816 490 951 564 Διόνυσον,

308 579 448 652 Εθῦουλῆά
459 583 483 638 τ’
496 579 612 652 άνακτα,
629 578 675 638 καλ
691 578 834 657 Ἀνταθγην
849 581 982 660 ἀρίδηλον·

275 688 288 727 ε
308 669 383 726 ἄλλοι
394 667 418 726 δ’
430 667 495 726 άλλο
504 669 627 727 καλοῦσιν
639 667 793 745 ἐπιχθονίων
804 667 958 748 ἀνθρώπων.

308 759 410 833 πρῶτος
420 753 444 814 δ’
462 757 488 821 l<
500 754 564 833 φάος
574 745 651 826 ἦλθε,
666 753 797 822 Διώνυσος
811 755 832 813 δ’
844 755 992 828 ἐπεκλήθη,

308 842 402 901 οθνεκα
415 842 522 900 δινεῖται
534 845 592 898 κατ’
604 839 727 922 ἀπείρονα
741 843 841 920 μακρδν
851 839 1002 916 Ὄλυμπον·

309 929 449 1008 άλλαχθείς
460 929 484 987 δ’
495 927 569 1006 ὄνομ’
580 927 644 1008 ίσχε
657 929 840 1008 προσωνυμίαις
851 953 880 988 τε
895 929 1005 990 ἕκαστον

308 1015 476 1083 παντοδαπάς
487 1017 556 1076 κατά
567 1015 668 1096 καιρόν,
681 1016 865 1093 άμειῦομίνοιο
878 1017 991 1098 χρόνοιο.

350 1141 523 1204 (Macrobius
543 1138 658 1198 Saturn.
683 1142 708 1210 1,
735 1140 769 1196 18
794 1142 886 1198 allatis
907 1143 1033 1198 versibus

308 1227 409 1300 adjicit
425 1248 431 1283 :
451 1252 462 1276 ο
481 1228 608 1284 Phanota
621 1227 694 1282 dixit
712 1226 808 1284 Solem
823 1227 876 1284 άπδ
891 1231 937 1284 τοῦ
949 1227 1032 1306 φωτὸς

309 1312 355 1373 καλ
374 1319 501 1392 φανεροῦ,
518 1315 548 1371 id
568 1326 610 1370 est
625 1316 761 1371 alumine
779 1327 864 1389 atque
887 1316 1031 1372 illumina-

312 1405 400 1476 tione,
413 1405 480 1476 quia
489 1405 598 1458 cunctis
608 1404 708 1458 visitur
718 1415 820 1459 cuncta
831 1405 1010 1478 conspiciens
1023 1425 1030 1458 ι

309 1493 466 1564 Dionysus,
487 1501 519 1546 ut
539 1492 599 1565 ipse
612 1500 689 1546 vates
707 1493 762 1563 ait,
780 1487 833 1548 άπὸ
847 1494 891 1546 τοῦ
909 1491 1032 1548 δινεῖσθαι

310 1575 356 1634 καὶ
375 1574 575 1655 περιφέρεσθαι,
591 1578 621 1633 id
641 1588 700 1650 est,
716 1578 795 1650 quod
818 1580 1034 1636 circumferatur

309 1666 340 1720 in
355 1667 505 1724 ambitum.
522 1689 535 1714 ν
549 1665 654 1721 Confer
668 1666 847 1722 Damasciurn
862 1666 939 1739 apud
950 1669 1032 1722 lient-

310 1751 397 1824 iejurn
410 1755 499 1828 Epist.
521 1752 557 1808 ad
569 1752 639 1810 liiii.
655 1772 661 1806 :
675 1749 746 1828 Οὐχί
758 1748 785 1808 δὲ
798 1748 843 1808 καί
857 1749 968 1829 Ὀρφεὺς
980 1750 1033 1810 ἀπὸ

309 1849 354 1900 τοῦ
369 1839 435 1898 Ὦοῦ
448 1839 563 1919 παράγει
578 1837 624 1897 καί
645 1841 691 1910 τῆς
712 1837 831 1918 Νεφέλης
853 1837 975 1919 ῥαγείσης
989 1839 1032 1898 τδν

310 1927 487 2004 πολυτίμητον
498 1927 613 2000 Φάνητα
624 1928 682 1986 κτλ.
695 1939 723 1983 et
738 1945 802 2002 quae
815 1929 946 2002 leguntur
955 1928 1033 2001 apud

312 2017 453 2076 'Woifiurn
466 2017 572 2074 Anecd.
587 2019 630 2073 111
643 2035 673 2091 p.
687 2035 744 2090 ²⁰9
757 2035 764 2070 ι
777 2010 816 2075 Ὅ
827 2039 856 2074 τε
870 2013 920 2090 γὰρ
933 2013 1033 2084 Ἐλλή-

309 2126 359 2161 νων
375 2101 492 2180 θεολόγος
507 2100 617 2182 Ὀρφεὺς
631 2105 733 2183 πρῶτον
743 2101 850 2174 ἐποίησε
860 2101 903 2160 τὸν
917 2102 1032 2172 Φάνητα

308 2190 490 2270 καθορώμενον
502 2188 553 2248 ίιπδ
563 2193 615 2250 τῶν
626 2189 717 2268 θεῶν.)

269 2327 296 2369 lo
309 2309 402 2370 Ταῦτά
413 2333 442 2388 γε
453 2309 540 2368 πάντα
553 2313 637 2368 τελεῖν
649 2311 708 2391 ἱερᾷ
719 2314 799 2390 σκευῇ
810 2309 984 2386 συνοίσοντα,

310 2399 387 2472 σῶμα
398 2401 454 2456 θεοῦ
465 2396 590 2455 πλάττειν
602 2399 735 2474 ἐριαυγοῦς
747 2395 870 2455 Ἠελίοιο.

310 2487 403 2562 πρῶτα
419 2481 466 2560 μὲν
479 2483 618 2563 δργυφέαις
631 2486 776 2559 ἐναλίγκιον
792 2484 938 2541 ἀκτίνεσσιν

311 2571 411 2630 πέπλον
426 2569 552 2649 φοινίκεον
563 2569 625 2650 πυρί
638 2570 736 2629 εἴκελον
748 2568 952 2650 δμφιόαλίσθαι.

310 2655 393 2735 αθτδρ
406 2654 500 2736 ὕπερθε
511 2655 611 2736 νεόροῖο
625 2657 768 2717 παναιόλου
783 2656 843 2735 εὐρὺ
855 2656 974 2736 καθάψαι

265 2764 289 2804 ts
305 2743 387 2822 δέρμα
403 2743 576 2802 πολυστίκτου
590 2743 683 2824 θηρός,
697 2744 765 2803 κατδι
780 2740 861 2812 δεξιδν
872 2732 956 2822 ώμον,

311 2831 413 2910 ἄστρων
428 2830 573 2890 δαιδαλίων
587 2830 686 2908 μίμημ’
698 2833 769 2909 ἱεροῦ
783 2855 811 2889 τε
825 2832 926 2890 πολοιο.

311 2909 367 2976 εἶτα
379 2919 401 2976 δ’
412 2917 507 2998 ὕπερθε
519 2917 611 2999 νεόρῆς
625 2917 736 2999 χρύσεον
750 2920 871 2999 ζωστῆρα
885 2916 1023 2996 βαλέσθαι,

310 3006 520 3086 παμφανόωντα,
533 3004 607 3084 πίριξ
620 3006 732 3084 στέρνων
746 3003 859 3086 φορέειν,
875 3003 944 3082 μέγα
958 3009 1032 3080 σῆμα

311 3092 382 3160 εὐθὺς
396 3091 435 3151 ὅτ’
449 3096 477 3153 ἐκ
488 3093 608 3172 περάτων
621 3093 698 3170 γαίης
712 3091 814 3173 φαέθων
829 3093 974 3173 ιἰνορούσων

263 3199 291 3240 εο
306 3179 441 3261 χρυσείαις
455 3183 543 3240 άκτῑσι
558 3181 627 3258 βάλῃ
644 3180 701 3262 ρόον
716 3180 856 3258 ὠκεανοῖο,

187 3277 195 3282 “
309 3267 378 3346 αὐγὴ
392 3269 413 3326 δ’
424 3268 536 3336 ἄσπετος
548 3259 581 3347 ᾗ,
598 3269 647 3327 aivis
661 3268 689 3328 δὲ
702 3268 786 3350 δρόσῳ
798 3271 973 3349 άμφιμιγεῑσα

311 3355 450 3436 μαρμαίρῃ
462 3353 561 3435 δίνησιν
572 3356 729 3433 ἑλισσομένη
744 3355 812 3415 κατδι
822 3357 917 3415 κύκλον

308 3443 405 3524 πρόσθε
421 3447 493 3526 θεοῦ,
503 3441 571 3516 ζώνη
582 3443 605 3501 δ’
616 3444 658 3523 ἄρ’
672 3443 723 3503 ὑπὸ
734 3443 846 3523 στέρνων
859 3443 1013 3522 άμετρητων

310 3531 409 3610 φαίνετ’
420 3531 471 3612 ἄρ’,
484 3533 601 3592 ὠκεανοῦ
610 3531 713 3607 κύκλος,
725 3531 794 3610 μέγα
804 3535 882 3608 θαῦμ’
890 3531 1032 3590 ἐσιδέσθαι.

250 3895 324 3948 quem
337 3896 401 3934 nnnc
410 3889 497 3936 vocant
509 3885 639 3935 Phanetou
649 3899 677 3936 ac
687 3885 834 3948 Dionysum,

251 3970 277 4019 et
288 3967 514 4032 Bubulcum-regern
530 3971 554 4019 et
567 3969 728 4019 clarissimum
740 3972 865 4032 Anlangen
879 3989 885 4020 ε

250 4055 290 4105 alii
301 4067 358 4105 vero
368 4055 517 4106 terrestrium
533 4056 657 4107 hominurn
668 4058 715 4107 alio
727 4059 824 4108 nomine
836 4058 966 4120 appellant.

250 4141 297 4192 Sed
310 4143 402 4204 primus
414 4143 440 4192 in
451 4143 530 4194 locem
543 4145 632 4208 prodiit
643 4157 670 4194 ac
681 4145 801 4206 Dionysus
813 4146 949 4195 nominatus
960 4149 1011 4205 est,

250 4230 308 4293 qnia
321 4241 363 4292 per
374 4230 493 4280 inlinitum
505 4231 652 4294 longumque
664 4233 794 4295 Olympum
806 4233 993 4296 circumagitari

251 4319 359 4368 munus
369 4321 451 4368 autem
463 4331 550 4368 nomeu
562 4319 782 4382 appellationesque
792 4319 891 4382 singulis

250 4406 388 4468 temporum
409 4405 536 4455 momentis
548 4403 626 4455 varias
638 4419 681 4468 pro
698 4408 835 4468 temporum
852 4409 970 4458 varietate
990 4407 1032 4456 ln·

226 4494 230 4504 “
918 4494 990 4558 [buit.
1001 4523 1033 4536 -

251 4579 312 4628 ileo
331 4575 403 4629 certe'
417 4578 498 4628 omnia
513 4578 626 4641 perfluere
644 4593 713 4630 sacro
732 4581 819 4632 vestitu
838 4595 925 4645 corpus
944 4597 1033 4632 ornan-

251 4665 401 4730 formamque
412 4666 450 4716 del
458 4700 466 4726 ,
475 4666 593 4729 splendidi
608 4667 682 4730 solis,
692 4668 789 4732 lingna
957 4670 1032 4734 θεον,

250 4753 360 4806 Ρνίιοιιοι
374 4752 471 4817 quidem
483 4753 545 4803 albis
556 4741 630 4804 radiis
641 4755 742 4807 similem

250 4841 314 4905 palla
329 4853 448 4904 purpurea
458 4839 488 4890 ad
497 4841 560 4903 ignis
570 4842 749 4896 similitudinem
760 4846 889 4898 εοοοδοοῐο
901 4847 978 4896 indui.

253 4929 401 4992 κοινωνει
415 4929 487 4979 biam
502 4926 608 4978 hinnulei
618 4929 782 4988 versicoloris.

252 5015 382 5066 maculosas
392 5014 705 5078 campocunanae
718 5017 818 5068 liumero
831 5019 991 5084 suspendere,

252 5101 357 5163 siderum
369 5103 553 5153 snissciosorum
565 5103 690 5166 sanctique
703 5105 758 5155 coeli
772 5103 908 5170 imaginem.
956 5106 1033 5170 [teum

252 5187 344 5241 Deinde
358 5203 429 5254 super
441 5188 545 5241 lsiuuulei
559 5188 645 5252 pellem
656 5194 750 5258 corpori
765 5197 847 5258 aptare
865 5208 965 5245 aureum
983 5193 1033 5244 bal·

972 365 1152 426 ourlllcll.

1178 493 1350 570 (Macrobius
1375 496 1395 554 l.
1422 515 1449 554 c.
1475 496 1646 569 quibusdam
1669 496 1825 568 interjectis
1847 519 1854 552 ε

1085 653 1091 666 .
1141 585 1300 658 «Orpheus
1317 583 1452 642 Liberum
1466 595 1553 656 atque
1574 583 1669 640 Solem
1686 603 1778 638 unum
1803 605 1856 640 csse

1138 669 1223 726 deum
1254 672 1433 744 eundemque
1469 671 1665 728 demonstrans
1690 672 1727 726 de
1758 685 1858 727 ornatu

1137 759 1296 830 vestituque
1305 757 1364 829 ejus
1372 760 1400 812 in
1407 759 1493 812 sacris
1503 759 1680 814 Liberalibus
1694 761 1734 814 ita
1744 761 1856 814 scribit:

1136 841 1260 920 ταῦτάγε
1274 843 1360 899 πάντα
1372 844 1429 899 κτλ.
1443 869 1452 892 ν
1471 874 1511 886 -
1522 849 1566 900 Vs.
1586 845 1619 900 15
1635 848 1733 920 recepi
1744 847 1858 902 Gesncri

1138 931 1331 1003 conjecturam
1344 930 1517 988 πολυστίκτου
1528 951 1536 1003 ;
1549 933 1662 988 codices
1675 931 1858 993 πολύστικτοι,

1136 1049 1177 1062 -
1204 1024 1248 1076 Vs.
1269 1019 1303 1074 16
1327 1039 1382 1094 pro
1405 1019 1548 1076 δαιδαλέυιν
1572 1021 1690 1076 sortasse
1710 1020 1859 1095 legendum

1136 1104 1284 1179 δαιδάλεον,
1304 1119 1336 1163 nt
1353 1125 1447 1163 sensus
1465 1109 1500 1162 sit
1520 1126 1527 1166 :
1545 1109 1728 1182 artificiorum
1742 1111 1860 1162 siderum

1137 1193 1313 1272 ivrroginem.)

1094 1335 1121 1388 νε
1139 1315 1253 1374 Κίκλυθι
1267 1314 1412 1395 τηλεπόρου
1428 1314 1500 1386 δίνης
1513 1315 1653 1393 ἑλικαυγία
1667 1315 1762 1374 κύκλου

1137 1403 1267 1479 οὐρανίαις
1281 1402 1449 1484 στροφάλιγξι
1465 1404 1622 1484 περίδρομον
1635 1405 1692 1462 cliv
1702 1405 1825 1474 ἑλίσσων,

1137 1491 1219 1566 άγλαὲ
1234 1493 1301 1564 Ζεῦ,
1313 1490 1438 1564 Διόνυσε,
1454 1493 1537 1570 πάτερ
1556 1492 1671 1561 πόντου,
1683 1495 1769 1571 πάτερ
1787 1493 1859 1566 αἴης,

1135 1577 1217 1638 Ἥλιε
1229 1579 1403 1658 παγγενέτορ,
1418 1578 1478 1639 liin
1492 1581 1579 1652 αίολε,
1594 1580 1797 1660 γρυσεοφεγγές.

1178 1699 1349 1778 (liiacrobius
1363 1702 1476 1760 Saturn.
1490 1704 1514 1772 1,
1528 1703 1564 1758 αδ
1575 1703 1686 1758 :Solem
1699 1721 1757 1758 esse
1767 1706 1861 1758 omnia

1136 1799 1165 1842 et
1178 1789 1308 1862 Orpheus
1322 1799 1436 1844 testatur
1449 1790 1492 1845 his
1502 1791 1649 1846 rensibus:
1665 1787 1772 1847 κέκλυθι
1788 1792 1861 1859 τηλε·

1040 1919 1044 1924 .
1137 1872 1218 1950 πόρου
1232 1875 1302 1950 κτλ.)

1137 1993 1242 2074 Πατρδς
1257 1997 1352 2075 ἔχοντα
1365 1999 1422 2055 νόον
1434 1997 1480 2055 καὶ
1490 1996 1617 2079 ἐπίφρονα
1633 1998 1744 2077 βουλήν.

1177 2137 1350 2209 (Macrobius
1367 2139 1482 2207 Satura,
1498 2141 1523 2208 l,
1543 2159 1576 2210 ¹7
1596 2162 1603 2194 ι
1626 2140 1791 2212 Apollinem
1813 2159 1862 2192 πα-

1136 2223 1218 2300 τρῷον
1225 2226 1473 2301 cognominarunt,
1482 2245 1540 2282 non
1549 2228 1669 2300 propria
1680 2227 1773 2300 gentis
1784 2229 1863 2280 unius

1136 2329 1168 2366 ac
1185 2313 1306 2366 civitatis
1319 2313 1471 2386 reiigione,
1485 2314 1535 2369 sed
1546 2325 1578 2367 ut
1593 2324 1743 2369 auctorem
1758 2333 1862 2386 proge-

1135 2399 1324 2454 nerandamm
1340 2401 1466 2455 omniurn
1478 2419 1585 2470 rerum,
1599 2399 1681 2474 quod
1696 2402 1747 2455 Sol
1761 2401 1862 2454 immo-

1137 2486 1216 2541 ribus
1229 2487 1390 2556 exsiccatis,
1404 2487 1627 2562 progenerandis
1640 2488 1779 2542 omnibus
1796 2507 1863 2560 pra·

1136 2575 1199 2630 buit
1220 2591 1347 2639 causam,
1363 2585 1395 2630 ut
1415 2576 1454 2630 ait
1470 2576 1600 2650 Orpheus
1620 2593 1627 2629 :
1651 2573 1751 2652 πατρὸς
1772 2573 1862 2654 ἔχοντα

1137 2661 1205 2735 κτλ.)

1430 2803 1505 2861 Vlli.

1137 2931 1190 3000 Ἦν
1205 2937 1233 2998 δδ
1247 2939 1339 3010 Φάνης
1356 2937 1469 3018 Βρόμιός
1480 2961 1508 2996 τε
1522 2935 1603 3015 μέγας
1614 2939 1660 2995 καί
1676 2936 1744 3010 Ζεὺς
1757 2941 1771 2995 ὁ
1786 2937 1862 2996 πανό-

1780 3033 1862 3116 leus·

1178 3175 1305 3249 (Procius
1319 3179 1350 3232 in
1362 3178 1436 3238 Plat.
1452 3179 1526 3235 Tim.
1541 3177 1568 3236 ll
1581 3196 1613 3251 p.
1633 3195 1688 3232 ιοο
1703 3179 1742 3246 Ι),
1759 3197 1793 3250 p.
1810 3185 1860 3240 nir

1137 3265 1181 3323 ed.
1189 3265 1321 3335 Schneid.
1335 3284 1342 3324 τ
1354 3265 1503 3344 Πάλαιγδρ
1516 3269 1530 3324 ὁ
1544 3264 1661 3336 θεολόγος
1672 3263 1699 3322 ἔν
1710 3285 1742 3341 γε
1754 3267 1796 3344 τῷ
1806 3265 1866 3324 Φά-

1137 3376 1197 3424 νητε
1211 3353 1259 3426 τὴν
1274 3352 1463 3431 δημιουργικὴν
1478 3353 1564 3412 αἰτίαν
1577 3351 1737 3427 άνόμνησεν·
1752 3355 1809 3411 ἐκεῖ
1818 3355 1865 3429 γδρ

1137 3434 1169 3514 ἦν
1183 3463 1210 3500 τε
1225 3440 1271 3500 καλ
1282 3445 1377 3520 προῆν,
1388 3439 1477 3518 ὥσπερ
1491 3439 1557 3521 ἔφη,
1573 3439 1620 3499 καλ
1635 3438 1714 3504 αιἰτδς
1727 3467 1740 3493 ε
1751 3441 1865 3518 Βρόμιός

1136 3552 1165 3588 τε
1178 3527 1259 3609 μέγας
1270 3527 1314 3587 καί
1329 3527 1395 3594 Zaba
1409 3532 1423 3586 δ
1437 3528 1586 3602 πανόπτης,
1599 3525 1665 3585 νίνα
1678 3527 1711 3598 δὴ
1722 3532 1770 3598 τῆς
1782 3531 1865 3596 διττῆς

1078 3895 1181 3945 mindun
1194 3893 1322 3932 coruscun
1338 3880 1444 3930 accires
1459 3882 1542 3943 pectus
1555 3881 1662 3941 gestare,
1679 3879 1766 3941 ingens
1786 3879 1865 3941 proli·

1077 3971 1158 4022 statim
1170 3983 1247 4033 quum
1258 3982 1272 4019 e
1283 3971 1355 4018 terras
1369 3967 1456 4018 linibus
1470 3967 1564 4017 lucidus
1577 3967 1618 4018 Sol
1629 3969 1741 4017 oriturus
1794 3967 1865 4030 [pun

1078 4059 1157 4108 aureis
1170 4056 1241 4107 radiis
1251 4055 1333 4105 oceani
1347 4055 1437 4105 [luente
1451 4055 1599 4114 verberavit,

1078 4149 1104 4196 et
1116 4146 1180 4207 larga
1195 4145 1234 4194 Ιιιε
1248 4145 1361 4205 apparet,
1373 4143 1449 4206 (ηοω)
1462 4157 1516 4192 rore
1526 4141 1644 4205 permixta

1078 4233 1235 4295 splendescit,
1248 4231 1380 4280 vorticibus
1390 4230 1416 4279 in
1427 4230 1510 4280 orbem
1519 4231 1628 4279 volutata

1078 4323 1135 4370 alite
1146 4319 1232 4380 deum,
1247 4319 1370 4379 cingulum
1381 4331 1438 4368 vero
1449 4319 1494 4368 sub
1504 4319 1600 4379 pectore
1609 4317 1730 4368 immenso

1079 4408 1234 4470 conspicitur,
1245 4407 1328 4457 oceani
1341 4405 1420 4467 orbis,
1435 4393 1597 4455 resmira'bilis
1607 4405 1671 4454 visu.
1690 4431 1723 4443 -·

1080 4495 1141 4546 audi
1154 4495 1285 4544 radiantem
1298 4493 1420 4556 longinqui
1434 4492 1532 4542 vorticis
1541 4493 1624 4542 orliens
1640 4531 1644 4540 .

1079 4585 1170 4634 coelesti
1183 4582 1338 4632 conversione
1349 4582 1528 4642 circumtegens
1535 4593 1634 4642 seniper
1643 4581 1775 4644 volutans,

1079 4669 1202 4734 splendide
1214 4671 1317 4731 iupiter,
1333 4667 1451 4731 Dionyse,
1465 4669 1547 4732 opilex
1561 4668 1741 4730 maris‚opiiex
1752 4673 1838 4725 terrie.

1079 4757 1119 4808 Sol
1134 4757 1248 4814 omnium,
1255 4755 1357 4817 genitor,
1372 4757 1451 4805 Fauna
1465 4755 1602 4816 versicolor,
1616 4769 1676 4804 aruo
1693 4755 1797 4806 micans.
1808 4779 1841 4793 -

1080 4847 1157 4897 Patris
1167 4850 1247 4896 mente
1261 4848 1286 4896 et
1300 4846 1411 4909 prudenti
1427 4843 1528 4894 consilio
1544 4843 1685 4906 preditum.

1432 4971 1510 5026 vill.

1080 5107 1137 5157 Erat
1149 5107 1333 5158 auteml’lnnes
1344 5113 1369 5158 et
1386 5107 1499 5157 Bromius
1513 5117 1614 5166 magnus
1627 5107 1651 5155 el
1666 5103 1764 5168 tupiter
1786 5103 1865 5152 omnia

1770 5187 1866 5254 [videns
