3690 5924
260 414 318 466 αεο
675 385 854 460 moneris
876 396 1156 458 aroutoumrrn
1178 396 1423 456 euenturum.

256 537 311 596 lini
338 525 414 591 αῶται
434 531 543 594 τείνουσι
566 529 608 590 διά
621 533 672 589 τῶν
689 535 794 610 σραγῶν
816 530 886 591 elom.
909 529 962 588 Καί
983 532 1028 586 ἀπ’
1075 527 1208 607 ιῦρίιτεραί
1219 531 1293 605 εἰσιν,
1315 529 1405 588 ἔπειτα
1418 527 1571 606 λεπτότεραι
1592 527 1732 606 γίγνονται,
1751 531 1820 596 intr

256 623 340 678 αὐτῶν
356 619 481 696 ἑκατέρας
501 618 550 678 itari
565 617 613 688 τὴν
636 617 795 696 ὠμοπλάτην
812 617 922 676 τείνουσι
936 617 981 674 καί
994 617 1030 681 είς
1076 617 1258 693 μεταὸάλιοσιν
1273 621 1302 675 ἐκ
1321 621 1371 674 τῶν
1388 616 1475 684 δεξιῶν
1500 619 1534 682 είς
1556 615 1592 672 τὰ
1613 616 1733 694 ἀριστερὰ
1757 622 1792 676 καὶ
1803 625 1820 680 ἐκ

255 708 300 773 τὰς
314 709 412 788 χεῖρας.
428 706 480 766 Καὶ
495 705 628 786 φαίνονται
642 705 714 781 παρά
727 727 754 762 τε
772 705 819 773 τὴν
834 706 969 774 σπληνῐτιν
984 702 1028 760 καί
1074 703 1170 762 τούτοιν
1185 703 1259 768 εἰςτά
1269 702 1347 769 δεξιά·
1359 694 1436 761 αὗται
1449 702 1476 760 δὲ
1486 701 1690 779 σπερματίτιδες
1700 705 1820 768 καλοῦντα.

254 793 303 862 τὴν
321 797 442 862 ἡπατῖτιν
465 791 551 871 ἕτεραι
566 790 650 866 ὀλίγον
670 791 802 861 ἐλάττους,
818 789 848 856 ἃς
868 792 1029 868 ἀποσχῶσιν,
1075 789 1115 848 Τὸ
1132 790 1159 847 δὲ
1175 779 1241 865 αἷμα
1255 789 1284 848 τὸ
1300 787 1347 864 μὲν
1359 788 1509 868 παχύτατον
1524 789 1578 848 ὑπὸ
1592 791 1646 845 τῶν
1661 793 1758 864 σαρκῶν
1771 794 1820 868 ipa

254 878 315 936 ὅταν
326 901 351 934 τι
363 878 412 935 ὑπὸ
423 878 453 934 τὸ
466 877 549 955 δέρμα
563 879 646 952 λυπῇ·
664 875 693 934 ἂν
705 876 766 935 δέτι
781 877 841 955 περί
856 876 904 946 τὴν
918 875 1028 946 κοιλίαν,
1076 896 1172 954 γνεται·
1190 875 1351 955 trepidum
1363 875 1390 933 di
1405 879 1439 942 είς
1458 875 1515 942 τοὺς
1525 875 1623 942 τόπους
1642 875 1741 942 τούτους
1752 879 1820 936 λεπτὸν

253 963 301 1034 τὴν
315 968 438 1034 ἡπατῖτιν
457 964 501 1022 καί
513 963 560 1034 τὴν
576 967 720 1034 σπληνῖτιν.
735 963 855 1022 Τείνουσι
870 963 897 1021 δὲ
921 963 967 1022 καί
980 964 1030 1020 luri
1075 964 1120 1022 καὶ
1132 963 1225 1042 θερμὸν
1240 965 1285 1020 καί
1298 963 1413 1040 ἀρρῶδες
1421 963 1549 1036 γίγνεται.

254 1048 313 1116 τοὺς
330 1049 443 1126 μαστοὺς
459 1049 510 1109 aluit
524 1050 619 1108 τούτων
638 1050 734 1128 ἕτεραι.
751 1049 863 1127 Ἕτεραι
879 1051 899 1107 δ’
915 1049 977 1107 είσίν
1002 1051 1028 1107 ni
1115 1049 1292 1126 (Aristoteles
1316 1049 1389 1108 llist.
1411 1051 1500 1107 anim.
1522 1047 1577 1108 lib.
1601 1047 1645 1106 lll
1662 1067 1722 1124 cap.
1744 1070 1767 1120 υ,
1788 1061 1820 1116 ii

256 1137 309 1194 άπὸ
326 1135 450 1214 ἑκατέρας
470 1138 600 1194 τείνουσαι
617 1134 661 1194 διὰ
674 1142 717 1193 τοῦ
741 1136 860 1194 νωτιαίου
875 1139 970 1208 μυελοῦ
995 1137 1030 1202 είς
1076 1135 1199 1212 Διογένης
1213 1135 1240 1192 δὲ
1254 1139 1267 1192 ὁ
1283 1135 1488 1206 Ἀπολλωνιάτης
1503 1137 1565 1192 τάδε
1580 1135 1668 1211 λέγει·
1687 1139 1712 1190 αἱ
1722 1135 1745 1191 δὲ
1756 1138 1820 1212 γλέίς

255 1223 313 1290 τοὺς
325 1223 424 1302 ὄρχεις,
441 1221 544 1282 λεπταί.
558 1220 670 1301 Ἕτεραι
684 1225 706 1280 δ’
716 1224 766 1282 ὑπὸ
780 1223 809 1281 τὸ
827 1222 909 1302 δέρμα
926 1221 971 1281 καί
987 1224 1029 1282 διὰ
1074 1222 1132 1280 κτλ.
1148 1221 1242 1289 Quum
1257 1221 1367 1278 nullum
1393 1221 1496 1278 ionlcae
1513 1221 1633 1277 dialecti
1653 1221 1788 1294 vestigium
1799 1223 1820 1308 inl

255 1313 301 1380 τῆς
317 1311 409 1388 σαρκὸς
423 1309 547 1369 τείνουσιν
563 1311 598 1375 εἰς
612 1309 669 1375 τοὺς
689 1310 807 1389 rappodo,
821 1311 865 1368 καὶ
875 1311 1029 1368 τελευτῶσιν
1075 1308 1130 1364 ίιοο
1153 1307 1312 1381 fragmento
1328 1321 1488 1384 appareret,
1511 1308 1615 1364 atticas
1629 1327 1731 1364 vocum
1744 1310 1818 1367 lorrnu

256 1399 290 1461 εἷς
300 1394 357 1461 τοὺς
369 1396 455 1474 ὄρχεις
474 1399 526 1462 τοῖς
548 1396 667 1474 ἀνδράσι,
688 1398 743 1462 ταῖς
758 1397 784 1454 ii
808 1396 919 1473 γυναιξίν
935 1396 1030 1462 εἰςτὰς
1076 1393 1112 1452 ab
1128 1394 1280 1451 Aristotele
1291 1395 1400 1471 positas
1409 1406 1520 1451 mutare
1530 1393 1638 1470 nolui.)

256 1481 375 1561 ὑστέρας.
398 1483 433 1540 Δί
448 1479 474 1540 δὲ
489 1481 579 1560 ρλέὸες
592 1483 619 1540 αἱ
636 1483 683 1557 μὲν
699 1485 802 1562 πρῶται
822 1484 852 1541 ἐκ
870 1487 917 1554 τῆς
931 1482 1029 1549 κοιλίας

257 1645 420 1706 frequentibus
446 1645 517 1694 ramis
532 1645 555 1693 in
576 1646 691 1706 reliquam
705 1658 802 1694 manum
824 1644 958 1706 aodigitoa.
974 1646 1031 1694 Aliae
1077 1645 1229 1694 conveniunt.
1261 1647 1340 1706 Atque
1353 1646 1391 1695 lrae
1400 1645 1508 1706 jugatum
1530 1645 1647 1694 subeunt.
1664 1647 1722 1693 Tum
1736 1647 1761 1693 ab
1773 1653 1815 1694 utra

256 1736 337 1782 autern
352 1733 472 1782 tenuiores
483 1745 497 1781 tt
514 1733 598 1794 primis
610 1734 676 1781 venir
686 1733 810 1782 tendente
826 1733 908 1782 deutra
920 1733 944 1781 in
955 1733 1032 1793 jecur,
1077 1745 1122 1792 que
1134 1733 1179 1781 rub
1190 1732 1310 1793 scapulam
1319 1735 1392 1794 atque
1402 1732 1425 1781 ln
1433 1732 1641 1781 manustenduut.
1654 1735 1820 1798 apparentum

258 1819 348 1866 alaera
363 1821 386 1867 in
400 1819 484 1868 lienem
499 1831 527 1867 nu
540 1832 615 1868 rouen.
647 1822 708 1876 Quae
720 1833 776 1868 vero
789 1818 819 1869 ad
831 1832 900 1868 crura
914 1819 1032 1881 pertinent
1079 1831 1152 1880 prope
1167 1819 1526 1880 llennrerneijenorariamaliae
1542 1819 1627 1880 paullo
1641 1820 1815 1879 minoresquuir

258 1904 381 1953 finduntur
392 1904 422 1952 ad
435 1907 654 1954 commissuramac
670 1919 712 1966 per
723 1907 800 1954 totum
813 1906 891 1954 lemur
906 1906 1032 1955 intenduu·
1077 1905 1219 1954 terscindere
1240 1906 1326 1965 solent,
1341 1919 1415 1968 quum
1428 1905 1486 1967 quid
1503 1907 1583 1954 morbi
1604 1905 1652 1954 nub
1668 1909 1720 1954 cute
1730 1910 1768 1962 ιε1;
1778 1905 1820 1990 aliq

260 1996 308 2038 tur.
324 1992 432 2046 Quarum
447 1991 552 2038 maxima
572 2003 632 2052 pone
653 1991 729 2040 lemur
747 1992 874 2054 porrigitur
885 1993 1033 2054 crassiorque
1078 1992 1202 2041 ventriculi
1214 1991 1813 2052 aegrotnlioniburlienaremetjeoorariam.Quinrtiau

258 2082 365 2138 apparet,
381 2077 457 2125 altera
479 2077 559 2137 paullo
575 2078 654 2126 minua
672 2090 751 2126 orama
765 2079 789 2127 ln
807 2077 920 2128 interiora
938 2079 1033 2128 femoris
1077 2080 1130 2129 alite
1139 2080 1170 2128 ab
1187 2080 1223 2128 iris
1237 2079 1260 2128 in
1281 2092 1398 2128 mammas
1418 2081 1535 2140 vergunt,
1559 2079 1615 2127 aliae
1630 2092 1709 2140 eaeque
1726 2081 1813 2126 tenuerat

259 2165 325 2223 parte
344 2165 429 2212 exalat.
463 2163 554 2212 Deinde
572 2164 773 2224 quemadmodum
790 2165 837 2214 illae
854 2166 879 2216 ln
893 2167 1034 2226 manuque
1078 2170 1180 2227 utraque
1189 2180 1231 2228 per
1254 2167 1370 2227 spinalem
1385 2167 1515 2216 medullam
1539 2166 1568 2215 in
1589 2167 1709 2216 testiculos
1723 2167 1812 2228 pertinent

260 2248 298 2296 lue
314 2250 478 2310 praetervecta
497 2263 557 2310 genu
578 2250 602 2298 in
615 2251 684 2300 libiae
701 2255 773 2312 alque
785 2253 809 2300 in
822 2253 892 2314 pedes
905 2259 929 2302 et
941 2253 997 2302 inde
1009 2253 1034 2302 in
1078 2252 1137 2300 Alim
1148 2252 1193 2300 sub
1204 2255 1259 2301 oute
1272 2266 1314 2314 per
1329 2237 1425 2301 earnem
1439 2253 1464 2301 in
1478 2266 1546 2302 renes
1560 2254 1717 2314 porriguntur,
1726 2252 1812 2313 querit

261 2334 366 2396 planiam
378 2335 535 2396 descendunt,
547 2338 666 2397 postremo
674 2338 698 2386 in
706 2337 792 2398 digitos
802 2338 942 2400 pervadunt.
953 2339 1034 2388 Mullre
1078 2337 1102 2387 iu
1114 2338 1245 2399 testiculos,
1257 2339 1398 2387 mulieribus
1406 2339 1431 2387 iu
1443 2342 1538 2389 utemm
1560 2339 1678 2387 desinunt.
1710 2343 1760 2396 Qun
1770 2352 1812 2386 rue

260 2434 317 2469 vero
328 2421 381 2468 alim
393 2423 569 2481 eoequetenues
581 2435 648 2471 venae
660 2425 690 2472 ab
702 2424 747 2472 illis
761 2425 784 2472 iu
799 2427 905 2475 ventrem
920 2431 944 2474 et
958 2428 1035 2475 coetae
1080 2425 1190 2484 primae
1211 2425 1345 2474 ventriculo
1364 2425 1496 2486 prodeunt,
1513 2425 1611 2474 latiores
1629 2425 1762 2484 euntdeinde
1773 2427 1820 2488 atiel

260 2506 408 2555 scinduntur.
427 2511 487 2564 Qua
498 2512 577 2556 autem
589 2511 662 2569 eaput
674 2523 714 2570 per
723 2512 835 2572 jugulum
848 2517 943 2572 petunt.
960 2526 1034 2576 appa·
1079 2516 1193 2572 artantur,
1206 2511 1283 2559 donec
1297 2514 1447 2561 commutent
1457 2512 1549 2570 aeden,
1565 2517 1620 2560 uta
1637 2511 1715 2560 dextra
1729 2511 1820 2558 nrum-t

261 2599 314 2642 rent
328 2592 706 2653 inmllomagnae,etabearum
721 2600 831 2658 utraque,
846 2601 1035 2659 quatermiuan-
1079 2610 1132 2645 sum
1151 2596 1305 2658 indidemque
1327 2597 1357 2646 ad
1375 2596 1483 2646 dextram
1508 2600 1654 2647 manserant:
1672 2597 1707 2646 hae
1722 2597 1811 2645 mnirtlu

261 2682 311 2738 tur,
323 2677 406 2725 multae
417 2676 441 2724 iu
457 2679 530 2738 caput
540 2679 682 2728 scinduntur
694 2683 717 2732 et
733 2681 824 2732 dextra·
838 2683 861 2732 in
877 2684 997 2734 sinistram
1011 2691 1035 2736 et
1079 2683 1235 2744 appellantur.
1254 2686 1285 2734 ut
1296 2685 1456 2734 crassissimus
1469 2685 1569 2746 quidem
1582 2683 1724 2746 sanguinent
1737 2659 1820 2736 mutini

192 2822 196 2828 θ
261 2762 398 2812 niuistraein
411 2761 527 2811 dextram.
559 2765 726 2816 Termiuantur
741 2781 797 2816 vero
812 2781 973 2831 propeaures.
994 2775 1036 2822 Fal
1080 2772 1147 2818 rents
1161 2769 1264 2830 gignitur
1284 2770 1331 2818 :in
1348 2770 1393 2820 lroa
1408 2783 1466 2821 vero
1485 2770 1553 2820 loeoa
1567 2743 1820 2838 transponuntuuuttl

262 2854 287 2899 ei
304 2850 378 2897 altera
392 2860 452 2896 rena
476 2862 547 2912 propo
569 2850 698 2913 majorem,
712 2855 752 2904 sed
769 2857 848 2917 paullo
870 2870 898 2907 ea
919 2858 997 2907 minor
1011 2860 1035 2908 in
1079 2858 1105 2904 ot
1117 2855 1207 2904 eulidut
1221 2860 1245 2904 et
1257 2868 1392 2918 spumosus.
1819 2851 1820 2930 l

263 2939 364 2998 utroque
382 2934 481 2984 oerricle
497 2935 579 2998 latere,
598 2936 622 2986 ln
643 2951 716 3001 quam
739 2943 872 3004 plurimae
888 2945 965 3008 eapite
981 2946 1034 3008 ipro
