3838 5926
255 379 293 432 68
890 363 1201 428 COMMENTARIUS

250 500 421 579 Simplicius
443 499 478 558 ad
498 497 585 578 Phys.
602 496 619 556 l.
642 499 678 566 34
695 497 843 557 bversum
860 499 942 556 illum
958 499 1030 556 alle-
1076 511 1107 556 ut
1120 499 1236 576 planius
1247 499 1370 575 loquar:
1391 525 1402 548 α
1422 513 1564 576 quatenus
1575 520 1682 578 corpus
1695 499 1858 558 humanum

251 611 316 650 rens
338 589 424 647 habet
442 587 612 662 γέννην,εσιί
632 587 722 664 Phys.
743 586 763 646 l.
780 588 848 644 δια
875 600 903 644 et
917 587 1028 644 Comm.
1074 586 1292 668 etenuissimis
1318 587 1450 664 partibus
1469 587 1624 645 conflatum
1651 600 1713 660 est,
1737 602 1860 646 eatenus

248 679 282 736 ad
297 678 365 738 libr.
378 677 414 736 de
427 677 497 735 Coel.
512 696 558 752 ap.
579 675 696 751 Peyron
711 695 740 752 p.
753 677 791 734 56
809 670 911 752 γένναν,
929 673 1030 749 ltaque
1075 673 1209 732 homines
1220 677 1323 733 ceteris
1334 674 1531 733 animantibus
1541 695 1651 733 summa
1661 676 1820 735 oculorum
1833 690 1861 732 et

247 765 324 843 apud
337 763 538 822 parmenidem
550 783 615 821 cum
629 761 782 819 Karsteniu
793 761 910 836 vulgavi
921 759 1027 838 γέννην,
1076 763 1181 820 mentis
1197 763 1258 820 acie
1274 775 1421 840 prestant.
1438 788 1450 814 ν
1476 761 1508 819 ln
1523 763 1642 821 eandem
1659 764 1720 822 lere
1742 777 1861 822 senten-

247 859 342 929 neque
360 851 424 928 ejus
449 851 491 908 rei
518 869 563 906 me
589 868 668 907 nnnc
688 849 819 926 poenitet.
846 847 878 904 ln
909 847 1030 907 Pindari
1075 853 1143 908 tiam
1166 855 1228 908 haec
1249 849 1423 909 Karstenius
1435 853 1555 928 accepit.
1568 851 1670 909 Caeteri
1682 864 1794 927 tacent,
1809 871 1860 908 ex-

247 941 366 1016 Olymp.
387 938 450 1006 Vll,
473 939 509 994 23
526 937 646 1014 reperiri
665 935 742 1014 γέννογ
762 948 788 992 ct
804 935 888 1012 Pytlr.
903 935 952 1007 tv,
974 956 1029 993 roo
1075 950 1158 1014 cepto
1169 936 1394 1023 Paucos-bietero
1411 939 1462 1014 qui
1478 938 1555 996 hunc
1573 958 1689 997 versum
1715 939 1860 997 illustrari

248 1027 341 1104 γένναν
357 1026 407 1084 vix
420 1024 639 1082 memorandum
657 1035 711 1084 est.
727 1023 820 1080 Aliter
831 1024 868 1081 de
880 1023 1029 1101 Empedo-
1074 1038 1157 1102 putat
1170 1026 1234 1082 loco
1247 1025 1464 1102 'l'lreophrasteo
1474 1026 1511 1083 de
1523 1029 1604 1086 Sens.
1617 1029 1635 1104 5
1651 1049 1695 1098 ιο,
1705 1026 1753 1084 καί
1763 1017 1801 1083 ὧν
1813 1025 1861 1100 μὲν

247 1117 292 1175 cle
304 1113 496 1192 judicandum
507 1113 575 1190 qui,
588 1113 611 1168 si
627 1111 699 1187 quid
713 1111 819 1186 integri
834 1114 864 1170 in
880 1111 1029 1170 membra·
1075 1111 1147 1188 pavit
1160 1111 1205 1170 καὶ
1218 1111 1298 1190 όραιδι
1308 1121 1392 1171 κιῖται
1410 1112 1443 1171 τὰ
1461 1123 1594 1193 στοιχεῖα,
1606 1114 1718 1195 νωθροὺς
1729 1114 1777 1172 καὶ
1798 1119 1860 1174 ἐκι-

248 1207 294 1260 nis
312 1214 458 1279 superest,
472 1218 516 1260 vs.
542 1201 580 1256 88
602 1199 745 1275 scripsit:
765 1203 849 1257 ταῦτα
866 1198 917 1276 γὰρ
936 1189 986 1256 lod
1000 1222 1028 1257 τι
1075 1199 1178 1266 πόνους.
1200 1200 1286 1269 Quod
1302 1213 1335 1258 ut
1357 1201 1500 1258 incertum
1517 1216 1560 1260 est
1579 1224 1585 1259 :
1612 1205 1652 1261 ita
1674 1203 1779 1260 diffido
1795 1203 1862 1278 ejus

247 1287 336 1347 πάντα
352 1287 398 1348 καί
411 1285 491 1357 ἥλικα
507 1289 600 1363 γένναν
618 1284 708 1354 ἔασιν,
721 1285 770 1342 sed
785 1285 841 1344 lrnc
855 1286 919 1342 loco
936 1286 1026 1366 γίννῃ,
1074 1286 1248 1364 conjecturae
1260 1307 1318 1364 qua
1329 1307 1429 1347 versus
1440 1291 1471 1346 in
1483 1289 1561 1348 hunc
1571 1292 1688 1349 modurn
1701 1293 1863 1369 interpola·

247 1397 305 1453 qua
318 1378 348 1434 in
361 1394 393 1433 re
405 1374 539 1432 codicum
552 1373 637 1430 fidem
648 1371 819 1430 labefactare
831 1373 921 1433 nolui.
930 1373 1029 1452 ltaque
1074 1387 1140 1433 tur:
1154 1378 1200 1433 καὶ
1210 1378 1268 1433 καθ’
1280 1373 1348 1433 door
1359 1375 1406 1450 μὲν
1417 1375 1498 1454 ἀραιὰ
1508 1377 1571 1434 τάδε
1582 1377 1718 1456 ξυνίκυρσε
1728 1380 1860 1436 πεσόντα.

248 1462 404 1541 reprobata
426 1461 570 1518 Karstenii
591 1459 757 1536 conjectura
779 1458 858 1538 γέννα
879 1460 927 1518 liic
948 1459 1025 1540 γέννῃ
1073 1461 1214 1520 Caeterum
1230 1462 1306 1540 apud
1322 1463 1506 1540 Simplicium
1524 1477 1617 1524 exstat
1631 1465 1779 1542 θραιότατα
1804 1488 1862 1545 pro

246 1549 431 1608 retinendum
441 1567 504 1606 esse
515 1547 673 1606 arbitratus
683 1566 811 1608 sum.—
826 1549 858 1606 ln
877 1549 934 1606 ilne
949 1548 1023 1625 ejus·
1074 1550 1230 1627 αἰραιότατα.
1259 1549 1390 1609 Sturzius
1410 1569 1543 1628 asperum
1573 1553 1701 1610 afflatum
1726 1557 1862 1612 serravit

247 1637 313 1694 dem
335 1655 438 1694 versus
458 1655 513 1713 pro
539 1635 618 1710 vulg.
639 1635 793 1710 έκμοκσσῖοι
815 1635 933 1714 reposui
960 1654 1025 1693 cum
1074 1650 1169 1696 motus
1189 1636 1330 1696 Eustatbii
1360 1639 1532 1696 auctoritate
1555 1639 1591 1696 ad
1618 1639 1723 1716 Odyss.
1746 1639 1801 1700 lib.
1836 1643 1861 1698 X

247 1725 360 1784 Steinio
374 1723 541 1798 έκμάκτσισι.
1073 1743 1103 1801 p.
1132 1725 1221 1800 1649,
1243 1727 1279 1794 46
1296 1723 1479 1784 observantis
1500 1747 1507 1782 ι
1531 1724 1668 1803 specs-t
1680 1727 1737 1785 ἐστι
1754 1729 1862 1798 λεπτή.

196 1820 201 1828 ’
286 1809 335 1872 Vs.
348 1831 413 1884 27⁰·
426 1808 748 1886 νεικεογιννήτοισινκτλ.]
760 1807 897 1866 Αίόἰιιυιιι
904 1808 1025 1886 Simpli·
1072 1808 1161 1882 στενή.
1175 1809 1246 1869 δκαί
1258 1808 1411 1868 δασύνουσιν
1422 1813 1446 1869 οἱ
1461 1811 1569 1870 παλαιοὶ
1579 1811 1644 1892 erpi<
1654 1813 1799 1887 διαστολὴν
1814 1823 1862 1875 τοῦ

246 1897 286 1956 cii
301 1899 466 1977 exemplum
478 1896 599 1955 exhibet
616 1917 624 1953 ι
639 1896 889 1973 νιικεσγιννήστισιν
903 1894 942 1954 δτι
953 1919 1027 1976 σφισι
1073 1895 1164 1964 ἅπλῶς
1180 1899 1285 1976 ἀραιοῦ.
1300 1896 1406 1956 Verum
1421 1898 1545 1976 spiritus
1559 1918 1644 1977 asper
1655 1901 1685 1958 in
1707 1900 1763 1959 hac
1784 1923 1862 1962 voce

244 1983 337 2061 γέννας
350 1987 432 2065 ὀργᾶ,
444 1985 507 2044 cod.
518 1984 541 2042 C
554 1981 579 2042 δ’
594 1982 710 2062 ὑγραίνει
727 2006 771 2041 κιο
784 1981 970 2060 γεννέστησιν,
986 1984 1026 2045 ότι
1071 1986 1176 2044 Atticis
1192 1985 1410 2062 relinquendus.
1424 1987 1610 2064 Quapropter
1630 1987 1781 2064 scaligero
1802 1991 1861 2048 ob·

245 2073 319 2152 σφίσι
329 2081 420 2150 γεννᾶν
433 2073 512 2152 ὀργᾷ,
528 2071 632 2132 cod.l)
655 2071 678 2128 δ’
692 2068 760 2149 θγρόι
773 2070 1024 2147 νεικιογέννιστισιν.
1071 2074 1161 2132 secuti
1178 2074 1228 2151 qui
1245 2075 1358 2151 primus
1382 2072 1526 2152 ὀροιότατα
1557 2075 1680 2134 rescribi
1702 2078 1860 2150 voluerat,

246 2159 299 2218 llis
309 2160 390 2218 vitiis
400 2159 536 2219 tollendis
548 2159 606 2217 viri
614 2157 692 2216 docti
705 2177 807 2216 manus
816 2158 1026 2220 emendatrices
1071 2160 1241 2220 Karstenius
1261 2173 1289 2218 et
1302 2156 1431 2220 Steinins
1454 2160 1599 2221 vocabulo
1614 2163 1720 2222 leniter
1736 2168 1862 2242 aspira-

244 2247 445 2304 admoverunt.
457 2249 497 2304 Ac
512 2245 645 2304 Sturzius
660 2246 778 2323 quidem
793 2245 938 2322 duplicem
954 2266 1024 2323 pro·
1070 2262 1149 2310 runt.

247 2333 345 2409 posuit
361 2333 557 2408 conjecturam
575 2352 582 2388 ι
610 2331 875 2411 νιικεσγιννέστῃσιν,
891 2334 931 2392 δτι
951 2337 1025 2415 σφίσι
1110 2335 1174 2394 Vss.
1186 2335 1400 2412 273·274.mpt
1411 2335 1436 2392 δ’
1447 2334 1665 2414 αὖίάνιταικτλ.]
1680 2337 1862 2398 Aristoteles

248 2419 325 2494 γέννη
344 2421 410 2499 ὀργᾷ
423 2420 470 2477 vel
494 2418 534 2476 ότι
558 2417 630 2498 σφίσι
644 2427 698 2476 πᾶν
712 2419 785 2496 γένος
800 2426 883 2500 ὀργᾷ,
899 2421 1027 2498 Scaliger
1071 2423 1108 2482 de
1128 2421 1202 2484 Gen.
1217 2437 1247 2482 et
1267 2423 1350 2482 Corr.
1366 2422 1402 2488 ll,
1422 2425 1440 2480 6
1456 2443 1520 2501 pag.
1538 2426 1607 2485 333.
1628 2425 1657 2484 b.
1678 2447 1689 2484 1
1715 2427 1764 2486 ed.
1783 2426 1861 2485 Bek-

246 2505 509 2581 νεικεογεννήταισιν,
534 2504 703 2564 Karstenius
721 2511 959 2582 νιικιογεννητῇσιν
979 2511 1025 2567 vel
1071 2509 1131 2571 lter.
1141 2529 1148 2569 :
1160 2503 1228 2570 ἀλλὰ
1240 2510 1292 2587 μὴν
1305 2511 1358 2568 οόδ’
1370 2507 1477 2582 αὔξησις
1489 2508 1521 2568 ἂν
1532 2513 1571 2584 εἴη
1585 2510 1643 2568 κατ’
1653 2509 1860 2587 Ἐμπεδοκλέα,

246 2591 474 2672 νοικιισγενέτῃσιν
489 2590 530 2651 ὅτι
550 2591 624 2672 σφίσι
637 2600 691 2650 πδν
705 2593 786 2669 δέμας
804 2595 885 2672 ὀργᾷ,
901 2594 1025 2654 Panzer-
1040 2589 1045 2602 ¹
1073 2595 1134 2655 ἀλλ’
1144 2595 1159 2668 ll
1170 2598 1239 2657 κατδι
1252 2597 1403 2677 πρόσθεσιν·
1417 2624 1429 2650 α
1442 2596 1505 2678 rtvpl
1516 2597 1566 2678 γὰρ
1581 2597 1652 2667 odiat
1663 2601 1692 2658 τὸ
1701 2605 1771 2678 πῦρ·
1783 2603 1861 2670 αὔξει

246 2679 376 2738 bieterus
390 2680 485 2744 νιίκεσς
495 2677 638 2756 ἐννεσίῃσιν
649 2723 657 2752 ,
667 2679 706 2738 ὀτι
722 2678 794 2760 σφίσι
808 2679 874 2759 γένν’
882 2678 1023 2758 άστσργσς,
1070 2683 1097 2742 θλ
1109 2685 1180 2763 χθὼν
1190 2684 1236 2761 μίν
1248 2684 1370 2765 σφέτερον
1381 2683 1466 2761 γένος,
1483 2683 1575 2764 αἰθέρα
1589 2687 1613 2743 δ’
1624 2686 1712 2764 αἰθήρ.
1725 2715 1737 2740 ι
1754 2688 1802 2746 Ex
1815 2690 1862 2746 in·

246 2765 409 2824 Lobeckius
431 2766 609 2843 Paralipom.
631 2785 661 2843 p.
685 2766 740 2833 451
768 2764 1022 2844 νιικιογιννήσοισιν,
1070 2771 1244 2850 terpretibus
1256 2773 1307 2830 alii
1320 2770 1410 2830 verba
1420 2772 1482 2851 πυρὶ
1494 2772 1545 2852 γὰρ
1555 2771 1626 2841 αὔξει
1639 2773 1731 2854 τόπῦρ
1742 2777 1862 2834 Aristo·

245 2873 333 2932 quent
348 2854 481 2930 sequitur
498 2853 628 2913 Steinius
647 2873 762 2912 versum
782 2855 823 2912 ita
844 2854 993 2930 corrigens
1016 2876 1022 2912 :
1071 2859 1120 2915 teli
1136 2858 1335 2934 assignarunt,
1349 2859 1400 2916 alii
1415 2879 1479 2916 cum
1497 2859 1686 2936 sequentibus
1700 2879 1798 2937 usque
1822 2863 1861 2920 ad

246 2941 492 3018 νιικισγεννήτσισιν
513 2939 551 2998 ds·
571 2942 618 3000 οὐκ
644 2939 729 3018 ιἰγανιί
752 2962 840 3021 σφισιν
861 2939 936 3020 ὀργή.
959 2942 1025 3001 llaec
1070 2944 1148 3025 αἰθήρ
1158 2945 1326 3023 Empedocli
1340 2946 1548 3023 ascripserunt.
1562 2946 1714 3023 Utcunque
1727 2959 1784 3016 est,
1799 2968 1861 3006 ιιιιι-

245 3030 375 3086 omniurn
397 3029 509 3107 optima
526 3029 689 3087 emendatio
705 3042 767 3106 est,
782 3029 814 3086 in
829 3049 887 3106 qua
909 3031 1024 3106 acquic·
1061 3023 1111 3091 lui
1126 3033 1191 3090 c'urn
1203 3032 1357 3090 Karstenio
1371 3033 1457 3090 etiam
1471 3029 1571 3111 priora
1587 3031 1778 3110 Empedoclea
1791 3055 1861 3094 osse

244 3117 367 3188 vissem‚
380 3117 438 3175 nisi
450 3117 626 3174 versiculum
637 3118 747 3175 omissa
756 3115 914 3175 verborum
930 3131 1024 3178 trans·
1070 3131 1208 3190 statuere,
1222 3139 1309 3196 quam
1322 3132 1435 3196 poetam
1449 3120 1599 3197 aptissima
1609 3106 1759 3178 sententies
1771 3136 1861 3199 parte

244 3204 389 3281 positione
413 3203 623 3263 restituendum
644 3217 786 3282 putarem.
826 3204 1022 3274 Quamobrem
1061 3195 1197 3286 privare.
1214 3206 1276 3264 lloc
1295 3207 1386 3281 igitur
1400 3219 1516 3266 auctore
1537 3207 1653 3264 initium
1673 3207 1714 3263 sic
1734 3209 1863 3265 consor-

244 3292 364 3350 exar‘avi
379 3312 387 3348 ι
402 3289 645 3368 νιικεσγιννήτοισιν
662 3289 702 3349 ότι
717 3291 790 3370 σφίσι
805 3291 928 3358 δύσκολος
946 3293 1022 3371 ὀργή.
1070 3297 1148 3354 mavi
1165 3317 1171 3352 :
1188 3294 1252 3375 πυρὶ
1265 3297 1290 3353 δ’
1302 3293 1442 3362 αὐξάνεται
1454 3299 1516 3374 πῦρ,
1528 3308 1560 3353 ut
1574 3308 1649 3354 essct
1660 3315 1763 3354 versus
1777 3298 1863 3356 clau·

242 3379 315 3449 Qnae
325 3381 349 3438 si
363 3392 439 3437 recte
453 3377 718 3449 sehabent‚verba
730 3380 773 3438 sio
782 3379 946 3438 cohaerent:
964 3378 1023 3458 (τά)
1068 3384 1141 3444 srrla.
1170 3383 1312 3441 Praeterea
1337 3403 1393 3460 pro
1414 3381 1487 3460 γένος
1513 3383 1610 3460 recepi
1635 3381 1715 3459 δέμας
1742 3401 1760 3441 e
1787 3387 1860 3445 cod.

244 3467 331 3538 πάντη
350 3465 533 3544 συγγίγνεσθαι
547 3464 630 3536 ἀήθεα
651 3465 696 3523 καλ
721 3466 794 3540 μάλα
816 3466 915 3545 λυγρά,
941 3466 1024 3546 ίχθρδι
1068 3470 1204 3530 Vatic.·ut
1215 3470 1275 3546 jam
1291 3470 1343 3529 alii
1362 3470 1551 3530 ieceruntcl.
1565 3489 1608 3530 vs.
1626 3472 1679 3542 173
1691 3484 1719 3529 et
1733 3471 1861 3532 Parme-

243 3553 288 3610 ἀπ’
303 3554 424 3626 ἀλλήλων
436 3554 558 3611 πλαίσιον
569 3551 715 3630 διέχουσιν,
726 3552 825 3628 ἄμικτα
837 3553 931 3632 (ὄντα)
946 3553 1022 3632 γέννῃ
1069 3557 1129 3617 nid.
1151 3577 1194 3616 vs.
1213 3558 1267 3614 115
1282 3569 1312 3613 et
1335 3577 1401 3632 119,
1417 3556 1470 3615 nbi
1486 3556 1567 3632 δέμας
1581 3558 1717 3616 similiter
1733 3558 1772 3615 de
1795 3561 1860 3618 ele-

242 3661 271 3698 τι
282 3641 375 3719 κράσει
394 3663 422 3699 τι
436 3643 481 3699 καί
493 3640 587 3699 είδισιν
602 3638 772 3716 ίκριάκτσισι,
792 3639 831 3698 ότι
845 3641 1023 3719 νιικεσγεννή-
1069 3646 1174 3704 mentis
1192 3658 1360 3722 usurpatur.
1379 3645 1437 3704 Nec
1455 3645 1569 3704 abludit
1587 3647 1739 3706 Lucretius
1755 3647 1812 3708 lib.
1830 3637 1860 3706 ll

244 3749 325 3785 τοισιν
337 3718 428 3806 (odon)
442 3726 565 3794 δύσκολός
576 3749 664 3805 σφισιν
676 3726 741 3805 ὀργή
757 3727 846 3806 (ἐστιν)
861 3746 927 3805 quae
939 3748 1024 3806 supe-
1069 3751 1116 3793 vs.
1133 3733 1208 3790 1113
1230 3753 1237 3788 ι
1255 3752 1343 3791 «nam
1359 3752 1411 3791 sua
1425 3733 1547 3810 cuique,
1559 3733 1713 3809 inquiens,
1726 3734 1807 3793 locis
1822 3757 1861 3794 ex

244 3814 374 3874 rioribus
397 3814 471 3872 bene
486 3813 663 3893 respondent
686 3833 694 3875 t
718 3813 768 3872 όσα
791 3823 885 3893 κρᾶσιν
906 3814 1022 3894 ἐπαρκέα
1068 3818 1331 3892 omnibus‚omnia
1344 3820 1439 3899 plagis
1451 3839 1575 3899 corpora
1585 3820 1812 3880 distribuuntur
1830 3839 1860 3882 et

243 3901 316 3960 έασιν
327 3944 336 3973 ,
349 3903 471 3972 ἀλλήλους
484 3900 637 3980 ὀστερκται,
651 3901 802 3977 θμοιωθέντ’
817 3901 962 3982 Ἀφροδίτῃ.
1067 3906 1103 3965 ad
1116 3901 1169 3966 κου’
1180 3907 1256 3966 secla
1269 3908 1407 3967 recedunt
1421 3929 1428 3964 ι

284 3989 331 4048 Vs.
348 4009 415 4060 271.
428 3989 490 4068 ιῇδι
503 3987 550 4062 μίν
565 3987 644 4068 κτλ]
654 3989 822 4066 Simplicius
836 3990 925 4066 Phys.
944 3990 962 4047 l.
984 3999 1020 4062 74

243 4075 272 4135 b.
299 4075 472 4134 Particulam
487 4065 531 4134 σόν
552 4076 676 4134 inseruit
693 4075 871 4135 Karstenius.
889 4077 1022 4136 Ostendit

243 4163 292 4221 hic
304 4181 421 4240 quoque
438 4183 558 4236 versus,
574 4175 713 4240 quantum
727 4164 857 4222 Fortuna
872 4164 903 4221 in
922 4183 1018 4222 rernm

243 4265 354 4310 naturae
385 4248 509 4330 corpore
532 4251 690 4310 secundnm
724 4249 929 4328 Empedoclem
963 4271 1020 4309 va·
1065 4251 1117 4310 ubi
1138 4251 1190 4310 alii
1210 4255 1309 4327 legunt
1323 4269 1445 4326 aeraque
1460 4269 1521 4320 aer,
1536 4248 1639 4306 nehac
1653 4248 1774 4327 quidem
1791 4272 1861 4310 mu·

243 4343 311 4399 leat.
1066 4340 1174 4397 tatione
1188 4337 1385 4416 Empedocleae
1399 4337 1572 4396 imitationis
1585 4337 1708 4412 vestigia
1727 4335 1860 4398 abolen-

282 4425 331 4485 Vs.
347 4447 416 4498 σγα.
428 4425 473 4485 καλ
487 4423 596 4486 καθόσον
608 4428 669 4486 κτλ.
682 4424 692 4504 ]
711 4423 881 4502 Simplicius
895 4424 983 4502 Phys.
999 4427 1019 4486 f.
1067 4439 1117 4487 tes.
1128 4427 1213 4496 Quod
1227 4425 1373 4502 reliquum
1386 4437 1428 4482 est
1440 4423 1568 4482 Steinins
1582 4441 1636 4501 pro
1657 4423 1739 4500 δέμας
1755 4438 1862 4484 tenta-

243 4519 281 4584 74
301 4511 322 4570 b
342 4513 419 4571 hunc
440 4526 468 4571 et
490 4511 701 4592 praecedentem
722 4513 899 4571 versiculum
922 4511 1021 4570 laudat
1065 4512 1115 4570 bat
1132 4512 1207 4590 μένος
1221 4530 1324 4590 parum
1341 4509 1545 4588 probabiliter.
1695 4585 1698 4590 Δ

242 4601 288 4659 bis
302 4599 400 4659 verbis
416 4621 422 4657 :
438 4599 484 4658 καλ
500 4599 588 4658 πολλὰ
600 4599 630 4660 ἄν
651 4623 691 4668 τις
702 4599 811 4679 ιθρσιέκ
821 4604 874 4660 τῶν
886 4600 1020 4677 ’Eparia-
1104 4600 1153 4661 Vs.
1169 4600 1237 4672 275.
1249 4599 1356 4678 άλφιτον
1374 4597 1455 4676 κτλ]
1472 4595 1641 4656 Aristoteles
1653 4595 1778 4658 lleteor.
1803 4599 1862 4670 lv,

241 4689 333 4753 κλέους
346 4690 461 4767 φυσικῶν
471 4691 579 4746 τοιαῦτα
591 4685 769 4766 παραθέσθαι,
780 4685 870 4767 ὥσπερ
879 4684 925 4744 καί
934 4690 1018 4745 τοῦτο·
1066 4696 1083 4756 4
1097 4706 1162 4766 pag.
1178 4689 1234 4746 382
1249 4685 1295 4747 ed.
1309 4685 1429 4746 Belsker.
1442 4703 1450 4745 τ
1465 4683 1496 4742 sb
1506 4683 1557 4763 γόρ
1571 4683 1648 4764 θγρόν
1663 4689 1700 4762 τῷ
1714 4683 1791 4767 ξηρῷ
1809 4691 1858 4747 αἴ-

242 4775 305 4853 τῇδε
326 4777 374 4852 μὲν
393 4773 476 4845 ἰότητι
490 4774 571 4854 τιίχης
588 4773 748 4855 πιφρόνηκεν
763 4773 882 4832 ἅπαντα·
901 4772 946 4832 καὶ
962 4775 1019 4850 μετ’
1064 4798 1118 4834 τισν
1135 4777 1180 4834 τοῦ
1195 4773 1344 4876 ὁρίζεσθαι,
1356 4772 1402 4830 καθ
1420 4769 1543 4851 ἑκάτερον
1562 4771 1678 4852 έκατέριρ
1695 4761 1751 4830 οἷον
1765 4775 1861 4835 κόλλα

241 4859 343 4942 ὀλίγον·
353 4863 399 4921 καὶ
409 4861 519 4922 καθόσον
530 4861 578 4939 μὲν
590 4861 735 4942 άραιότατα
747 4860 884 4942 ξυνίκυρσε
896 4859 1018 4922 πεσόντα.
1064 4852 1188 4932 γίγνεται,
1197 4873 1285 4930 ωσπιρ
1296 4852 1341 4910 καί
1352 4851 1537 4927 Ἐμπεδοκλῆς
1546 4851 1667 4920 ἐποίησεν
1679 4851 1706 4908 ί*
1720 4855 1780 4918 τοῖς
1792 4857 1862 4914 Φυ-

1097 4053 1184 4104 humor
1195 4055 1225 4104 sd
1241 4055 1376 4113 humarent.
1387 4058 1490 4104 terreno
1502 4067 1608 4117 corpore
1622 4060 1684 4103 terra

1096 4125 1192 4188 crescit,
1203 4128 1228 4175 et
1238 4125 1317 4188 ignem
1328 4125 1394 4188 ignes
1405 4125 1553 4189 procudunt,
1565 4125 1714 4188 ceteraque
1723 4125 1826 4190 aeriter,

242 4951 350 5010 Sensus
363 4951 480 5010 videtur
493 4970 555 5010 esse
570 4972 577 5008 :
595 4975 608 5004 α
633 4963 743 5029 quanto
762 4950 910 5008 tenuiores
925 4959 1020 5025 partes
1065 4946 1173 5008 οικσῖςι
1193 4940 1301 5018 άλφιτον
1315 4939 1391 4999 όδατι
1408 4929 1551 5010 κσλλήσας.
1567 4963 1580 4990 υ
1595 4936 1675 4996 ldem
1696 4939 1862 5001 Problem.

240 5041 272 5097 in
286 5059 408 5118 corpore
422 5040 549 5098 humano
560 5039 634 5097 sorte
652 5051 834 5115 congregatae
848 5049 930 5108 sunt,
942 5047 1021 5094 tanto
1064 5029 1142 5101 xttt,
1156 5049 1193 5086 aa
1206 5049 1236 5106 p.
1253 5047 1311 5104 9²9
1323 5027 1368 5088 ed.
1381 5027 1499 5086 bekker.
1513 5046 1520 5086 :
1534 5025 1615 5104 κόλλῃ
1626 5023 1677 5103 γὰρ
1684 5031 1791 5104 χρῆται
1805 5031 1863 5102 (τὸ

240 5127 383 5187 acutiores
397 5125 554 5188 suntoculi
573 5147 606 5186 ac
616 5126 748 5186 velocior
764 5143 845 5185 inens
857 5137 900 5184 est
933 5149 946 5176 ν
957 5123 1014 5192 vel,
1065 5118 1172 5199 ἄλευρον
1182 5115 1191 5198 l
1203 5115 1241 5194 τῷ
1252 5115 1340 5187 ὕδατι,
1357 5113 1447 5194 ὥσπερ
1457 5112 1502 5174 καλ
1517 5112 1701 5190 Ἐμπιδσκλῆς
1716 5115 1863 5198 γιιτήνεγ.
