3708 5916
257 447 317 502 mr
799 407 1336 490 urrrocuscouurnr'rrros

253 568 403 648 ματείῳ,τῇ
419 561 673 646 μννίμῃάναγνῶτά
687 561 872 640 πεπραγμίνα,
885 560 944 620 τότε
957 557 1039 640 κρίνει
1082 556 1164 628 (troc
1187 555 1214 626 ἔξ
1238 555 1363 634 ἀνάγκης.
1405 549 1484 634 Ῥᾷον
1499 549 1551 630 γάρ
1572 551 1761 632 ἐπιμετρῆσαι
1775 545 1851 618 τύνάύ

252 657 316 734 πρὸς
330 656 360 714 τὸ
376 655 545 736 παράδειγμα
560 649 718 710 ἀποθλίπυιν
731 649 775 709 τὸν
790 649 878 726 νόμον,
897 647 943 707 καὶ
956 645 1039 728 pnpi-
1084 645 1210 726 θρῶπινον
1235 643 1343 722 βίουτῇ
1367 639 1509 721 εύλογίστῳ
1531 639 1640 720 χρήσει,
1662 645 1715 699 τοῦ
1746 625 1851 714 mccli

252 746 325 814 ζεται
346 748 425 820 τιμῆς
439 740 457 813 ἢ
472 741 579 814 ἀτιμίας
603 739 693 798 ἑαυτὸν
710 738 791 807 ἀξιον.
835 735 869 797 Ἦ
886 735 914 796 dl
930 739 1038 807 τοιαύτη
1083 738 1243 814 μεταρῦναι·
1259 727 1538 808 θγένοιτ’θνδιάτῆς
1554 727 1618 808 πρὸς
1638 728 1764 808 θεωρίαν
1786 715 1851 802 παντί

253 831 311 891 καθ’
333 829 434 908 ἡμίραν
460 823 686 907 παρακολούθησιε
718 822 828 890 θεοειθίς
855 823 963 902 ἀγαλμα
993 820 1037 878 τὸν
1082 821 1320 900 λοῦςάπιστρορῆς.
1366 816 1421 877 Καὶ
1441 816 1528 882 ἀλλους
1542 815 1569 874 δὲ
1585 815 1719 888 ἀδύνατον
1747 815 1851 896 ἀθορύύι

252 919 389 1000 γριίιμενον
404 917 541 986 ἀποτελεῖ,
556 913 715 992 προσθήκαις
737 912 783 972 καί
805 909 958 994 ἀραιρίσεοι
973 907 1038 989 πρὸς
1082 909 1229 982 κτήσασθαι
1251 907 1299 980 τὴν
1323 908 1460 982 ἀλήθειαν,
1475 905 1513 983 μὴ
1537 909 1589 964 τῶν
1612 906 1723 985 ἀλόγων
1744 905 1851 982 ἀυνάμω

252 987 283 1066 τύ
296 1011 343 1078 τῆς
358 1009 453 1086 ἀρετῆς
473 1005 568 1069 κάλλος
582 1003 804 1080 παιδαγωγοῦοα,
819 997 865 1057 καλ
879 1000 914 1064 ῶς
935 986 988 1055 οἶόν
1009 1019 1038 1054 τε
1082 1002 1145 1072 ἡμῖν
1155 1007 1212 1065 ταῖς
1221 999 1325 1068 ἠθικαῖς
1336 997 1440 1076 ἀρεταῖς
1450 993 1521 1052 κατά
1532 999 1591 1054 νοῦν
1601 992 1791 1071 τεταγμένων.
1804 991 1851 1051 lls't

253 1093 388 1174 ἄνθρωπον
410 1091 508 1172 ἀγαθὸν
522 1091 697 1149 ἀποτελοῦσα.
741 1089 788 1154 Et<
801 1091 878 1146 τοῦτο
890 1083 942 1164 γθιρ
956 1083 1037 1143 κατέ-
1081 1085 1133 1166 γὰρ
1146 1077 1210 1144 ούσα
1225 1089 1242 1156 ἡ
1257 1083 1351 1160 λογικὴ
1365 1083 1437 1164 ψυχὴ
1452 1087 1497 1141 νοῦ
1510 1081 1557 1140 καί
1577 1083 1703 1159 ἀλογίας,
1718 1079 1783 1138 τότε
1803 1080 1851 1156 με’-,ο

252 1181 328 1255 ληξεν
344 1185 357 1240 θ
375 1179 467 1257 λόγος,
491 1179 594 1257 μέλλων
619 1175 785 1254 μεταόαίνειν
808 1174 853 1236 tri
875 1171 909 1233 τά
931 1171 1037 1234 θεοποιά
1082 1171 1285 1252 ἀπερισπάστως
1296 1171 1403 1232 δύναται
1415 1169 1530 1228 συνεῖναι
1541 1171 1579 1248 τῷ
1588 1169 1641 1246 πρὸ
1654 1171 1744 1238 αὐτῆς
1755 1170 1806 1246 νῷ,
1817 1167 1851 1226 dn

253 1267 475 1352 παραγγέλματα.
1082 1259 1185 1342 καθαρά
1199 1261 1326 1338 γενομένη
1338 1265 1392 1331 ’τῆς
1411 1261 1463 1315 τῶν
1486 1259 1544 1336 μετ’
1568 1259 1651 1329 αὐτὴν
1673 1256 1851 1334 προπαθείας

1072 1348 1202 1429 Ικαθαρῶς
1224 1349 1373 1428 ίράπτηται
1388 1347 1502 1408 ίκείνων.
1544 1342 1644 1406 Ἔσται
1670 1345 1698 1404 δὲ
1715 1344 1851 1419 καθαρά,ί

531 1405 598 1466 XX‘
622 1411 752 1463 ΑΗΒ·
1082 1437 1163 1514 μηδίν
1173 1443 1206 1516 τῇ
1219 1435 1401 1516 ἀλογία,μν,δί
1413 1437 1451 1515 τῷ
1462 1435 1548 1514 θνητῷ
1559 1434 1667 1509 σώματι
1680 1433 1851 1512 συνεκρίροιη

315 1551 560 1614 Ταύταπόνει,ταύτ’
573 1549 797 1612 ἐκμελὲτα,τούτων
810 1548 856 1612 χρὴ
868 1547 922 1613 ἱρᾶν
933 1563 974 1610 ct,
1081 1528 1116 1591 ὡς
1134 1525 1201 1596 ἄλλη
1218 1523 1245 1582 dl
1269 1523 1356 1582 ἀλλων
1374 1522 1540 1598 ἐπιμελοῖτο,
1556 1527 1681 1581 τοσοῦτον
1696 1523 1793 1585 αἰετοῖς
1813 1523 1851 1618 ἀπε

314 1625 387 1674 ταῦτα
398 1639 425 1671 σε
435 1627 475 1680 τῆς
490 1623 550 1678 θείης
562 1621 641 1684 ἀρετῆς
651 1621 755 1684 είςῑχνια
768 1619 850 1677 θήοει·
1080 1611 1195 1684 νέμουσα
1207 1611 1357 1692 φροντίδος,
1370 1607 1430 1670 ὅσον
1445 1613 1459 1667 θ
1473 1611 1539 1676 θεῖος
1551 1607 1653 1666 κελεύει
1667 1607 1772 1682 νόμος,
1782 1605 1851 1680 ἔξαγε

315 1696 350 1742 ”²¹
362 1695 395 1756 μὰ
409 1693 562 1774 τὸ”,θμῑτέθθ
574 1695 639 1754 lulli
651 1689 784 1756 παραδόντα
794 1687 928 1754 “lim''
1081 1699 1172 1762 ἑαυτὸν
1191 1705 1332 1779 πειρᾶσθαι
1347 1697 1385 1775 μὴ
1401 1701 1555 1778 συγχωρῶν,
1570 1694 1640 1753 ἀλλά
1659 1695 1819 1770 περιμένειν
1832 1695 1851 1752 ἓν

313 1763 391 1824 παγὰν
403 1763 487 1810 &ww
500 1763 599 1824 φύσως·
614 1785 644 1796 ““
1081 1787 1112 1844 ἀν
1129 1790 1143 1845 θ
1157 1787 1212 1854 θεὸς
1227 1788 1303 1853 αὐτὸς
1317 1785 1438 1866 ἀπολύσῃ
1449 1791 1528 1860 ἡμᾶς.
1569 1787 1667 1852 Λεπτῆς
1676 1773 1723 1841 οὖν
1738 1786 1851 1860 &pariat

291 1879 375 1937 Τοῦτ’
392 1867 436 1952 ἦν,
454 1875 530 1935 θκαλ
545 1877 571 1934 tv
587 1875 883 1956 Προοιμίοιςάλέγομεν,
903 1869 1037 1949 ὅτιὴμίν
1080 1874 1187 1954 τοιαύτῃ
1211 1877 1284 1955 ψυχῇ
1301 1873 1555 1944 tricet-uoluat<
1578 1872 1627 1946 μὲν
1642 1871 1711 1949 πρὸς
1730 1870 1769 1928 ct
1790 1871 1851 1932 κόνι

252 1963 386 2047 πρακτικὴ
398 1963 536 2042 ρελοσορία
550 1961 593 2021 διά
607 1967 653 2036 τῆς
675 1967 727 2020 τῶν
743 1965 840 2044 ἀρετῶν
855 1962 971 2034 κτήσεως
992 1959 1035 2019 τὸν
1080 1963 1127 2034 τὴν
1153 1963 1261 2043 ἀλογίαν
1283 1962 1441 2032 ταττούσης·
1454 1967 1615 2040 θεωρητικῆς
1629 1959 1659 2018 δὲ
1674 1959 1744 2037 πρὸς
1759 1959 1795 2016 τά
1808 1959 1851 2018 ἀνα

253 2053 388 2131 ἄνθρωπον
402 2051 497 2128 ἀγαθὸν
513 2051 650 2122 ἀποτελεῖ,
667 2054 683 2122 ἡ
700 2051 726 2108 dl
742 2049 886 2130 θεωρητικὴ
901 2053 937 2116 είς
949 2047 1036 2126 θμοιό-
1079 2051 1193 2122 τὴντῶν
1213 2049 1368 2130 κρειττόνων
1382 2048 1520 2109 συνουσίαν
1535 2046 1725 2126 προξενούσης.
1774 2045 1851 2106 Τιῖινί

252 2161 319 2210 τητα
342 2139 411 2198 Θεοῦ
428 2137 585 2212 καθίστησι,
608 2141 653 2195 νοῦ
677 2135 722 2196 καλ
745 2139 866 2210 ἀληθείας
892 2135 1036 2215 ἐλλάμψει·
1082 2141 1180 2199 διπλῶν
1200 2137 1298 2198 τούτων
1321 2140 1420 2217 ἀρετῶν
1443 2136 1562 2214 μεθόριον
1577 2133 1713 2214 ἔγκεινται
1727 2135 1754 2191 ol
1769 2137 1851 2190 τοιούπ

252 2229 424 2308 προηγεῖσθαι
438 2223 466 2283 di
475 2269 484 2303 ,
500 2227 536 2292 ῶς
549 2225 612 2304 πρὸς
628 2229 713 2303 ἡμᾶς,
729 2225 763 2283 τά
778 2227 904 2284 ἐλάττονα
917 2227 968 2283 τῶν
981 2247 1037 2302 μει·
1081 2225 1181 2303 στίχοι·
1203 2225 1234 2284 τθ
1248 2223 1308 2302 μίν,
1327 2229 1411 2284 ταῦτα
1432 2221 1545 2282 πόνει·
1566 2222 1658 2280 ταῦτ’
1679 2220 1851 2295 ἐκμελέτο

269 2339 1851 2366 Μ

253 2423 296 2480 rii
317 2423 476 2492 turbamur,
499 2422 582 2478 facilc
606 2431 766 2478 excusetur.
783 2420 921 2478 Praeterea
935 2423 1035 2495 quoti·
1382 2419 1450 2478 XX.
1472 2416 1569 2485 45-48.

254 2509 345 2566 ἀίοιιοι
361 2512 422 2564 vitre
437 2509 599 2566 recordatio
615 2507 647 2564 fit
661 2508 790 2581 quaedam
806 2510 886 2580 quasi
900 2511 1036 2564 exercita·
1143 2559 1154 2606 l
1196 2527 1235 2607 1,·
1255 2555 1298 2607 sb.
1335 2555 1390 2605 ,abo
1419 2554 1494 2604 udum
1513 2559 1562 2604 ab
1579 2553 1636 2602 m
1662 2552 1800 2602 modim·
1820 2552 1851 2600 Μ

253 2598 295 2652 tio
314 2597 479 2652 revolvendi
499 2597 725 2670 nobiscumque
743 2598 773 2650 in
793 2597 891 2670 priore
906 2598 1035 2670 vitaegi·
1157 2571 1172 2606 Π
1205 2571 1234 2608 ¹¹⁸
1267 2569 1299 2606 ¹¹
1321 2570 1335 2606 ε
1392 2569 1418 2605 η
1554 2591 1562 2615 ’
1657 2589 1847 2687 [ω’ωγ

254 2700 333 2757 mus,
362 2693 447 2756 atquc
471 2703 505 2739 eo
533 2685 625 2753 valet,
643 2695 675 2738 ut
698 2683 917 2738 immortalitatis
936 2694 1036 2738 nostrae
1146 2693 1654 2748 ipa-012tndtvtnaertrtntisvtaststmt2

253 2785 335 2825 sensu
348 2779 504 2845 tangamur.
519 2773 567 2840 At,
584 2771 664 2845 quod
680 2772 806 2839 mireris,
828 2787 916 2845 quum
923 2761 1035 2842 ‘experr-
1144 2783 1186 2832 per
1201 2781 1257 2818 eum
1271 2767 1389 2830 oertequi
1402 2765 1471 2814 nobis
1486 2765 1673 2828 quaternariu-
1686 2766 1851 2842 nomann'lrr

253 2857 349 2911 denda
367 2857 470 2912 dixerit
482 2861 609 2932 siagria,
625 2873 685 2912 non
699 2858 861 2932 subjunxit,
877 2857 947 2931 quid
960 2867 1036 2912 recte
1786 2831 1851 2894 lm*

254 2943 327 2998 ieci?
341 2943 411 3017 quid
434 2963 549 3014 corum,
571 2963 635 3020 quac
658 2944 720 3000 fieri
747 2955 877 3019 oportet,
892 2945 965 3000 leci?
986 2945 1036 3000 sed

253 3031 314 3102 ejus
331 3034 373 3087 rei
389 3047 452 3104 quar
468 3031 568 3088 aiastu
577 3035 716 3088 remotior
726 3043 765 3087 est
777 3033 941 3087 memoriam
955 3050 1037 3106 repc-
1121 3036 1188 3090 Haec
1203 3042 1286 3104 sunt,
1300 3050 1362 3104 quae
1377 3031 1446 3085 etin
1460 3029 1603 3085 Prooemio
1619 3027 1766 3098 diximus,
1781 3027 1851 3100 plrilo

254 3120 314 3188 tiit,
333 3116 370 3174 dc
385 3117 493 3174 delictis
501 3119 642 3192 judicium
655 3119 774 3186 faciens,
787 3137 819 3174 ac
832 3118 959 3190 judicem
969 3136 1037 3172 con·
1082 3123 1212 3196 sophiam
1229 3120 1350 3174 activam
1366 3119 1505 3173 virtutum
1527 3116 1712 3192 possessione
1736 3115 1851 3170 hominen

253 3207 345 3261 stituit
376 3207 567 3279 aequisslrnum
595 3207 678 3262 simul
715 3217 743 3262 et
767 3205 1034 3273 familiarissimum,
1082 3210 1188 3264 bonum
1210 3205 1343 3276 efficere,
1370 3204 1622 3280 contemplativam
1650 3214 1753 3258 autem
1775 3201 1851 3256 mend

254 3293 344 3369 ipsam
374 3296 574 3351 conscientiam
598 3305 627 3350 et
658 3305 764 3350 rectam
791 3296 929 3350 rationem
948 3311 981 3349 ac
1008 3311 1037 3348 se
1082 3296 1249 3352 etveritatis
1273 3294 1380 3350 lumine
1404 3312 1469 3349 cum
1495 3295 1556 3348 Deo
1578 3291 1704 3346 similem
1730 3289 1851 3360 reddere;

254 3383 346 3455 ipsum
361 3381 432 3457 sibi,
447 3401 532 3456 quem
555 3384 684 3438 omnium
706 3385 828 3438 manime
849 3383 942 3438 vereri
955 3400 1035 3456 supc-
1082 3387 1193 3440 minora
1207 3401 1288 3454 vero,
1301 3381 1381 3458 quod
1392 3381 1428 3436 ad
1442 3400 1495 3436 nos
1505 3380 1800 3447 attinet,necessario
1812 3393 1851 3430 ma

254 3469 378 3526 rioribus
403 3472 518 3525 rnonitis
537 3469 690 3526 didicimus
719 3490 727 3526 ι
754 3470 857 3544 ecquid
879 3471 954 3526 enirn
978 3481 1035 3541 est,
1078 3471 1191 3546 juribus
1204 3470 1377 3546 praecedere.
1393 3469 1441 3526 Est
1451 3469 1526 3524 enim
1540 3467 1652 3521 facilius
1663 3467 1761 3522 vitam
1773 3466 1851 3520 huma«

254 3554 335 3628 cujus
349 3557 420 3612 alius
434 3559 520 3614 aliurn
540 3559 580 3614 ita
593 3559 681 3632 possit
696 3557 1037 3630 commonefacere,utse
1082 3581 1147 3617 nam
1170 3560 1206 3616 ad
1232 3560 1350 3615 rationis
1378 3577 1508 3613 nonnam
1534 3555 1690 3630 dirigendo
1732 3556 1851 3620 excolere,

254 3645 315 3718 ipsc
325 3647 437 3720 potest?
450 3647 582 3702 Liberum
595 3648 670 3702 enirn
685 3646 852 3716 arbitrium,
863 3657 971 3700 naturae
982 3665 1038 3701 suae
1083 3668 1166 3722 quam
1188 3665 1308 3722 prorsus
1322 3645 1400 3702 aliud
1412 3646 1466 3700 sibi
1478 3645 1623 3722 ingenium
1640 3643 1785 3720 inducre,
1796 3641 1851 3716 qual

255 3731 387 3788 libertate
417 3735 551 3804 abutens,
584 3734 706 3788 aliorum
740 3733 857 3788 consilia
884 3744 1037 3804 aversatur,
1082 3739 1167 3812 plena
1179 3733 1216 3792 ad
1228 3735 1499 3808 contemplationem
1514 3733 1710 3788 conversione
1729 3731 1851 3790 flatum

253 3823 489 3897 quandocunque
513 3824 568 3879 illis
594 3842 653 3878 non
672 3823 744 3878 libet
758 3821 878 3894 obsequi
895 3841 901 3875 :
919 3831 949 3876 at
965 3823 1037 3878 ratio
1083 3836 1160 3880 terea
1170 3825 1320 3878 veritatem
1332 3821 1482 3894 tranquille
1493 3821 1701 3894 consequinon
1713 3837 1851 3894 possumus,

254 3911 412 3966 domestica
423 3910 581 3966 auscultare
592 3910 647 3965 sibi
658 3911 719 3984 ipsa
731 3927 843 3965 necesse
854 3908 947 3964 habet.
958 3909 1037 3966 Hanc
1082 3914 1135 3969 nisi
1150 3911 1295 3970 facultates
1308 3921 1411 3966 nostrae
1431 3928 1447 3964 a
1468 3922 1546 3966 recta
1559 3909 1675 3964 ratione
1696 3927 1802 3964 aversa
1814 3909 1851 3961 sir«

197 4059 199 4064 ¹
255 3995 333 4052 Deus
348 3996 432 4053 nobis
446 3999 591 4072 praesidem
607 3999 771 4068 constituit,
791 3999 866 4053 lianc
890 3997 992 4053 ducem
1009 4009 1038 4053 et
1084 4009 1175 4055 tutum
1194 4000 1346 4054 moralium
1363 4015 1419 4072 ope
1442 3993 1618 4052 adurentem
1647 3994 1851 4051 accommodat<

253 4085 425 4158 magistram.
441 4089 521 4142 lianc
533 4085 659 4159 judicem
675 4105 793 4160 quoque
802 4087 963 4142 diurnorum
974 4104 1038 4158 ope·
1083 4096 1138 4142 tur.
1150 4088 1243 4158 Quum
1255 4087 1330 4141 enirn
1346 4082 1454 4142 medius
1463 4085 1500 4140 sit
1512 4085 1626 4140 animus
1637 4083 1792 4139 rationalis
1802 4085 1851 4136 inter

252 4189 316 4224 rum
339 4189 455 4227 carmen
477 4173 533 4228 hoc
561 4174 626 4229 loco
649 4173 719 4230 lacit
738 4173 856 4247 ejusque
873 4175 1038 4229 sententiam
1082 4184 1205 4230 mentem
1220 4184 1250 4230 et
1262 4173 1407 4228 facultates
1418 4173 1531 4228 ratione
1540 4181 1687 4240 carentes,
1704 4181 1772 4226 tram
1784 4171 1851 4226 solun

254 4269 415 4332 exspectat,
430 4270 463 4314 nt
478 4261 537 4334 ipsa
555 4279 584 4316 sc
598 4259 684 4316 laude
697 4261 743 4317 vel
757 4261 1038 4335 reprehensionedi-
1082 4263 1130 4318 ille
1142 4264 1246 4331 menti,
1262 4280 1324 4336 quae
1339 4262 1402 4336 ipso
1414 4261 1545 4334 superior
1554 4269 1612 4326 est,
1627 4260 1692 4314 sine
1709 4260 1773 4315 ullo
1789 4261 1851 4331 impe·

253 4363 340 4420 gnam
351 4345 474 4417 judicet.
491 4349 585 4419 Quum
601 4350 677 4404 enim
691 4350 721 4403 in
736 4351 890 4422 memoria,
905 4359 1037 4421 tanquam
1083 4347 1210 4404 dimento
1220 4358 1314 4422 potest
1325 4343 1487 4418 attendere,
1498 4365 1586 4420 quum
1597 4345 1633 4402 ab
1645 4364 1754 4402 corum
1764 4363 1851 4414 amore,

256 4433 287 4486 in
311 4431 433 4507 tabella,
451 4433 524 4488 sacta
541 4452 591 4490 sua
605 4432 692 4509 legit,
706 4445 766 4490 turn
783 4436 937 4510 exemplar,
953 4434 1039 4490 idest
1083 4455 1145 4512 quae
1169 4439 1231 4514 ipso
1247 4435 1386 4495 inferiora
1411 4446 1493 4504 sunt,
1509 4452 1599 4510 purus
1613 4433 1710 4490 iactus
1724 4435 1783 4490 illis
1800 4443 1851 4489 castr

255 4517 364 4592 legem,
387 4519 539 4593 respiciens
550 4519 680 4592 judicat,
701 4532 772 4578 etse
795 4522 840 4576 vel
859 4522 971 4576 honore
992 4520 1037 4577 vel
1082 4527 1182 4584 utitur.
1201 4526 1263 4580 Erit
1281 4534 1377 4580 autern
1390 4540 1494 4598 purus,
1515 4523 1539 4578 si
1555 4540 1609 4576 nec
1623 4521 1810 4578 facultatibus
1821 4538 1851 4574 n-

255 4605 398 4664 dedecorc
411 4606 524 4682 dignam
538 4625 596 4664 csse
610 4610 787 4683 pronuntiat.
800 4609 950 4682 Ejusmodi
968 4627 1038 4664 vero
1083 4615 1161 4670 tione
1177 4615 1289 4681 vacuis,
1304 4629 1358 4666 nec
1375 4610 1489 4666 mortali
1505 4610 1622 4682 corpori
1644 4610 1769 4665 omnino
1793 4610 1851 4664 olsc-

256 4696 329 4750 ratio
343 4695 473 4769 quotidie
486 4695 635 4752 observata
649 4715 714 4752 euru
730 4697 781 4770 qui
801 4698 848 4752 illa
861 4699 952 4754 utitur
965 4698 1038 4753 ima·
1083 4711 1197 4774 quatur,
1211 4699 1282 4772 sed,
1297 4711 1329 4756 ut
1340 4699 1428 4772 alius,
1442 4698 1565 4754 aliorum
1582 4714 1683 4752 curam
1697 4709 1800 4772 gerat,
1809 4708 1851 4751 tan·

253 4782 351 4856 ginem
374 4785 436 4840 Deo
458 4783 577 4839 similem
601 4782 701 4856 eflicit,
716 4783 850 4841 addendo
873 4795 901 4842 et
924 4785 1037 4840 subtra-
1083 4799 1144 4843 turn
1160 4789 1215 4844 illis
1234 4805 1308 4843 curre
1332 4783 1518 4862 impendens,
1541 4795 1680 4857 quantum
1701 4785 1804 4840 divina
1821 4784 1851 4837 tex

255 4871 350 4928 lr‘endo
361 4874 399 4930 ad
414 4873 525 4930 virtutis
536 4873 778 4950 pulchritudinem
785 4875 920 4950 paulatim
930 4875 1037 4950 perdu·
1082 4875 1227 4951 praecipit,
1239 4892 1301 4949 quae
1314 4884 1347 4930 ut
1365 4873 1429 4948 quis
1441 4873 1500 4928 viru
1512 4871 1568 4928 sibi
1579 4873 1638 4946 ipsc
1658 4871 1769 4928 inferre
1784 4887 1848 4928 cone-

255 4975 323 5014 cens
348 4971 391 5032 et,
411 4962 509 5038 quoad
533 4961 596 5020 fieri
621 4973 731 5040 potest,
758 4963 905 5020 hominem
929 4963 1037 5018 bonum
1083 4973 1139 5036 tur,
1154 4983 1214 5020 non
1235 4962 1385 5032 concedit,
1407 4958 1458 5016 scd
1472 4971 1636 5035 exspectare
1654 4959 1754 5032 jubet,
1778 4962 1848 5018 donec

255 5045 390 5106 reddens.
415 5051 449 5104 ln
473 5049 530 5106 hoc
553 5052 630 5107 enim
644 5069 760 5108 carmen
774 5048 894 5122 desinit,
913 5051 951 5108 ad
966 5069 1038 5126 prac-
1082 5052 1228 5128 Deusipse
1241 5068 1294 5106 nos
1309 5049 1458 5108 dimiserit.
1471 5048 1586 5123 Duplici
1599 5065 1670 5121 ergo
1680 5050 1792 5105 virtute
1801 5049 1849 5120 eju·

254 5145 353 5210 cepta,
377 5156 440 5214 quae
461 5139 591 5197 homines
614 5139 723 5196 iaciunt
748 5137 832 5214 deos,
849 5137 909 5214 jam
936 5140 1038 5196 transi·
1082 5139 1163 5196 modi
1183 5139 1277 5196 animo
1292 5155 1364 5214 opus
1384 5135 1457 5206 crit,
1480 5136 1558 5192 civili
1575 5133 1614 5192 ad
1633 5135 1791 5210 iuferiora,
1808 5151 1848 5210 que

256 5229 362 5280 turum.
846 5229 848 5235 '
1082 5237 1162 5304 regat
1181 5226 1326 5284 facultates
1338 5221 1458 5282 rationis
1473 5233 1621 5300 expertes,
1643 5225 1846 5300 contemplativa

1145 2909 1235 2958 lontrm
1249 2905 1359 2969 perennis
1371 2906 1471 2954 aalma.
1481 2929 1513 2944 -
