<?xml version="1.0" encoding="UTF-8"?>
<!DOCTYPE html PUBLIC "-//W3C//DTD XHTML 1.0 Transitional//EN"
    "http://www.w3.org/TR/xhtml1/DTD/xhtml1-transitional.dtd">
<html xmlns="http://www.w3.org/1999/xhtml" xml:lang="en" lang="en">
 <head>
  <title>
</title>
<meta http-equiv="Content-Type" content="text/html;charset=utf-8" />
  <meta name='ocr-system' content='tesseract 3.04.00' />
  <meta name='ocr-capabilities' content='ocr_page ocr_carea ocr_par ocr_line ocrx_word'/>
</head>
<body>
  <div class='ocr_page' id='page_1' title='image "./fragmentaphilos03mullgoog/fragmentaphilos03mullgoog_0056.png"; bbox 0 0 3840 5924; ppageno 0'>
   <div class='ocr_carea' id='block_1_1' title="bbox 458 336 1648 418">
    <p class='ocr_par' dir='ltr' id='par_1_1' title="bbox 458 336 1648 418">
     <span class='ocr_line' id='line_1_1' title="bbox 458 336 1648 418; baseline -0.006 -12"><span class='ocrx_word' id='word_1_1' title='bbox 458 343 497 406; x_wconf 81' lang='grc' dir='ltr'><strong>ΙΝ</strong></span> <span class='ocrx_word' id='word_1_2' title='bbox 520 342 765 404; x_wconf 77' lang='lat' dir='ltr'><strong>tuernocus</strong></span> <span class='ocrx_word' id='word_1_3' title='bbox 786 341 1000 402; x_wconf 79' lang='lat' dir='ltr'><strong>cnttltlrtutu</strong></span> <span class='ocrx_word' id='word_1_4' title='bbox 1014 336 1242 418; x_wconf 52' lang='lat' dir='ltr'><strong>‚teutonus</strong></span> <span class='ocrx_word' id='word_1_5' title='bbox 1617 351 1648 401; x_wconf 78' lang='lat' dir='ltr'><strong>tt</strong></span> 
     </span>
    </p>
   </div>
   <div class='ocr_carea' id='block_1_2' title="bbox 46 469 1667 5087">
    <p class='ocr_par' dir='ltr' id='par_1_2' title="bbox 46 469 1654 640">
     <span class='ocr_line' id='line_1_2' title="bbox 46 469 1654 554; baseline 0.001 -25"><span class='ocrx_word' id='word_1_6' title='bbox 46 470 172 552; x_wconf 51' lang='lat' dir='ltr'><strong>lieet&amp;</strong></span> <span class='ocrx_word' id='word_1_7' title='bbox 189 473 262 532; x_wconf 82' lang='grc' dir='ltr'>ίστιν</span> <span class='ocrx_word' id='word_1_8' title='bbox 282 472 435 546; x_wconf 80' lang='grc' dir='ltr'>θλάλησθαί</span> <span class='ocrx_word' id='word_1_9' title='bbox 455 498 500 552; x_wconf 91' lang='grc' dir='ltr'><strong>μιν</strong></span> <span class='ocrx_word' id='word_1_10' title='bbox 511 497 615 554; x_wconf 76' lang='grc' dir='ltr'>γιγνομ.</span> <span class='ocrx_word' id='word_1_11' title='bbox 634 480 746 532; x_wconf 72' lang='grc' dir='ltr'>παντοῖα</span> <span class='ocrx_word' id='word_1_12' title='bbox 761 472 830 532; x_wconf 81' lang='lat' dir='ltr'><strong>dieo</strong></span> <span class='ocrx_word' id='word_1_13' title='bbox 880 485 1048 545; x_wconf 77' lang='lat' dir='ltr'>annectere,</span> <span class='ocrx_word' id='word_1_14' title='bbox 1073 471 1219 549; x_wconf 89' lang='lat' dir='ltr'><strong>quomodo</strong></span> <span class='ocrx_word' id='word_1_15' title='bbox 1240 470 1390 548; x_wconf 79' lang='lat' dir='ltr'><strong>AEschylus</strong></span> <span class='ocrx_word' id='word_1_16' title='bbox 1409 471 1476 530; x_wconf 82' lang='lat' dir='ltr'><strong>iacit</strong></span> <span class='ocrx_word' id='word_1_17' title='bbox 1500 472 1532 530; x_wconf 92' lang='lat' dir='ltr'><strong>in</strong></span> <span class='ocrx_word' id='word_1_18' title='bbox 1551 469 1654 550; x_wconf 88' lang='lat' dir='ltr'><strong>Suppl.</strong></span> 
     </span>
     <span class='ocr_line' id='line_1_3' title="bbox 47 559 1008 640; baseline -0.002 -22"><span class='ocrx_word' id='word_1_19' title='bbox 47 567 83 618; x_wconf 89' lang='grc' dir='ltr'><strong>θν.</strong></span> <span class='ocrx_word' id='word_1_20' title='bbox 98 560 143 618; x_wconf 79' lang='grc' dir='ltr'><strong>διά</strong></span> <span class='ocrx_word' id='word_1_21' title='bbox 164 561 244 640; x_wconf 78' lang='grc' dir='ltr'>χρέος</span> <span class='ocrx_word' id='word_1_22' title='bbox 261 569 430 620; x_wconf 78' lang='lat' dir='ltr'><em>necessitate</em></span> <span class='ocrx_word' id='word_1_23' title='bbox 443 569 543 620; x_wconf 79' lang='lat' dir='ltr'><strong>uarios</strong></span> <span class='ocrx_word' id='word_1_24' title='bbox 557 565 712 618; x_wconf 77' lang='lat' dir='ltr'><em>induentem</em></span> <span class='ocrx_word' id='word_1_25' title='bbox 728 575 830 618; x_wconf 85' lang='lat' dir='ltr'><strong>mortn-</strong></span> <span class='ocrx_word' id='word_1_26' title='bbox 878 581 908 620; x_wconf 87' lang='lat' dir='ltr'><strong>v.</strong></span> <span class='ocrx_word' id='word_1_27' title='bbox 926 559 982 617; x_wconf 81' lang='lat'><strong>353</strong></span> <span class='ocrx_word' id='word_1_28' title='bbox 1001 583 1008 615; x_wconf 89' lang='lat'>:</span> 
     </span>
    </p>

    <p class='ocr_par' dir='ltr' id='par_1_3' title="bbox 48 647 1665 3862">
     <span class='ocr_line' id='line_1_4' title="bbox 50 647 831 726; baseline 0.004 -23"><span class='ocrx_word' id='word_1_29' title='bbox 50 654 117 704; x_wconf 85' lang='lat' dir='ltr'><strong>lium</strong></span> <span class='ocrx_word' id='word_1_30' title='bbox 129 647 258 720; x_wconf 84' lang='lat' dir='ltr'><strong>formas.</strong></span> <span class='ocrx_word' id='word_1_31' title='bbox 281 648 384 726; x_wconf 83' lang='lat' dir='ltr'>Neque</span> <span class='ocrx_word' id='word_1_32' title='bbox 402 662 497 707; x_wconf 88' lang='lat' dir='ltr'><strong>tamen</strong></span> <span class='ocrx_word' id='word_1_33' title='bbox 511 651 553 707; x_wconf 92' lang='lat' dir='ltr'><strong>sic</strong></span> <span class='ocrx_word' id='word_1_34' title='bbox 565 649 646 707; x_wconf 90' lang='lat' dir='ltr'><strong>locus</strong></span> <span class='ocrx_word' id='word_1_35' title='bbox 663 647 831 725; x_wconf 72' lang='lat' dir='ltr'><strong>perbanatus</strong></span> 
     </span>
     <span class='ocr_line' id='line_1_5' title="bbox 48 725 832 814; baseline 0 -22"><span class='ocrx_word' id='word_1_36' title='bbox 48 737 173 794; x_wconf 83' lang='lat' dir='ltr'><strong>ridetur.</strong></span> <span class='ocrx_word' id='word_1_37' title='bbox 184 735 327 810; x_wconf 80' lang='lat' dir='ltr'><strong>Bergkius</strong></span> <span class='ocrx_word' id='word_1_38' title='bbox 339 735 466 813; x_wconf 86' lang='lat' dir='ltr'><strong>conjecit</strong></span> <span class='ocrx_word' id='word_1_39' title='bbox 474 735 527 814; x_wconf 84' lang='grc' dir='ltr'>τρίς</span> <span class='ocrx_word' id='word_1_40' title='bbox 537 758 580 811; x_wconf 91' lang='grc' dir='ltr'><strong>μιν</strong></span> <span class='ocrx_word' id='word_1_41' title='bbox 594 733 687 813; x_wconf 80' lang='grc' dir='ltr'>μυρίας</span> <span class='ocrx_word' id='word_1_42' title='bbox 699 725 769 813; x_wconf 77' lang='grc' dir='ltr'>ὧρας</span> <span class='ocrx_word' id='word_1_43' title='bbox 779 733 832 794; x_wconf 79' lang='grc' dir='ltr'>ἀπὸ</span> 
     </span>
     <span class='ocr_line' id='line_1_6' title="bbox 51 819 830 904; baseline -0.003 -24"><span class='ocrx_word' id='word_1_44' title='bbox 51 823 181 904; x_wconf 68' lang='grc' dir='ltr'>μακάρων</span> <span class='ocrx_word' id='word_1_45' title='bbox 206 824 373 894; x_wconf 73' lang='grc' dir='ltr'>ἀλάλησθαι,</span> <span class='ocrx_word' id='word_1_46' title='bbox 396 822 528 900; x_wconf 84' lang='grc' dir='ltr'>γινόμενον</span> <span class='ocrx_word' id='word_1_47' title='bbox 545 829 657 880; x_wconf 78' lang='grc' dir='ltr'>παντοῖα</span> <span class='ocrx_word' id='word_1_48' title='bbox 674 819 717 882; x_wconf 76' lang='lat' dir='ltr'><strong>td</strong></span> <span class='ocrx_word' id='word_1_49' title='bbox 737 819 830 899; x_wconf 73' lang='grc' dir='ltr'>χρόνου</span> 
     </span>
     <span class='ocr_line' id='line_1_7' title="bbox 52 903 1652 987; baseline -0.001 -20"><span class='ocrx_word' id='word_1_50' title='bbox 52 909 122 967; x_wconf 75' lang='grc' dir='ltr'>εἴδεα</span> <span class='ocrx_word' id='word_1_51' title='bbox 145 913 261 981; x_wconf 82' lang='grc' dir='ltr'>θνητῶν.</span> <span class='ocrx_word' id='word_1_52' title='bbox 277 910 311 968; x_wconf 92' lang='lat' dir='ltr'><strong>ln</strong></span> <span class='ocrx_word' id='word_1_53' title='bbox 329 931 388 987; x_wconf 88' lang='lat' dir='ltr'><strong>qua</strong></span> <span class='ocrx_word' id='word_1_54' title='bbox 412 909 581 986; x_wconf 89' lang='lat' dir='ltr'><strong>conjectura</strong></span> <span class='ocrx_word' id='word_1_55' title='bbox 600 903 673 966; x_wconf 91' lang='lat' dir='ltr'><strong>nihil</strong></span> <span class='ocrx_word' id='word_1_56' title='bbox 697 905 833 986; x_wconf 88' lang='lat' dir='ltr'><strong>displicet</strong></span> <span class='ocrx_word' id='word_1_57' title='bbox 878 905 1074 980; x_wconf 83' lang='lat' dir='ltr'><strong>Quamobrem</strong></span> <span class='ocrx_word' id='word_1_58' title='bbox 1089 908 1239 985; x_wconf 87' lang='lat' dir='ltr'><strong>quaeritur,</strong></span> <span class='ocrx_word' id='word_1_59' title='bbox 1255 928 1313 984; x_wconf 89' lang='lat' dir='ltr'><strong>quo</strong></span> <span class='ocrx_word' id='word_1_60' title='bbox 1338 911 1481 985; x_wconf 86' lang='lat' dir='ltr'><strong>pertineat</strong></span> <span class='ocrx_word' id='word_1_61' title='bbox 1498 909 1560 965; x_wconf 83' lang='grc' dir='ltr'>τῶν.</span> <span class='ocrx_word' id='word_1_62' title='bbox 1583 907 1652 965; x_wconf 87' lang='lat' dir='ltr'><strong>Sive</strong></span> 
     </span>
     <span class='ocr_line' id='line_1_8' title="bbox 50 989 1654 1076; baseline -0.003 -22"><span class='ocrx_word' id='word_1_63' title='bbox 50 1010 156 1074; x_wconf 81' lang='lat' dir='ltr'><strong>praeter</strong></span> <span class='ocrx_word' id='word_1_64' title='bbox 170 995 306 1074; x_wconf 85' lang='grc' dir='ltr'>γινόμενον</span> <span class='ocrx_word' id='word_1_65' title='bbox 321 997 401 1075; x_wconf 91' lang='lat' dir='ltr'><strong>quod</strong></span> <span class='ocrx_word' id='word_1_66' title='bbox 412 997 488 1076; x_wconf 84' lang='lat' dir='ltr'>epici</span> <span class='ocrx_word' id='word_1_67' title='bbox 502 999 644 1056; x_wconf 87' lang='lat' dir='ltr'><strong>sermonis</strong></span> <span class='ocrx_word' id='word_1_68' title='bbox 654 989 832 1055; x_wconf 84' lang='lat' dir='ltr'><strong>consuetudo</strong></span> <span class='ocrx_word' id='word_1_69' title='bbox 880 997 969 1072; x_wconf 90' lang='lat' dir='ltr'><strong>igitur</strong></span> <span class='ocrx_word' id='word_1_70' title='bbox 982 996 1113 1054; x_wconf 90' lang='lat' dir='ltr'><strong>eruditus</strong></span> <span class='ocrx_word' id='word_1_71' title='bbox 1131 996 1181 1054; x_wconf 88' lang='lat' dir='ltr'><strong>ille</strong></span> <span class='ocrx_word' id='word_1_72' title='bbox 1194 994 1241 1052; x_wconf 83' lang='lat' dir='ltr'><strong>vir</strong></span> <span class='ocrx_word' id='word_1_73' title='bbox 1257 995 1304 1071; x_wconf 90' lang='lat' dir='ltr'><strong>cuj</strong></span> <span class='ocrx_word' id='word_1_74' title='bbox 1310 1014 1343 1054; x_wconf 89' lang='lat' dir='ltr'><strong>us</strong></span> <span class='ocrx_word' id='word_1_75' title='bbox 1358 995 1477 1052; x_wconf 88' lang='lat' dir='ltr'><strong>memini</strong></span> <span class='ocrx_word' id='word_1_76' title='bbox 1493 1014 1557 1050; x_wconf 85' lang='lat' dir='ltr'><strong>cunr</strong></span> <span class='ocrx_word' id='word_1_77' title='bbox 1569 992 1654 1070; x_wconf 76' lang='lat' dir='ltr'><strong>wyr-</strong></span> 
     </span>
     <span class='ocr_line' id='line_1_9' title="bbox 51 1081 1656 1162; baseline -0.002 -21"><span class='ocrx_word' id='word_1_78' title='bbox 51 1097 99 1142; x_wconf 90' lang='lat' dir='ltr'><strong>aut</strong></span> <span class='ocrx_word' id='word_1_79' title='bbox 114 1085 146 1142; x_wconf 91' lang='lat' dir='ltr'><strong>in</strong></span> <span class='ocrx_word' id='word_1_80' title='bbox 158 1084 330 1162; x_wconf 76' lang='grc' dir='ltr'>γιγνόμενον,</span> <span class='ocrx_word' id='word_1_81' title='bbox 350 1085 591 1162; x_wconf 79' lang='lat' dir='ltr'><strong>quemadmodum</strong></span> <span class='ocrx_word' id='word_1_82' title='bbox 607 1082 832 1142; x_wconf 80' lang='lat' dir='ltr'><strong>Panserbietero</strong></span> <span class='ocrx_word' id='word_1_83' title='bbox 880 1083 1033 1140; x_wconf 87' lang='lat' dir='ltr'><strong>tenbachio</strong></span> <span class='ocrx_word' id='word_1_84' title='bbox 1053 1081 1222 1140; x_wconf 87' lang='lat' dir='ltr'><strong>subaudivit</strong></span> <span class='ocrx_word' id='word_1_85' title='bbox 1240 1081 1379 1162; x_wconf 81' lang='grc' dir='ltr'>μακάρων,</span> <span class='ocrx_word' id='word_1_86' title='bbox 1404 1082 1465 1138; x_wconf 80' lang='lat' dir='ltr'><strong>sive</strong></span> <span class='ocrx_word' id='word_1_87' title='bbox 1482 1081 1560 1156; x_wconf 91' lang='lat' dir='ltr'><strong>quod</strong></span> <span class='ocrx_word' id='word_1_88' title='bbox 1579 1082 1656 1137; x_wconf 83' lang='lat' dir='ltr'><strong>reri·</strong></span> 
     </span>
     <span class='ocr_line' id='line_1_10' title="bbox 52 1166 1656 1249; baseline -0.002 -21"><span class='ocrx_word' id='word_1_89' title='bbox 52 1173 182 1249; x_wconf 82' lang='lat' dir='ltr'><strong>placuit,</strong></span> <span class='ocrx_word' id='word_1_90' title='bbox 195 1185 246 1230; x_wconf 83' lang='lat' dir='ltr'><strong>aut</strong></span> <span class='ocrx_word' id='word_1_91' title='bbox 260 1171 291 1230; x_wconf 92' lang='lat' dir='ltr'><strong>in</strong></span> <span class='ocrx_word' id='word_1_92' title='bbox 305 1171 468 1248; x_wconf 75' lang='grc' dir='ltr'>γεινόμενον,</span> <span class='ocrx_word' id='word_1_93' title='bbox 483 1185 515 1230; x_wconf 92' lang='lat' dir='ltr'><strong>ut</strong></span> <span class='ocrx_word' id='word_1_94' title='bbox 524 1191 578 1246; x_wconf 87' lang='lat' dir='ltr'><strong>ego</strong></span> <span class='ocrx_word' id='word_1_95' title='bbox 589 1172 686 1249; x_wconf 92' lang='lat' dir='ltr'><strong>posui,</strong></span> <span class='ocrx_word' id='word_1_96' title='bbox 703 1171 834 1246; x_wconf 86' lang='lat' dir='ltr'><strong>converti</strong></span> <span class='ocrx_word' id='word_1_97' title='bbox 879 1167 1004 1228; x_wconf 89' lang='lat' dir='ltr'><strong>similius</strong></span> <span class='ocrx_word' id='word_1_98' title='bbox 1022 1181 1063 1227; x_wconf 89' lang='lat' dir='ltr'><strong>est</strong></span> <span class='ocrx_word' id='word_1_99' title='bbox 1079 1167 1114 1225; x_wconf 83' lang='lat' dir='ltr'><strong>ad</strong></span> <span class='ocrx_word' id='word_1_100' title='bbox 1137 1166 1262 1242; x_wconf 79' lang='grc' dir='ltr'>δαίμονας</span> <span class='ocrx_word' id='word_1_101' title='bbox 1281 1169 1406 1238; x_wconf 88' lang='lat' dir='ltr'><strong>rettulit,</strong></span> <span class='ocrx_word' id='word_1_102' title='bbox 1424 1181 1556 1225; x_wconf 90' lang='lat' dir='ltr'><strong>neutrum</strong></span> <span class='ocrx_word' id='word_1_103' title='bbox 1578 1188 1656 1225; x_wconf 89' lang='lat' dir='ltr'><strong>com·</strong></span> 
     </span>
     <span class='ocr_line' id='line_1_11' title="bbox 53 1257 1656 1338; baseline -0.002 -22"><span class='ocrx_word' id='word_1_104' title='bbox 53 1259 192 1336; x_wconf 89' lang='lat' dir='ltr'><strong>postulat.</strong></span> <span class='ocrx_word' id='word_1_105' title='bbox 208 1259 306 1316; x_wconf 85' lang='lat' dir='ltr'><strong>Possis</strong></span> <span class='ocrx_word' id='word_1_106' title='bbox 321 1260 407 1316; x_wconf 90' lang='lat' dir='ltr'><strong>etiam</strong></span> <span class='ocrx_word' id='word_1_107' title='bbox 419 1279 484 1317; x_wconf 89' lang='lat' dir='ltr'><strong>cum</strong></span> <span class='ocrx_word' id='word_1_108' title='bbox 497 1259 608 1317; x_wconf 89' lang='lat' dir='ltr'><strong>Steinio</strong></span> <span class='ocrx_word' id='word_1_109' title='bbox 622 1257 748 1338; x_wconf 81' lang='grc' dir='ltr'>ρυόμενον</span> <span class='ocrx_word' id='word_1_110' title='bbox 762 1259 832 1316; x_wconf 87' lang='lat' dir='ltr'><strong>scri·</strong></span> <span class='ocrx_word' id='word_1_111' title='bbox 879 1261 963 1320; x_wconf 90' lang='lat' dir='ltr'><strong>mode</strong></span> <span class='ocrx_word' id='word_1_112' title='bbox 978 1261 1042 1318; x_wconf 85' lang='lat' dir='ltr'><strong>fieri</strong></span> <span class='ocrx_word' id='word_1_113' title='bbox 1055 1278 1140 1338; x_wconf 88' lang='lat' dir='ltr'><strong>posse</strong></span> <span class='ocrx_word' id='word_1_114' title='bbox 1154 1259 1255 1334; x_wconf 94' lang='lat' dir='ltr'><strong>liquet.</strong></span> <span class='ocrx_word' id='word_1_115' title='bbox 1268 1257 1446 1334; x_wconf 85' lang='lat' dir='ltr'><strong>Frigetenim</strong></span> <span class='ocrx_word' id='word_1_116' title='bbox 1459 1261 1510 1314; x_wconf 78' lang='grc' dir='ltr'>τῶν</span> <span class='ocrx_word' id='word_1_117' title='bbox 1523 1257 1656 1334; x_wconf 77' lang='grc' dir='ltr'>μακάρων,</span> 
     </span>
     <span class='ocr_line' id='line_1_12' title="bbox 54 1343 1657 1424; baseline 0.002 -23"><span class='ocrx_word' id='word_1_118' title='bbox 54 1345 137 1416; x_wconf 88' lang='lat' dir='ltr'><strong>bere,</strong></span> <span class='ocrx_word' id='word_1_119' title='bbox 155 1345 266 1422; x_wconf 88' lang='lat' dir='ltr'><strong>rejecta</strong></span> <span class='ocrx_word' id='word_1_120' title='bbox 279 1345 433 1423; x_wconf 82' lang='lat' dir='ltr'><strong>Hippolyti</strong></span> <span class='ocrx_word' id='word_1_121' title='bbox 450 1347 575 1404; x_wconf 88' lang='lat' dir='ltr'><strong>lectione</strong></span> <span class='ocrx_word' id='word_1_122' title='bbox 589 1344 730 1424; x_wconf 78' lang='grc' dir='ltr'>φυομένους</span> <span class='ocrx_word' id='word_1_123' title='bbox 747 1364 832 1420; x_wconf 83' lang='lat' dir='ltr'><strong>quam</strong></span> <span class='ocrx_word' id='word_1_124' title='bbox 879 1360 911 1404; x_wconf 93' lang='lat' dir='ltr'><strong>ut</strong></span> <span class='ocrx_word' id='word_1_125' title='bbox 922 1347 982 1423; x_wconf 88' lang='lat' dir='ltr'><strong>jam</strong></span> <span class='ocrx_word' id='word_1_126' title='bbox 998 1347 1129 1404; x_wconf 84' lang='lat' dir='ltr'><strong>Sturzius</strong></span> <span class='ocrx_word' id='word_1_127' title='bbox 1142 1345 1217 1402; x_wconf 80' lang='lat' dir='ltr'><strong>vidit</strong></span> <span class='ocrx_word' id='word_1_128' title='bbox 1237 1365 1267 1422; x_wconf 87' lang='lat' dir='ltr'><strong>p.</strong></span> <span class='ocrx_word' id='word_1_129' title='bbox 1284 1354 1358 1422; x_wconf 67' lang='lat'><strong>1449,</strong></span> <span class='ocrx_word' id='word_1_130' title='bbox 1374 1350 1443 1422; x_wconf 89' lang='lat' dir='ltr'><strong>quia</strong></span> <span class='ocrx_word' id='word_1_131' title='bbox 1457 1343 1541 1403; x_wconf 78' lang='grc' dir='ltr'>θεόθεν</span> <span class='ocrx_word' id='word_1_132' title='bbox 1557 1347 1657 1422; x_wconf 90' lang='lat' dir='ltr'><strong>sequi-</strong></span> 
     </span>
     <span class='ocr_line' id='line_1_13' title="bbox 55 1431 1655 1509; baseline 0.001 -21"><span class='ocrx_word' id='word_1_133' title='bbox 55 1433 145 1489; x_wconf 86' lang='lat' dir='ltr'><strong>miror</strong></span> <span class='ocrx_word' id='word_1_134' title='bbox 166 1431 422 1492; x_wconf 81' lang='lat' dir='ltr'><strong>Schneidewiuurn</strong></span> <span class='ocrx_word' id='word_1_135' title='bbox 441 1434 607 1492; x_wconf 84' lang='lat' dir='ltr'><strong>retinuisse.</strong></span> <span class='ocrx_word' id='word_1_136' title='bbox 625 1433 724 1509; x_wconf 85' lang='lat' dir='ltr'><strong>Neque</strong></span> <span class='ocrx_word' id='word_1_137' title='bbox 739 1445 833 1490; x_wconf 88' lang='lat' dir='ltr'><strong>tamen</strong></span> <span class='ocrx_word' id='word_1_138' title='bbox 881 1445 944 1506; x_wconf 76' lang='lat' dir='ltr'><strong>tur,</strong></span> <span class='ocrx_word' id='word_1_139' title='bbox 958 1433 1054 1492; x_wconf 81' lang='grc' dir='ltr'>τούτων</span> <span class='ocrx_word' id='word_1_140' title='bbox 1064 1435 1115 1491; x_wconf 84' lang='grc' dir='ltr'>τῶν</span> <span class='ocrx_word' id='word_1_141' title='bbox 1128 1431 1258 1506; x_wconf 80' lang='grc' dir='ltr'>δαιμόνων</span> <span class='ocrx_word' id='word_1_142' title='bbox 1269 1447 1362 1490; x_wconf 89' lang='lat' dir='ltr'><strong>autem</strong></span> <span class='ocrx_word' id='word_1_143' title='bbox 1378 1431 1557 1490; x_wconf 91' lang='lat' dir='ltr'><strong>tolerabilius</strong></span> <span class='ocrx_word' id='word_1_144' title='bbox 1572 1433 1655 1504; x_wconf 85' lang='lat' dir='ltr'><strong>foret,</strong></span> 
     </span>
     <span class='ocr_line' id='line_1_14' title="bbox 55 1515 1657 1596; baseline 0.001 -21"><span class='ocrx_word' id='word_1_145' title='bbox 55 1539 107 1596; x_wconf 88' lang='lat' dir='ltr'><strong>pro</strong></span> <span class='ocrx_word' id='word_1_146' title='bbox 123 1517 179 1576; x_wconf 78' lang='grc' dir='ltr'>ἀπὸ</span> <span class='ocrx_word' id='word_1_147' title='bbox 194 1517 323 1596; x_wconf 79' lang='grc' dir='ltr'>μακάρων</span> <span class='ocrx_word' id='word_1_148' title='bbox 342 1540 408 1582; x_wconf 90' lang='lat' dir='ltr'><strong>cum</strong></span> <span class='ocrx_word' id='word_1_149' title='bbox 431 1519 630 1578; x_wconf 88' lang='lat' dir='ltr'><strong>recentissimo</strong></span> <span class='ocrx_word' id='word_1_150' title='bbox 652 1515 835 1596; x_wconf 82' lang='lat' dir='ltr'><strong>Empedoclis</strong></span> <span class='ocrx_word' id='word_1_151' title='bbox 881 1522 937 1579; x_wconf 90' lang='lat' dir='ltr'><strong>uisi</strong></span> <span class='ocrx_word' id='word_1_152' title='bbox 948 1521 1063 1596; x_wconf 83' lang='lat' dir='ltr'><strong>longior</strong></span> <span class='ocrx_word' id='word_1_153' title='bbox 1073 1534 1147 1578; x_wconf 88' lang='lat' dir='ltr'><strong>esset</strong></span> <span class='ocrx_word' id='word_1_154' title='bbox 1158 1518 1466 1596; x_wconf 88' lang='lat' dir='ltr'><strong>sententiainterjecta.</strong></span> <span class='ocrx_word' id='word_1_155' title='bbox 1478 1519 1572 1589; x_wconf 85' lang='lat' dir='ltr'><strong>Quum</strong></span> <span class='ocrx_word' id='word_1_156' title='bbox 1585 1539 1657 1577; x_wconf 89' lang='lat' dir='ltr'><strong>vero</strong></span> 
     </span>
     <span class='ocr_line' id='line_1_15' title="bbox 57 1604 1658 1686; baseline 0.002 -25"><span class='ocrx_word' id='word_1_157' title='bbox 57 1605 170 1662; x_wconf 87' lang='lat' dir='ltr'><strong>editore</strong></span> <span class='ocrx_word' id='word_1_158' title='bbox 190 1605 410 1665; x_wconf 86' lang='lat' dir='ltr'><strong>rescribendum</strong></span> <span class='ocrx_word' id='word_1_159' title='bbox 428 1604 493 1664; x_wconf 81' lang='grc' dir='ltr'>άπαὶ</span> <span class='ocrx_word' id='word_1_160' title='bbox 513 1607 639 1684; x_wconf 83' lang='grc' dir='ltr'>μακάρων</span> <span class='ocrx_word' id='word_1_161' title='bbox 659 1619 778 1684; x_wconf 90' lang='lat' dir='ltr'><strong>propter</strong></span> <span class='ocrx_word' id='word_1_162' title='bbox 791 1624 834 1663; x_wconf 90' lang='lat' dir='ltr'><strong>vs.</strong></span> <span class='ocrx_word' id='word_1_163' title='bbox 880 1605 964 1686; x_wconf 79' lang='grc' dir='ltr'>ρυγθς</span> <span class='ocrx_word' id='word_1_164' title='bbox 978 1607 1014 1664; x_wconf 84' lang='lat' dir='ltr'><strong>atl</strong></span> <span class='ocrx_word' id='word_1_165' title='bbox 1027 1606 1130 1682; x_wconf 77' lang='grc' dir='ltr'>θεόθεν,</span> <span class='ocrx_word' id='word_1_166' title='bbox 1147 1626 1205 1664; x_wconf 91' lang='lat' dir='ltr'><strong>non</strong></span> <span class='ocrx_word' id='word_1_167' title='bbox 1221 1605 1257 1663; x_wconf 90' lang='lat' dir='ltr'><strong>ad</strong></span> <span class='ocrx_word' id='word_1_168' title='bbox 1274 1610 1326 1664; x_wconf 86' lang='grc' dir='ltr'>τῶν</span> <span class='ocrx_word' id='word_1_169' title='bbox 1348 1605 1423 1664; x_wconf 89' lang='lat' dir='ltr'><strong>trahi</strong></span> <span class='ocrx_word' id='word_1_170' title='bbox 1438 1619 1584 1684; x_wconf 85' lang='lat' dir='ltr'><strong>oporteat,</strong></span> <span class='ocrx_word' id='word_1_171' title='bbox 1608 1607 1658 1664; x_wconf 89' lang='lat' dir='ltr'><strong>hic</strong></span> 
     </span>
     <span class='ocr_line' id='line_1_16' title="bbox 59 1689 1658 1770; baseline 0 -18"><span class='ocrx_word' id='word_1_172' title='bbox 59 1697 113 1770; x_wconf 79' lang='lat'><strong>393</strong></span> <span class='ocrx_word' id='word_1_173' title='bbox 139 1695 170 1752; x_wconf 79' lang='grc' dir='ltr'><strong>οὗ</strong></span> <span class='ocrx_word' id='word_1_174' title='bbox 191 1691 241 1770; x_wconf 85' lang='grc' dir='ltr'><strong>μὲν</strong></span> <span class='ocrx_word' id='word_1_175' title='bbox 255 1692 321 1751; x_wconf 82' lang='grc' dir='ltr'>όπαλ</span> <span class='ocrx_word' id='word_1_176' title='bbox 337 1690 429 1752; x_wconf 80' lang='grc' dir='ltr'>νόιτοιο</span> <span class='ocrx_word' id='word_1_177' title='bbox 443 1690 488 1750; x_wconf 80' lang='grc' dir='ltr'><strong>δύο</strong></span> <span class='ocrx_word' id='word_1_178' title='bbox 499 1690 591 1751; x_wconf 81' lang='grc' dir='ltr'>κλάδοι</span> <span class='ocrx_word' id='word_1_179' title='bbox 613 1689 763 1764; x_wconf 80' lang='grc' dir='ltr'>ἀΐσσονται,</span> <span class='ocrx_word' id='word_1_180' title='bbox 784 1691 835 1750; x_wconf 87' lang='lat' dir='ltr'><strong>ubi</strong></span> <span class='ocrx_word' id='word_1_181' title='bbox 880 1696 1010 1752; x_wconf 79' lang='lat' dir='ltr'><strong>exoritur</strong></span> <span class='ocrx_word' id='word_1_182' title='bbox 1024 1713 1124 1752; x_wconf 86' lang='lat' dir='ltr'><strong>sensus</strong></span> <span class='ocrx_word' id='word_1_183' title='bbox 1137 1713 1195 1751; x_wconf 91' lang='lat' dir='ltr'><strong>non</strong></span> <span class='ocrx_word' id='word_1_184' title='bbox 1211 1692 1365 1751; x_wconf 78' lang='lat' dir='ltr'><strong>admodum</strong></span> <span class='ocrx_word' id='word_1_185' title='bbox 1379 1695 1548 1751; x_wconf 86' lang='lat' dir='ltr'><strong>commodus</strong></span> <span class='ocrx_word' id='word_1_186' title='bbox 1562 1713 1569 1752; x_wconf 91' lang='lat'><strong>:</strong></span> <span class='ocrx_word' id='word_1_187' title='bbox 1584 1697 1658 1768; x_wconf 84' lang='lat' dir='ltr'><strong>Quo·</strong></span> 
     </span>
     <span class='ocr_line' id='line_1_17' title="bbox 57 1778 1658 1859; baseline -0.001 -21"><span class='ocrx_word' id='word_1_188' title='bbox 57 1783 153 1839; x_wconf 76' lang='lat' dir='ltr'><strong>variat</strong></span> <span class='ocrx_word' id='word_1_189' title='bbox 174 1782 331 1856; x_wconf 87' lang='lat' dir='ltr'><strong>scriptura.</strong></span> <span class='ocrx_word' id='word_1_190' title='bbox 347 1815 387 1826; x_wconf 88' lang='lat'>—</span> <span class='ocrx_word' id='word_1_191' title='bbox 407 1780 455 1840; x_wconf 82' lang='lat' dir='ltr'><strong>Vs.</strong></span> <span class='ocrx_word' id='word_1_192' title='bbox 473 1782 490 1838; x_wconf 91' lang='lat'>8</span> <span class='ocrx_word' id='word_1_193' title='bbox 506 1781 617 1855; x_wconf 85' lang='lat' dir='ltr'><strong>integer</strong></span> <span class='ocrx_word' id='word_1_194' title='bbox 640 1793 770 1838; x_wconf 85' lang='lat' dir='ltr'><strong>servatus</strong></span> <span class='ocrx_word' id='word_1_195' title='bbox 793 1792 836 1838; x_wconf 88' lang='lat' dir='ltr'><strong>est</strong></span> <span class='ocrx_word' id='word_1_196' title='bbox 880 1803 940 1838; x_wconf 86' lang='lat' dir='ltr'><strong>rum</strong></span> <span class='ocrx_word' id='word_1_197' title='bbox 958 1779 1098 1859; x_wconf 79' lang='lat' dir='ltr'><strong>[hortun]</strong></span> <span class='ocrx_word' id='word_1_198' title='bbox 1113 1794 1140 1836; x_wconf 89' lang='lat' dir='ltr'><strong>et</strong></span> <span class='ocrx_word' id='word_1_199' title='bbox 1150 1800 1201 1854; x_wconf 88' lang='lat' dir='ltr'><strong>cgo</strong></span> <span class='ocrx_word' id='word_1_200' title='bbox 1216 1779 1386 1856; x_wconf 86' lang='lat' dir='ltr'><strong>[geniorum</strong></span> <span class='ocrx_word' id='word_1_201' title='bbox 1399 1797 1415 1836; x_wconf 90' lang='lat' dir='ltr'><strong>e</strong></span> <span class='ocrx_word' id='word_1_202' title='bbox 1430 1778 1524 1856; x_wconf 87' lang='lat' dir='ltr'><strong>coetu]</strong></span> <span class='ocrx_word' id='word_1_203' title='bbox 1540 1789 1658 1838; x_wconf 71' lang='lat' dir='ltr'><strong>extorris</strong></span> 
     </span>
     <span class='ocr_line' id='line_1_18' title="bbox 55 1865 1658 1946; baseline -0.001 -21"><span class='ocrx_word' id='word_1_204' title='bbox 55 1868 92 1926; x_wconf 92' lang='lat' dir='ltr'><strong>ab</strong></span> <span class='ocrx_word' id='word_1_205' title='bbox 111 1869 288 1946; x_wconf 83' lang='lat' dir='ltr'><strong>llippolyto.</strong></span> <span class='ocrx_word' id='word_1_206' title='bbox 303 1903 338 1914; x_wconf 94' lang='lat'>—</span> <span class='ocrx_word' id='word_1_207' title='bbox 356 1867 419 1926; x_wconf 80' lang='lat' dir='ltr'><strong>Vss.</strong></span> <span class='ocrx_word' id='word_1_208' title='bbox 440 1887 526 1944; x_wconf 86' lang='lat'><strong>9·¹⁰·</strong></span> <span class='ocrx_word' id='word_1_209' title='bbox 543 1867 628 1946; x_wconf 80' lang='lat' dir='ltr'><strong>Apud</strong></span> <span class='ocrx_word' id='word_1_210' title='bbox 650 1867 836 1925; x_wconf 87' lang='lat' dir='ltr'><strong>Plutarchum</strong></span> <span class='ocrx_word' id='word_1_211' title='bbox 880 1889 897 1923; x_wconf 88' lang='lat' dir='ltr'><strong>e</strong></span> <span class='ocrx_word' id='word_1_212' title='bbox 917 1871 988 1923; x_wconf 84' lang='lat' dir='ltr'><strong>coelo</strong></span> <span class='ocrx_word' id='word_1_213' title='bbox 1001 1888 1060 1922; x_wconf 85' lang='lat' dir='ltr'><strong>sum</strong></span> <span class='ocrx_word' id='word_1_214' title='bbox 1076 1880 1103 1922; x_wconf 84' lang='lat' dir='ltr'><strong>et</strong></span> <span class='ocrx_word' id='word_1_215' title='bbox 1117 1867 1302 1932; x_wconf 80' lang='lat' dir='ltr'><strong>errabundus,</strong></span> <span class='ocrx_word' id='word_1_216' title='bbox 1321 1865 1593 1937; x_wconf 74' lang='lat' dir='ltr'><strong>Discordioefur&#39;enti</strong></span> <span class='ocrx_word' id='word_1_217' title='bbox 1602 1889 1658 1942; x_wconf 81' lang='lat' dir='ltr'><strong>pa·</strong></span> 
     </span>
     <span class='ocr_line' id='line_1_19' title="bbox 57 1951 1655 2033; baseline 0 -21"><span class='ocrx_word' id='word_1_218' title='bbox 57 1957 164 2031; x_wconf 76' lang='lat' dir='ltr'><strong>legitur</strong></span> <span class='ocrx_word' id='word_1_219' title='bbox 174 1955 224 2026; x_wconf 77' lang='grc' dir='ltr'><strong>τήυ</strong></span> <span class='ocrx_word' id='word_1_220' title='bbox 239 1954 284 2013; x_wconf 86' lang='grc' dir='ltr'><strong>καὶ</strong></span> <span class='ocrx_word' id='word_1_221' title='bbox 298 1953 349 2029; x_wconf 83' lang='grc' dir='ltr'><strong>ἐγὼ</strong></span> <span class='ocrx_word' id='word_1_222' title='bbox 357 1959 400 2013; x_wconf 77' lang='grc' dir='ltr'><strong>νῦν</strong></span> <span class='ocrx_word' id='word_1_223' title='bbox 411 1955 464 2032; x_wconf 79' lang='grc' dir='ltr'>εἶμι</span> <span class='ocrx_word' id='word_1_224' title='bbox 476 1953 557 2033; x_wconf 79' lang='grc' dir='ltr'>ρυγθς</span> <span class='ocrx_word' id='word_1_225' title='bbox 570 1953 655 2014; x_wconf 79' lang='grc' dir='ltr'>θεόθεν</span> <span class='ocrx_word' id='word_1_226' title='bbox 669 1953 714 2014; x_wconf 82' lang='grc' dir='ltr'><strong>καὶ</strong></span> <span class='ocrx_word' id='word_1_227' title='bbox 725 1952 836 2026; x_wconf 80' lang='grc' dir='ltr'>ἀλήτης,</span> <span class='ocrx_word' id='word_1_228' title='bbox 882 1974 955 2012; x_wconf 85' lang='lat' dir='ltr'><strong>rens.</strong></span> <span class='ocrx_word' id='word_1_229' title='bbox 972 1952 1009 2011; x_wconf 87' lang='lat' dir='ltr'><strong>Ut</strong></span> <span class='ocrx_word' id='word_1_230' title='bbox 1024 1953 1113 2027; x_wconf 84' lang='lat' dir='ltr'><strong>igitur</strong></span> <span class='ocrx_word' id='word_1_231' title='bbox 1127 1951 1200 2008; x_wconf 90' lang='lat' dir='ltr'><strong>illud</strong></span> <span class='ocrx_word' id='word_1_232' title='bbox 1212 1953 1264 2008; x_wconf 83' lang='grc' dir='ltr'>τῶν</span> <span class='ocrx_word' id='word_1_233' title='bbox 1275 1951 1398 2025; x_wconf 77' lang='lat' dir='ltr'><strong>intelligi</strong></span> <span class='ocrx_word' id='word_1_234' title='bbox 1412 1971 1497 2029; x_wconf 89' lang='lat' dir='ltr'><strong>posse</strong></span> <span class='ocrx_word' id='word_1_235' title='bbox 1507 1954 1633 2012; x_wconf 89' lang='lat' dir='ltr'><strong>concedo</strong></span> <span class='ocrx_word' id='word_1_236' title='bbox 1648 1976 1655 2012; x_wconf 92' lang='lat'><strong>:</strong></span> 
     </span>
     <span class='ocr_line' id='line_1_20' title="bbox 58 2039 1656 2122; baseline -0.002 -20"><span class='ocrx_word' id='word_1_237' title='bbox 58 2066 120 2120; x_wconf 79' lang='lat' dir='ltr'><strong>quae</strong></span> <span class='ocrx_word' id='word_1_238' title='bbox 132 2043 226 2102; x_wconf 86' lang='lat' dir='ltr'><strong>rerba</strong></span> <span class='ocrx_word' id='word_1_239' title='bbox 240 2043 449 2122; x_wconf 87' lang='lat' dir='ltr'><strong>interpretibus</strong></span> <span class='ocrx_word' id='word_1_240' title='bbox 461 2045 576 2120; x_wconf 84' lang='lat' dir='ltr'><strong>negotia</strong></span> <span class='ocrx_word' id='word_1_241' title='bbox 587 2044 764 2102; x_wconf 82' lang='lat' dir='ltr'><strong>lacessirisse</strong></span> <span class='ocrx_word' id='word_1_242' title='bbox 778 2063 836 2102; x_wconf 90' lang='lat' dir='ltr'><strong>non</strong></span> <span class='ocrx_word' id='word_1_243' title='bbox 882 2043 923 2099; x_wconf 91' lang='lat' dir='ltr'><strong>ita</strong></span> <span class='ocrx_word' id='word_1_244' title='bbox 935 2040 1137 2118; x_wconf 87' lang='lat' dir='ltr'><strong>Empedoclem</strong></span> <span class='ocrx_word' id='word_1_245' title='bbox 1154 2040 1195 2096; x_wconf 90' lang='lat' dir='ltr'><strong>sic</strong></span> <span class='ocrx_word' id='word_1_246' title='bbox 1208 2039 1359 2116; x_wconf 88' lang='lat' dir='ltr'><strong>scripsisse</strong></span> <span class='ocrx_word' id='word_1_247' title='bbox 1372 2040 1404 2096; x_wconf 89' lang='lat' dir='ltr'><strong>in</strong></span> <span class='ocrx_word' id='word_1_248' title='bbox 1418 2041 1482 2116; x_wconf 88' lang='lat' dir='ltr'><strong>ipso</strong></span> <span class='ocrx_word' id='word_1_249' title='bbox 1496 2043 1656 2100; x_wconf 86' lang='lat' dir='ltr'><strong>carminum</strong></span> 
     </span>
     <span class='ocr_line' id='line_1_21' title="bbox 58 2125 1657 2207; baseline 0.001 -20"><span class='ocrx_word' id='word_1_250' title='bbox 58 2131 237 2189; x_wconf 85' lang='lat' dir='ltr'><strong>mirandum.</strong></span> <span class='ocrx_word' id='word_1_251' title='bbox 250 2129 362 2187; x_wconf 86' lang='lat' dir='ltr'><strong>Etenim</strong></span> <span class='ocrx_word' id='word_1_252' title='bbox 372 2127 493 2188; x_wconf 89' lang='lat' dir='ltr'><strong>dubium</strong></span> <span class='ocrx_word' id='word_1_253' title='bbox 503 2143 546 2188; x_wconf 90' lang='lat' dir='ltr'><strong>est</strong></span> <span class='ocrx_word' id='word_1_254' title='bbox 559 2150 617 2207; x_wconf 89' lang='lat' dir='ltr'><strong>quo</strong></span> <span class='ocrx_word' id='word_1_255' title='bbox 627 2130 768 2188; x_wconf 81' lang='lat' dir='ltr'><strong>referatur</strong></span> <span class='ocrx_word' id='word_1_256' title='bbox 776 2128 835 2201; x_wconf 80' lang='grc' dir='ltr'>τήν,</span> <span class='ocrx_word' id='word_1_257' title='bbox 883 2127 1004 2187; x_wconf 81' lang='lat' dir='ltr'><strong>exordio</strong></span> <span class='ocrx_word' id='word_1_258' title='bbox 1016 2147 1117 2206; x_wconf 86' lang='lat' dir='ltr'><strong>parum</strong></span> <span class='ocrx_word' id='word_1_259' title='bbox 1134 2125 1286 2205; x_wconf 90' lang='lat' dir='ltr'><strong>probabile</strong></span> <span class='ocrx_word' id='word_1_260' title='bbox 1297 2126 1416 2203; x_wconf 85' lang='lat' dir='ltr'><strong>judico,</strong></span> <span class='ocrx_word' id='word_1_261' title='bbox 1431 2129 1489 2186; x_wconf 90' lang='lat' dir='ltr'><strong>nisi</strong></span> <span class='ocrx_word' id='word_1_262' title='bbox 1505 2129 1577 2186; x_wconf 85' lang='lat' dir='ltr'><strong>forte</strong></span> <span class='ocrx_word' id='word_1_263' title='bbox 1591 2131 1657 2207; x_wconf 92' lang='lat' dir='ltr'><strong>plu-</strong></span> 
     </span>
     <span class='ocr_line' id='line_1_22' title="bbox 58 2213 1658 2292; baseline 0.001 -18"><span class='ocrx_word' id='word_1_264' title='bbox 58 2216 136 2292; x_wconf 90' lang='lat' dir='ltr'><strong>quod</strong></span> <span class='ocrx_word' id='word_1_265' title='bbox 151 2215 323 2276; x_wconf 83' lang='lat' dir='ltr'><strong>Karstenius</strong></span> <span class='ocrx_word' id='word_1_266' title='bbox 337 2216 483 2275; x_wconf 89' lang='lat' dir='ltr'><strong>intellecto</strong></span> <span class='ocrx_word' id='word_1_267' title='bbox 497 2215 554 2274; x_wconf 80' lang='grc' dir='ltr'>ὁδὸν</span> <span class='ocrx_word' id='word_1_268' title='bbox 568 2217 613 2274; x_wconf 85' lang='lat' dir='ltr'><strong>vel</strong></span> <span class='ocrx_word' id='word_1_269' title='bbox 625 2213 728 2286; x_wconf 77' lang='grc' dir='ltr'>πλάνην</span> <span class='ocrx_word' id='word_1_270' title='bbox 746 2215 839 2292; x_wconf 86' lang='lat' dir='ltr'><strong>expli·</strong></span> <span class='ocrx_word' id='word_1_271' title='bbox 883 2236 929 2276; x_wconf 89' lang='lat' dir='ltr'><strong>res</strong></span> <span class='ocrx_word' id='word_1_272' title='bbox 947 2217 1033 2274; x_wconf 89' lang='lat' dir='ltr'><strong>etiam</strong></span> <span class='ocrx_word' id='word_1_273' title='bbox 1057 2215 1226 2273; x_wconf 86' lang='lat' dir='ltr'><strong>exciderunt</strong></span> <span class='ocrx_word' id='word_1_274' title='bbox 1241 2233 1350 2272; x_wconf 79' lang='lat' dir='ltr'><strong>versus.</strong></span> <span class='ocrx_word' id='word_1_275' title='bbox 1364 2213 1460 2273; x_wconf 90' lang='lat' dir='ltr'><strong>Sensit</strong></span> <span class='ocrx_word' id='word_1_276' title='bbox 1473 2217 1541 2285; x_wconf 84' lang='lat' dir='ltr'><strong>hoc,</strong></span> <span class='ocrx_word' id='word_1_277' title='bbox 1554 2217 1584 2274; x_wconf 93' lang='lat' dir='ltr'><strong>ni</strong></span> <span class='ocrx_word' id='word_1_278' title='bbox 1605 2217 1658 2275; x_wconf 83' lang='lat' dir='ltr'><strong>fal·</strong></span> 
     </span>
     <span class='ocr_line' id='line_1_23' title="bbox 59 2301 1659 2382; baseline 0.003 -21"><span class='ocrx_word' id='word_1_279' title='bbox 59 2305 118 2362; x_wconf 89' lang='lat' dir='ltr'><strong>cari</strong></span> <span class='ocrx_word' id='word_1_280' title='bbox 132 2304 216 2377; x_wconf 79' lang='lat' dir='ltr'><strong>vult,</strong></span> <span class='ocrx_word' id='word_1_281' title='bbox 238 2323 327 2381; x_wconf 90' lang='lat' dir='ltr'><strong>quum</strong></span> <span class='ocrx_word' id='word_1_282' title='bbox 342 2303 407 2361; x_wconf 90' lang='lat' dir='ltr'><strong>fieri</strong></span> <span class='ocrx_word' id='word_1_283' title='bbox 420 2303 530 2382; x_wconf 87' lang='lat' dir='ltr'><strong>possit,</strong></span> <span class='ocrx_word' id='word_1_284' title='bbox 546 2315 578 2362; x_wconf 93' lang='lat' dir='ltr'><strong>ut</strong></span> <span class='ocrx_word' id='word_1_285' title='bbox 589 2316 654 2360; x_wconf 87' lang='lat' dir='ltr'><strong>ante</strong></span> <span class='ocrx_word' id='word_1_286' title='bbox 675 2302 752 2360; x_wconf 88' lang='lat' dir='ltr'><strong>hunc</strong></span> <span class='ocrx_word' id='word_1_287' title='bbox 772 2322 838 2360; x_wconf 86' lang='lat' dir='ltr'><strong>rer·</strong></span> <span class='ocrx_word' id='word_1_288' title='bbox 884 2305 938 2375; x_wconf 87' lang='lat' dir='ltr'><strong>lor,</strong></span> <span class='ocrx_word' id='word_1_289' title='bbox 954 2304 1044 2362; x_wconf 89' lang='lat' dir='ltr'><strong>ilenr.</strong></span> <span class='ocrx_word' id='word_1_290' title='bbox 1060 2301 1187 2360; x_wconf 86' lang='lat' dir='ltr'><strong>Steinius</strong></span> <span class='ocrx_word' id='word_1_291' title='bbox 1200 2302 1252 2380; x_wconf 91' lang='lat' dir='ltr'><strong>qui</strong></span> <span class='ocrx_word' id='word_1_292' title='bbox 1273 2315 1339 2379; x_wconf 89' lang='lat' dir='ltr'><strong>post</strong></span> <span class='ocrx_word' id='word_1_293' title='bbox 1356 2301 1485 2379; x_wconf 77' lang='grc' dir='ltr'>ἀργαλέας</span> <span class='ocrx_word' id='word_1_294' title='bbox 1502 2303 1598 2382; x_wconf 85' lang='grc' dir='ltr'>βιότοιο</span> <span class='ocrx_word' id='word_1_295' title='bbox 1611 2329 1659 2382; x_wconf 85' lang='grc' dir='ltr'><strong>με·</strong></span> 
     </span>
     <span class='ocr_line' id='line_1_24' title="bbox 60 2387 1659 2466; baseline 0.002 -18"><span class='ocrx_word' id='word_1_296' title='bbox 60 2411 122 2448; x_wconf 83' lang='lat' dir='ltr'><strong>suns</strong></span> <span class='ocrx_word' id='word_1_297' title='bbox 138 2410 217 2448; x_wconf 87' lang='lat' dir='ltr'><strong>unus</strong></span> <span class='ocrx_word' id='word_1_298' title='bbox 231 2391 340 2449; x_wconf 85' lang='lat' dir='ltr'><strong>alterve</strong></span> <span class='ocrx_word' id='word_1_299' title='bbox 353 2390 505 2449; x_wconf 81' lang='lat' dir='ltr'><strong>exciderit.</strong></span> <span class='ocrx_word' id='word_1_300' title='bbox 520 2391 579 2449; x_wconf 76' lang='lat' dir='ltr'><strong>Alii</strong></span> <span class='ocrx_word' id='word_1_301' title='bbox 593 2390 769 2448; x_wconf 87' lang='lat' dir='ltr'><strong>meliusesse</strong></span> <span class='ocrx_word' id='word_1_302' title='bbox 783 2388 838 2448; x_wconf 89' lang='lat' dir='ltr'><strong>rati</strong></span> <span class='ocrx_word' id='word_1_303' title='bbox 884 2388 1066 2449; x_wconf 82' lang='grc' dir='ltr'>εαλλάσσοντα</span> <span class='ocrx_word' id='word_1_304' title='bbox 1087 2387 1222 2454; x_wconf 81' lang='grc' dir='ltr'>κελεύθους</span> <span class='ocrx_word' id='word_1_305' title='bbox 1236 2389 1333 2466; x_wconf 88' lang='lat' dir='ltr'><strong>posuit</strong></span> <span class='ocrx_word' id='word_1_306' title='bbox 1348 2402 1483 2465; x_wconf 84' lang='lat' dir='ltr'><strong>quattuor</strong></span> <span class='ocrx_word' id='word_1_307' title='bbox 1498 2393 1659 2454; x_wconf 87' lang='lat' dir='ltr'><strong>versiculos</strong></span> 
     </span>
     <span class='ocr_line' id='line_1_25' title="bbox 60 2477 1660 2556; baseline 0.004 -25"><span class='ocrx_word' id='word_1_308' title='bbox 60 2498 121 2553; x_wconf 82' lang='lat' dir='ltr'><strong>qnae</strong></span> <span class='ocrx_word' id='word_1_309' title='bbox 145 2491 306 2555; x_wconf 87' lang='lat' dir='ltr'><strong>supersunt</strong></span> <span class='ocrx_word' id='word_1_310' title='bbox 330 2477 476 2551; x_wconf 85' lang='lat' dir='ltr'><strong>corrigere</strong></span> <span class='ocrx_word' id='word_1_311' title='bbox 496 2497 582 2554; x_wconf 87' lang='lat' dir='ltr'><strong>quam</strong></span> <span class='ocrx_word' id='word_1_312' title='bbox 602 2497 667 2554; x_wconf 76' lang='lat' dir='ltr'><strong>quse</strong></span> <span class='ocrx_word' id='word_1_313' title='bbox 690 2477 840 2555; x_wconf 87' lang='lat' dir='ltr'><strong>perierunt</strong></span> <span class='ocrx_word' id='word_1_314' title='bbox 883 2478 1061 2538; x_wconf 85' lang='lat' dir='ltr'><strong>ePlutarchi</strong></span> <span class='ocrx_word' id='word_1_315' title='bbox 1074 2477 1152 2536; x_wconf 89' lang='lat' dir='ltr'><strong>libro</strong></span> <span class='ocrx_word' id='word_1_316' title='bbox 1163 2478 1199 2535; x_wconf 89' lang='lat' dir='ltr'><strong>de</strong></span> <span class='ocrx_word' id='word_1_317' title='bbox 1213 2478 1249 2535; x_wconf 87' lang='lat' dir='ltr'><strong>ls.</strong></span> <span class='ocrx_word' id='word_1_318' title='bbox 1263 2489 1292 2533; x_wconf 93' lang='lat' dir='ltr'><strong>et</strong></span> <span class='ocrx_word' id='word_1_319' title='bbox 1307 2477 1383 2536; x_wconf 87' lang='lat' dir='ltr'><strong>Osir.</strong></span> <span class='ocrx_word' id='word_1_320' title='bbox 1400 2497 1430 2553; x_wconf 91' lang='lat' dir='ltr'><strong>p.</strong></span> <span class='ocrx_word' id='word_1_321' title='bbox 1449 2479 1503 2534; x_wconf 80' lang='lat'><strong>361</strong></span> <span class='ocrx_word' id='word_1_322' title='bbox 1523 2477 1588 2556; x_wconf 89' lang='lat' dir='ltr'><strong>(rs.</strong></span> <span class='ocrx_word' id='word_1_323' title='bbox 1608 2483 1660 2537; x_wconf 79' lang='lat'><strong>32-</strong></span> 
     </span>
     <span class='ocr_line' id='line_1_26' title="bbox 61 2561 1659 2644; baseline 0.003 -24"><span class='ocrx_word' id='word_1_324' title='bbox 61 2577 190 2642; x_wconf 87' lang='lat' dir='ltr'><strong>spectare</strong></span> <span class='ocrx_word' id='word_1_325' title='bbox 201 2585 258 2642; x_wconf 90' lang='lat' dir='ltr'><strong>pro</strong></span> <span class='ocrx_word' id='word_1_326' title='bbox 271 2563 318 2636; x_wconf 74' lang='grc' dir='ltr'>τήν</span> <span class='ocrx_word' id='word_1_327' title='bbox 328 2566 539 2642; x_wconf 83' lang='lat' dir='ltr'><strong>rescripserunt</strong></span> <span class='ocrx_word' id='word_1_328' title='bbox 548 2565 592 2622; x_wconf 85' lang='lat' dir='ltr'><strong>rel</strong></span> <span class='ocrx_word' id='word_1_329' title='bbox 605 2569 638 2642; x_wconf 81' lang='grc' dir='ltr'><strong>τῇ</strong></span> <span class='ocrx_word' id='word_1_330' title='bbox 650 2563 696 2622; x_wconf 88' lang='lat' dir='ltr'><strong>vel</strong></span> <span class='ocrx_word' id='word_1_331' title='bbox 711 2567 761 2620; x_wconf 82' lang='grc' dir='ltr'>τῶν</span> <span class='ocrx_word' id='word_1_332' title='bbox 775 2562 841 2621; x_wconf 91' lang='lat' dir='ltr'><strong>sub-</strong></span> <span class='ocrx_word' id='word_1_333' title='bbox 887 2565 922 2623; x_wconf 84' lang='lat'><strong>35</strong></span> <span class='ocrx_word' id='word_1_334' title='bbox 938 2564 1196 2644; x_wconf 73' lang='grc' dir='ltr'>αἰθέριον-πάντες.</span> <span class='ocrx_word' id='word_1_335' title='bbox 1209 2566 1261 2622; x_wconf 84' lang='grc' dir='ltr'>τῶν</span> <span class='ocrx_word' id='word_1_336' title='bbox 1271 2564 1316 2622; x_wconf 80' lang='grc' dir='ltr'><strong>καὶ</strong></span> <span class='ocrx_word' id='word_1_337' title='bbox 1326 2561 1377 2640; x_wconf 80' lang='grc' dir='ltr'><strong>ἐγὼ</strong></span> <span class='ocrx_word' id='word_1_338' title='bbox 1391 2565 1449 2624; x_wconf 87' lang='grc' dir='ltr'>κτλ.</span> <span class='ocrx_word' id='word_1_339' title='bbox 1460 2567 1467 2639; x_wconf 88' lang='grc'>)</span> <span class='ocrx_word' id='word_1_340' title='bbox 1478 2564 1659 2642; x_wconf 88' lang='lat' dir='ltr'><strong>depromtos;</strong></span> 
     </span>
     <span class='ocr_line' id='line_1_27' title="bbox 60 2649 1661 2732; baseline 0.004 -26"><span class='ocrx_word' id='word_1_341' title='bbox 60 2651 158 2708; x_wconf 85' lang='lat' dir='ltr'><strong>audito</strong></span> <span class='ocrx_word' id='word_1_342' title='bbox 186 2649 322 2728; x_wconf 80' lang='grc' dir='ltr'>μακάρων.</span> <span class='ocrx_word' id='word_1_343' title='bbox 341 2650 492 2708; x_wconf 85' lang='lat' dir='ltr'><strong>Windetus</strong></span> <span class='ocrx_word' id='word_1_344' title='bbox 515 2651 547 2708; x_wconf 89' lang='lat' dir='ltr'><strong>in</strong></span> <span class='ocrx_word' id='word_1_345' title='bbox 569 2650 668 2709; x_wconf 89' lang='lat' dir='ltr'><strong>Crenii</strong></span> <span class='ocrx_word' id='word_1_346' title='bbox 690 2651 784 2708; x_wconf 89' lang='lat' dir='ltr'><strong>fascic.</strong></span> <span class='ocrx_word' id='word_1_347' title='bbox 802 2649 839 2708; x_wconf 92' lang='lat' dir='ltr'><strong>lV</strong></span> <span class='ocrx_word' id='word_1_348' title='bbox 887 2655 956 2714; x_wconf 85' lang='lat' dir='ltr'><strong>satis</strong></span> <span class='ocrx_word' id='word_1_349' title='bbox 970 2668 1053 2732; x_wconf 86' lang='lat' dir='ltr'><strong>apte,</strong></span> <span class='ocrx_word' id='word_1_350' title='bbox 1068 2654 1094 2712; x_wconf 90' lang='lat' dir='ltr'><strong>si</strong></span> <span class='ocrx_word' id='word_1_351' title='bbox 1116 2654 1182 2731; x_wconf 89' lang='lat' dir='ltr'><strong>quis</strong></span> <span class='ocrx_word' id='word_1_352' title='bbox 1199 2654 1250 2710; x_wconf 84' lang='grc' dir='ltr'>τῶν</span> <span class='ocrx_word' id='word_1_353' title='bbox 1268 2651 1341 2708; x_wconf 87' lang='lat' dir='ltr'><strong>tueri</strong></span> <span class='ocrx_word' id='word_1_354' title='bbox 1361 2652 1440 2709; x_wconf 77' lang='lat' dir='ltr'><strong>velit.</strong></span> <span class='ocrx_word' id='word_1_355' title='bbox 1464 2661 1499 2710; x_wconf 80' lang='lat' dir='ltr'><strong>nt</strong></span> <span class='ocrx_word' id='word_1_356' title='bbox 1526 2673 1615 2729; x_wconf 89' lang='lat' dir='ltr'><strong>quum</strong></span> <span class='ocrx_word' id='word_1_357' title='bbox 1629 2657 1661 2712; x_wconf 91' lang='lat' dir='ltr'><strong>in</strong></span> 
     </span>
     <span class='ocr_line' id='line_1_28' title="bbox 59 2735 1662 2816; baseline 0.004 -24"><span class='ocrx_word' id='word_1_358' title='bbox 59 2739 168 2813; x_wconf 83' lang='lat' dir='ltr'><strong>Opusc.</strong></span> <span class='ocrx_word' id='word_1_359' title='bbox 178 2736 249 2797; x_wconf 86' lang='lat' dir='ltr'><strong>hist.</strong></span> <span class='ocrx_word' id='word_1_360' title='bbox 259 2737 371 2813; x_wconf 87' lang='lat' dir='ltr'><strong>acphil.</strong></span> <span class='ocrx_word' id='word_1_361' title='bbox 386 2757 415 2815; x_wconf 92' lang='lat' dir='ltr'><strong>p.</strong></span> <span class='ocrx_word' id='word_1_362' title='bbox 429 2737 466 2795; x_wconf 83' lang='lat'><strong>85</strong></span> <span class='ocrx_word' id='word_1_363' title='bbox 478 2737 535 2813; x_wconf 84' lang='lat' dir='ltr'><strong>legi</strong></span> <span class='ocrx_word' id='word_1_364' title='bbox 542 2739 667 2812; x_wconf 83' lang='lat' dir='ltr'><strong>jusserat</strong></span> <span class='ocrx_word' id='word_1_365' title='bbox 674 2736 720 2808; x_wconf 77' lang='grc' dir='ltr'>δήν</span> <span class='ocrx_word' id='word_1_366' title='bbox 731 2737 776 2794; x_wconf 80' lang='grc' dir='ltr'><strong>καλ</strong></span> <span class='ocrx_word' id='word_1_367' title='bbox 787 2735 839 2814; x_wconf 73' lang='grc' dir='ltr'><strong>ἐγὼ</strong></span> <span class='ocrx_word' id='word_1_368' title='bbox 886 2755 966 2800; x_wconf 85' lang='lat' dir='ltr'><strong>tanto</strong></span> <span class='ocrx_word' id='word_1_369' title='bbox 980 2741 1094 2800; x_wconf 88' lang='lat' dir='ltr'><strong>testium</strong></span> <span class='ocrx_word' id='word_1_370' title='bbox 1105 2760 1227 2799; x_wconf 90' lang='lat' dir='ltr'><strong>numero</strong></span> <span class='ocrx_word' id='word_1_371' title='bbox 1238 2739 1289 2816; x_wconf 91' lang='lat' dir='ltr'><strong>qui</strong></span> <span class='ocrx_word' id='word_1_372' title='bbox 1303 2739 1358 2796; x_wconf 89' lang='lat' dir='ltr'><strong>hoc</strong></span> <span class='ocrx_word' id='word_1_373' title='bbox 1372 2738 1408 2795; x_wconf 91' lang='lat' dir='ltr'><strong>de</strong></span> <span class='ocrx_word' id='word_1_374' title='bbox 1420 2738 1570 2814; x_wconf 89' lang='lat' dir='ltr'><strong>geniorum</strong></span> <span class='ocrx_word' id='word_1_375' title='bbox 1585 2742 1662 2800; x_wconf 85' lang='lat' dir='ltr'><strong>exsi-</strong></span> 
     </span>
     <span class='ocr_line' id='line_1_29' title="bbox 61 2823 1663 2905; baseline 0.003 -25"><span class='ocrx_word' id='word_1_376' title='bbox 61 2829 104 2880; x_wconf 82' lang='grc' dir='ltr'><strong>νῦν</strong></span> <span class='ocrx_word' id='word_1_377' title='bbox 114 2826 182 2900; x_wconf 80' lang='grc' dir='ltr'>εἶμι,</span> <span class='ocrx_word' id='word_1_378' title='bbox 197 2823 278 2901; x_wconf 93' lang='lat' dir='ltr'><strong>quod</strong></span> <span class='ocrx_word' id='word_1_379' title='bbox 288 2843 346 2881; x_wconf 89' lang='lat' dir='ltr'><strong>non</strong></span> <span class='ocrx_word' id='word_1_380' title='bbox 360 2823 581 2902; x_wconf 86' lang='lat' dir='ltr'><strong>improbabatur</strong></span> <span class='ocrx_word' id='word_1_381' title='bbox 592 2823 718 2884; x_wconf 88' lang='lat' dir='ltr'><strong>Sturzio.</strong></span> <span class='ocrx_word' id='word_1_382' title='bbox 738 2825 839 2885; x_wconf 85' lang='lat' dir='ltr'><strong>Philo·</strong></span> <span class='ocrx_word' id='word_1_383' title='bbox 887 2829 929 2887; x_wconf 92' lang='lat' dir='ltr'><strong>lio</strong></span> <span class='ocrx_word' id='word_1_384' title='bbox 945 2843 973 2886; x_wconf 87' lang='lat' dir='ltr'><strong>et</strong></span> <span class='ocrx_word' id='word_1_385' title='bbox 986 2829 1053 2905; x_wconf 89' lang='lat' dir='ltr'><strong>ipso</strong></span> <span class='ocrx_word' id='word_1_386' title='bbox 1076 2827 1249 2905; x_wconf 85' lang='lat' dir='ltr'><strong>Empedocle</strong></span> <span class='ocrx_word' id='word_1_387' title='bbox 1263 2826 1362 2885; x_wconf 88' lang='lat' dir='ltr'><strong>exsule</strong></span> <span class='ocrx_word' id='word_1_388' title='bbox 1377 2839 1569 2884; x_wconf 88' lang='lat' dir='ltr'><strong>commentum</strong></span> <span class='ocrx_word' id='word_1_389' title='bbox 1594 2828 1663 2886; x_wconf 92' lang='lat' dir='ltr'><strong>illu·</strong></span> 
     </span>
     <span class='ocr_line' id='line_1_30' title="bbox 60 2900 1662 2992; baseline -0.001 -16"><span class='ocrx_word' id='word_1_390' title='bbox 60 2911 182 2987; x_wconf 71' lang='lat' dir='ltr'><strong>pssssusl·</strong></span> <span class='ocrx_word' id='word_1_391' title='bbox 193 2910 384 2988; x_wconf 63' lang='lat' dir='ltr'><strong>cpraebettu</strong></span> <span class='ocrx_word' id='word_1_392' title='bbox 397 2908 502 2988; x_wconf 73' lang='grc' dir='ltr'>καλίγὼ</span> <span class='ocrx_word' id='word_1_393' title='bbox 512 2911 581 2991; x_wconf 78' lang='grc' dir='ltr'>δεῦρ’</span> <span class='ocrx_word' id='word_1_394' title='bbox 592 2900 647 2986; x_wconf 74' lang='grc' dir='ltr'>εἶμι</span> <span class='ocrx_word' id='word_1_395' title='bbox 658 2911 735 2989; x_wconf 92' lang='lat' dir='ltr'><strong>quod</strong></span> <span class='ocrx_word' id='word_1_396' title='bbox 747 2913 840 2990; x_wconf 89' lang='lat' dir='ltr'><strong>ipsum</strong></span> <span class='ocrx_word' id='word_1_397' title='bbox 887 2930 978 2976; x_wconf 87' lang='lat' dir='ltr'><strong>strant</strong></span> <span class='ocrx_word' id='word_1_398' title='bbox 1001 2937 1086 2974; x_wconf 91' lang='lat' dir='ltr'><strong>nemo</strong></span> <span class='ocrx_word' id='word_1_399' title='bbox 1101 2916 1155 2974; x_wconf 90' lang='lat' dir='ltr'><strong>hos</strong></span> <span class='ocrx_word' id='word_1_400' title='bbox 1178 2929 1315 2992; x_wconf 88' lang='lat' dir='ltr'><strong>quattuor</strong></span> <span class='ocrx_word' id='word_1_401' title='bbox 1337 2933 1439 2972; x_wconf 87' lang='lat' dir='ltr'><strong>versus</strong></span> <span class='ocrx_word' id='word_1_402' title='bbox 1462 2913 1662 2991; x_wconf 87' lang='lat' dir='ltr'><strong>superioribus</strong></span> 
     </span>
     <span class='ocr_line' id='line_1_31' title="bbox 61 2987 1663 3081; baseline 0.006 -28"><span class='ocrx_word' id='word_1_403' title='bbox 61 2987 117 3072; x_wconf 86' lang='grc' dir='ltr'>ε’ίμι</span> <span class='ocrx_word' id='word_1_404' title='bbox 132 2997 270 3056; x_wconf 88' lang='lat' dir='ltr'><strong>Plotinus</strong></span> <span class='ocrx_word' id='word_1_405' title='bbox 287 2998 403 3057; x_wconf 84' lang='lat' dir='ltr'><strong>ridetur</strong></span> <span class='ocrx_word' id='word_1_406' title='bbox 432 3001 595 3076; x_wconf 86' lang='lat' dir='ltr'><strong>repperisse</strong></span> <span class='ocrx_word' id='word_1_407' title='bbox 618 2999 639 3059; x_wconf 95' lang='lat' dir='ltr'><strong>l.</strong></span> <span class='ocrx_word' id='word_1_408' title='bbox 664 3000 683 3059; x_wconf 95' lang='lat' dir='ltr'><strong>l.</strong></span> <span class='ocrx_word' id='word_1_409' title='bbox 711 2999 809 3058; x_wconf 91' lang='lat' dir='ltr'><strong>dicens</strong></span> <span class='ocrx_word' id='word_1_410' title='bbox 832 3021 838 3057; x_wconf 93' lang='lat'><strong>:</strong></span> <span class='ocrx_word' id='word_1_411' title='bbox 887 3004 1066 3081; x_wconf 84' lang='lat' dir='ltr'><strong>adjunxerit,</strong></span> <span class='ocrx_word' id='word_1_412' title='bbox 1084 3005 1172 3062; x_wconf 85' lang='lat' dir='ltr'><strong>malui</strong></span> <span class='ocrx_word' id='word_1_413' title='bbox 1181 3003 1217 3061; x_wconf 87' lang='lat' dir='ltr'><strong>ad</strong></span> <span class='ocrx_word' id='word_1_414' title='bbox 1232 3002 1388 3080; x_wconf 89' lang='lat' dir='ltr'><strong>Philoponi</strong></span> <span class='ocrx_word' id='word_1_415' title='bbox 1397 3001 1551 3060; x_wconf 89' lang='lat' dir='ltr'><strong>lectionem</strong></span> <span class='ocrx_word' id='word_1_416' title='bbox 1567 3005 1663 3062; x_wconf 88' lang='lat' dir='ltr'><strong>redire</strong></span> 
     </span>
     <span class='ocr_line' id='line_1_32' title="bbox 62 3076 1660 3166; baseline 0.005 -26"><span class='ocrx_word' id='word_1_417' title='bbox 62 3083 247 3160; x_wconf 79' lang='grc' dir='ltr'>Ἐμπεδοκλῆς</span> <span class='ocrx_word' id='word_1_418' title='bbox 263 3083 358 3156; x_wconf 74' lang='grc' dir='ltr'>εἰπών,</span> <span class='ocrx_word' id='word_1_419' title='bbox 385 3085 596 3164; x_wconf 80' lang='grc' dir='ltr'>ἁμαρτανοίσοες</span> <span class='ocrx_word' id='word_1_420' title='bbox 610 3085 687 3162; x_wconf 86' lang='grc' dir='ltr'>νόμον</span> <span class='ocrx_word' id='word_1_421' title='bbox 703 3076 768 3144; x_wconf 75' lang='grc' dir='ltr'>εἶναι</span> <span class='ocrx_word' id='word_1_422' title='bbox 785 3095 842 3154; x_wconf 85' lang='grc' dir='ltr'>ταῖς</span> <span class='ocrx_word' id='word_1_423' title='bbox 890 3090 1028 3166; x_wconf 88' lang='lat' dir='ltr'><strong>quamde</strong></span> <span class='ocrx_word' id='word_1_424' title='bbox 1054 3087 1140 3147; x_wconf 89' lang='lat' dir='ltr'><strong>rebus</strong></span> <span class='ocrx_word' id='word_1_425' title='bbox 1162 3090 1280 3147; x_wconf 89' lang='lat' dir='ltr'><strong>incertis</strong></span> <span class='ocrx_word' id='word_1_426' title='bbox 1303 3107 1367 3144; x_wconf 89' lang='lat' dir='ltr'><strong>meo</strong></span> <span class='ocrx_word' id='word_1_427' title='bbox 1386 3085 1509 3146; x_wconf 90' lang='lat' dir='ltr'><strong>arbitrio</strong></span> <span class='ocrx_word' id='word_1_428' title='bbox 1527 3101 1660 3154; x_wconf 84' lang='lat' dir='ltr'><strong>statuere.</strong></span> 
     </span>
     <span class='ocr_line' id='line_1_33' title="bbox 61 3171 1664 3254; baseline 0.004 -27"><span class='ocrx_word' id='word_1_429' title='bbox 61 3175 158 3248; x_wconf 58' lang='grc' dir='ltr'>ψυχαῖς</span> <span class='ocrx_word' id='word_1_430' title='bbox 170 3179 262 3232; x_wconf 86' lang='grc' dir='ltr'>πεσεῖν</span> <span class='ocrx_word' id='word_1_431' title='bbox 279 3173 405 3245; x_wconf 70' lang='grc' dir='ltr'>ἐνταῦθα,</span> <span class='ocrx_word' id='word_1_432' title='bbox 422 3171 467 3231; x_wconf 80' lang='grc' dir='ltr'><strong>καὶ</strong></span> <span class='ocrx_word' id='word_1_433' title='bbox 482 3173 557 3239; x_wconf 77' lang='grc' dir='ltr'>αὐτὸς</span> <span class='ocrx_word' id='word_1_434' title='bbox 570 3172 652 3254; x_wconf 71' lang='grc' dir='ltr'>φυγὰς</span> <span class='ocrx_word' id='word_1_435' title='bbox 666 3173 750 3231; x_wconf 88' lang='grc' dir='ltr'>θεόθεν</span> <span class='ocrx_word' id='word_1_436' title='bbox 767 3176 841 3248; x_wconf 85' lang='grc' dir='ltr'>γενό-</span> <span class='ocrx_word' id='word_1_437' title='bbox 888 3177 949 3234; x_wconf 82' lang='grc' dir='ltr'>ΙΙιιο</span> <span class='ocrx_word' id='word_1_438' title='bbox 964 3176 1073 3235; x_wconf 89' lang='lat' dir='ltr'><strong>accedit</strong></span> <span class='ocrx_word' id='word_1_439' title='bbox 1088 3176 1166 3254; x_wconf 89' lang='lat' dir='ltr'><strong>quod</strong></span> <span class='ocrx_word' id='word_1_440' title='bbox 1181 3189 1316 3252; x_wconf 91' lang='lat' dir='ltr'><strong>quattuor</strong></span> <span class='ocrx_word' id='word_1_441' title='bbox 1328 3174 1372 3232; x_wconf 91' lang='lat' dir='ltr'><strong>illi</strong></span> <span class='ocrx_word' id='word_1_442' title='bbox 1387 3194 1488 3233; x_wconf 88' lang='lat' dir='ltr'><strong>versus</strong></span> <span class='ocrx_word' id='word_1_443' title='bbox 1502 3175 1603 3234; x_wconf 91' lang='lat' dir='ltr'><strong>inserti</strong></span> <span class='ocrx_word' id='word_1_444' title='bbox 1617 3178 1664 3234; x_wconf 92' lang='lat' dir='ltr'><strong>in·</strong></span> 
     </span>
     <span class='ocr_line' id='line_1_34' title="bbox 64 3257 1665 3341; baseline 0.003 -25"><span class='ocrx_word' id='word_1_445' title='bbox 64 3281 135 3331; x_wconf 75' lang='grc' dir='ltr'>μενος</span> <span class='ocrx_word' id='word_1_446' title='bbox 148 3257 264 3333; x_wconf 76' lang='grc' dir='ltr'>ήκειν,</span> <span class='ocrx_word' id='word_1_447' title='bbox 284 3258 390 3326; x_wconf 83' lang='grc' dir='ltr'>πίσυνος</span> <span class='ocrx_word' id='word_1_448' title='bbox 404 3261 553 3341; x_wconf 81' lang='grc' dir='ltr'>μαινομένῳ</span> <span class='ocrx_word' id='word_1_449' title='bbox 566 3261 655 3322; x_wconf 85' lang='grc' dir='ltr'>νείκει.</span> <span class='ocrx_word' id='word_1_450' title='bbox 675 3263 782 3322; x_wconf 88' lang='lat' dir='ltr'><strong>Verum</strong></span> <span class='ocrx_word' id='word_1_451' title='bbox 798 3264 841 3320; x_wconf 86' lang='lat' dir='ltr'><strong>fa·</strong></span> <span class='ocrx_word' id='word_1_452' title='bbox 887 3264 1014 3322; x_wconf 89' lang='lat' dir='ltr'><strong>choatam</strong></span> <span class='ocrx_word' id='word_1_453' title='bbox 1026 3265 1268 3322; x_wconf 86' lang='lat' dir='ltr'><strong>constructionem</strong></span> <span class='ocrx_word' id='word_1_454' title='bbox 1284 3261 1409 3333; x_wconf 90' lang='lat' dir='ltr'><strong>turbant,</strong></span> <span class='ocrx_word' id='word_1_455' title='bbox 1421 3265 1665 3340; x_wconf 81' lang='lat' dir='ltr'><strong>quaepraetermis·</strong></span> 
     </span>
     <span class='ocr_line' id='line_1_35' title="bbox 65 3337 1664 3428; baseline 0.004 -26"><span class='ocrx_word' id='word_1_456' title='bbox 65 3348 120 3402; x_wconf 81' lang='lat' dir='ltr'><strong>cile</strong></span> <span class='ocrx_word' id='word_1_457' title='bbox 133 3358 339 3423; x_wconf 87' lang='lat' dir='ltr'><strong>permutantur</strong></span> <span class='ocrx_word' id='word_1_458' title='bbox 346 3337 401 3424; x_wconf 81' lang='grc' dir='ltr'>εἶμι</span> <span class='ocrx_word' id='word_1_459' title='bbox 412 3361 439 3406; x_wconf 91' lang='lat' dir='ltr'><strong>et</strong></span> <span class='ocrx_word' id='word_1_460' title='bbox 450 3349 522 3426; x_wconf 80' lang='grc' dir='ltr'>είμί;</span> <span class='ocrx_word' id='word_1_461' title='bbox 534 3369 628 3426; x_wconf 89' lang='lat' dir='ltr'><strong>neque</strong></span> <span class='ocrx_word' id='word_1_462' title='bbox 638 3350 804 3428; x_wconf 88' lang='lat' dir='ltr'><strong>Philopono</strong></span> <span class='ocrx_word' id='word_1_463' title='bbox 815 3364 843 3409; x_wconf 88' lang='lat' dir='ltr'><strong>et</strong></span> <span class='ocrx_word' id='word_1_464' title='bbox 886 3350 926 3408; x_wconf 90' lang='lat' dir='ltr'><strong>sis</strong></span> <span class='ocrx_word' id='word_1_465' title='bbox 943 3351 1003 3408; x_wconf 91' lang='lat' dir='ltr'><strong>illis</strong></span> <span class='ocrx_word' id='word_1_466' title='bbox 1017 3351 1041 3408; x_wconf 91' lang='lat' dir='ltr'><strong>si</strong></span> <span class='ocrx_word' id='word_1_467' title='bbox 1056 3370 1120 3408; x_wconf 90' lang='lat' dir='ltr'><strong>cum</strong></span> <span class='ocrx_word' id='word_1_468' title='bbox 1136 3350 1300 3428; x_wconf 86' lang='lat' dir='ltr'><strong>Plrilopono</strong></span> <span class='ocrx_word' id='word_1_469' title='bbox 1319 3351 1354 3414; x_wconf 83' lang='grc' dir='ltr'><strong>ὡς</strong></span> <span class='ocrx_word' id='word_1_470' title='bbox 1368 3348 1462 3423; x_wconf 85' lang='lat' dir='ltr'><strong>legas,</strong></span> <span class='ocrx_word' id='word_1_471' title='bbox 1483 3349 1664 3426; x_wconf 83' lang='lat' dir='ltr'><strong>aequabiliter</strong></span> 
     </span>
     <span class='ocr_line' id='line_1_36' title="bbox 67 3431 1663 3512; baseline 0.004 -24"><span class='ocrx_word' id='word_1_472' title='bbox 67 3431 184 3490; x_wconf 83' lang='lat' dir='ltr'><strong>Plotino</strong></span> <span class='ocrx_word' id='word_1_473' title='bbox 200 3434 293 3508; x_wconf 85' lang='lat' dir='ltr'><strong>magis</strong></span> <span class='ocrx_word' id='word_1_474' title='bbox 305 3434 449 3493; x_wconf 81' lang='lat' dir='ltr'><strong>fidendum</strong></span> <span class='ocrx_word' id='word_1_475' title='bbox 463 3456 548 3512; x_wconf 87' lang='lat' dir='ltr'><strong>quam</strong></span> <span class='ocrx_word' id='word_1_476' title='bbox 561 3437 727 3496; x_wconf 88' lang='lat' dir='ltr'><strong>Plutarcho.</strong></span> <span class='ocrx_word' id='word_1_477' title='bbox 744 3437 842 3496; x_wconf 69' lang='lat' dir='ltr'><strong>tlscle-</strong></span> <span class='ocrx_word' id='word_1_478' title='bbox 886 3436 1022 3496; x_wconf 86' lang='lat' dir='ltr'><strong>decurrit.</strong></span> <span class='ocrx_word' id='word_1_479' title='bbox 1042 3437 1183 3496; x_wconf 75' lang='lat' dir='ltr'><strong>llaeterum</strong></span> <span class='ocrx_word' id='word_1_480' title='bbox 1209 3436 1307 3494; x_wconf 88' lang='lat' dir='ltr'><strong>verbis</strong></span> <span class='ocrx_word' id='word_1_481' title='bbox 1333 3435 1532 3512; x_wconf 84' lang='lat' dir='ltr'><strong>Empedocleis</strong></span> <span class='ocrx_word' id='word_1_482' title='bbox 1549 3437 1663 3496; x_wconf 84' lang='lat' dir='ltr'><strong>Plutar-</strong></span> 
     </span>
     <span class='ocr_line' id='line_1_37' title="bbox 67 3521 1662 3603; baseline 0.003 -24"><span class='ocrx_word' id='word_1_483' title='bbox 67 3521 246 3598; x_wconf 81' lang='lat' dir='ltr'><strong>piussclrol.</strong></span> <span class='ocrx_word' id='word_1_484' title='bbox 266 3522 298 3578; x_wconf 86' lang='lat' dir='ltr'><strong>in</strong></span> <span class='ocrx_word' id='word_1_485' title='bbox 320 3522 582 3602; x_wconf 65' lang='lat' dir='ltr'><strong>brisichhletaph.</strong></span> <span class='ocrx_word' id='word_1_486' title='bbox 609 3543 638 3602; x_wconf 85' lang='lat' dir='ltr'><strong>p.</strong></span> <span class='ocrx_word' id='word_1_487' title='bbox 653 3527 722 3600; x_wconf 84' lang='lat'><strong>629.</strong></span> <span class='ocrx_word' id='word_1_488' title='bbox 745 3544 771 3583; x_wconf 86' lang='lat' dir='ltr'><strong>a.</strong></span> <span class='ocrx_word' id='word_1_489' title='bbox 794 3524 840 3582; x_wconf 83' lang='lat' dir='ltr'><strong>ed.</strong></span> <span class='ocrx_word' id='word_1_490' title='bbox 887 3523 957 3584; x_wconf 86' lang='lat' dir='ltr'><strong>chus</strong></span> <span class='ocrx_word' id='word_1_491' title='bbox 973 3524 1217 3602; x_wconf 77' lang='lat' dir='ltr'><strong>subjungit:&#39;l&#39;lp</strong></span> <span class='ocrx_word' id='word_1_492' title='bbox 1232 3523 1329 3602; x_wconf 80' lang='grc' dir='ltr'>γένεσιν</span> <span class='ocrx_word' id='word_1_493' title='bbox 1346 3522 1496 3597; x_wconf 69' lang='grc' dir='ltr'>ἀποδημίαν</span> <span class='ocrx_word' id='word_1_494' title='bbox 1512 3528 1662 3603; x_wconf 80' lang='grc' dir='ltr'>ὑποκορίζε·</span> 
     </span>
     <span class='ocr_line' id='line_1_38' title="bbox 66 3607 1663 3690; baseline 0.004 -26"><span class='ocrx_word' id='word_1_495' title='bbox 66 3608 170 3669; x_wconf 83' lang='lat' dir='ltr'><strong>Brand.</strong></span> <span class='ocrx_word' id='word_1_496' title='bbox 182 3607 284 3666; x_wconf 83' lang='lat' dir='ltr'><strong>eadem</strong></span> <span class='ocrx_word' id='word_1_497' title='bbox 299 3607 440 3668; x_wconf 83' lang='lat' dir='ltr'><strong>verbasic</strong></span> <span class='ocrx_word' id='word_1_498' title='bbox 454 3611 542 3668; x_wconf 85' lang='lat' dir='ltr'><strong>citat:</strong></span> <span class='ocrx_word' id='word_1_499' title='bbox 888 3633 946 3683; x_wconf 86' lang='grc' dir='ltr'>ται,</span> <span class='ocrx_word' id='word_1_500' title='bbox 958 3613 996 3690; x_wconf 85' lang='grc' dir='ltr'><strong>τῷ</strong></span> <span class='ocrx_word' id='word_1_501' title='bbox 1012 3611 1151 3690; x_wconf 61' lang='grc' dir='ltr'>πρᾳοτάτῳ</span> <span class='ocrx_word' id='word_1_502' title='bbox 1165 3614 1215 3668; x_wconf 84' lang='grc' dir='ltr'>τῶν</span> <span class='ocrx_word' id='word_1_503' title='bbox 1230 3610 1378 3684; x_wconf 80' lang='grc' dir='ltr'>ὀνομάτων·</span> <span class='ocrx_word' id='word_1_504' title='bbox 1390 3609 1420 3668; x_wconf 79' lang='grc' dir='ltr'><strong>τὸ</strong></span> <span class='ocrx_word' id='word_1_505' title='bbox 1435 3610 1456 3666; x_wconf 83' lang='grc' dir='ltr'><strong>δ’</strong></span> <span class='ocrx_word' id='word_1_506' title='bbox 1471 3609 1663 3690; x_wconf 74' lang='grc' dir='ltr'>ἀληθέστατον,</span> 
     </span>
     <span class='ocr_line' id='line_1_39' title="bbox 889 3697 1665 3781; baseline 0.006 -27"><span class='ocrx_word' id='word_1_507' title='bbox 889 3697 976 3776; x_wconf 72' lang='grc' dir='ltr'>ρεόγει</span> <span class='ocrx_word' id='word_1_508' title='bbox 991 3702 1023 3770; x_wconf 78' lang='grc' dir='ltr'><strong>(ἡ</strong></span> <span class='ocrx_word' id='word_1_509' title='bbox 1033 3698 1120 3778; x_wconf 71' lang='grc' dir='ltr'>ψυχή)</span> <span class='ocrx_word' id='word_1_510' title='bbox 1138 3697 1183 3758; x_wconf 83' lang='grc' dir='ltr'><strong>καί</strong></span> <span class='ocrx_word' id='word_1_511' title='bbox 1195 3701 1327 3757; x_wconf 80' lang='grc' dir='ltr'>πλανᾶται</span> <span class='ocrx_word' id='word_1_512' title='bbox 1339 3698 1415 3764; x_wconf 81' lang='grc' dir='ltr'>θείοις</span> <span class='ocrx_word' id='word_1_513' title='bbox 1434 3697 1594 3776; x_wconf 78' lang='grc' dir='ltr'>ἐλαυνομένη</span> <span class='ocrx_word' id='word_1_514' title='bbox 1607 3701 1665 3781; x_wconf 75' lang='grc' dir='ltr'>δόγ-</span> 
     </span>
     <span class='ocr_line' id='line_1_40' title="bbox 890 3785 1124 3862; baseline 0.009 -22"><span class='ocrx_word' id='word_1_515' title='bbox 890 3807 953 3858; x_wconf 89' lang='grc' dir='ltr'>μασι</span> <span class='ocrx_word' id='word_1_516' title='bbox 969 3785 1013 3843; x_wconf 78' lang='grc' dir='ltr'><strong>καί</strong></span> <span class='ocrx_word' id='word_1_517' title='bbox 1028 3785 1124 3862; x_wconf 88' lang='grc' dir='ltr'>νόμοις.</span> 
     </span>
    </p>

    <p class='ocr_par' dir='ltr' id='par_1_4' title="bbox 67 3871 1667 5087">
     <span class='ocr_line' id='line_1_41' title="bbox 927 3871 1666 3935; baseline 0.012 -9"><span class='ocrx_word' id='word_1_518' title='bbox 927 3871 990 3930; x_wconf 88' lang='lat' dir='ltr'><strong>Vss.</strong></span> <span class='ocrx_word' id='word_1_519' title='bbox 1022 3894 1116 3930; x_wconf 76' lang='grc' dir='ltr'>ιι-ιε.</span> <span class='ocrx_word' id='word_1_520' title='bbox 1152 3874 1283 3931; x_wconf 84' lang='lat' dir='ltr'><strong>hilerunt</strong></span> <span class='ocrx_word' id='word_1_521' title='bbox 1318 3872 1371 3930; x_wconf 92' lang='lat' dir='ltr'><strong>hos</strong></span> <span class='ocrx_word' id='word_1_522' title='bbox 1406 3893 1507 3932; x_wconf 83' lang='lat' dir='ltr'><strong>versus</strong></span> <span class='ocrx_word' id='word_1_523' title='bbox 1535 3871 1666 3935; x_wconf 83' lang='lat' dir='ltr'><strong>Cle&#39;nrens</strong></span> 
     </span>
     <span class='ocr_line' id='line_1_42' title="bbox 69 3950 1665 4038; baseline 0.011 -32"><span class='ocrx_word' id='word_1_524' title='bbox 69 3951 206 4026; x_wconf 78' lang='lat' dir='ltr'><strong>lierglsius</strong></span> <span class='ocrx_word' id='word_1_525' title='bbox 230 3950 308 4009; x_wconf 88' lang='lat' dir='ltr'><strong>haud</strong></span> <span class='ocrx_word' id='word_1_526' title='bbox 329 3971 409 4011; x_wconf 86' lang='lat' dir='ltr'><strong>secus</strong></span> <span class='ocrx_word' id='word_1_527' title='bbox 431 3968 517 4032; x_wconf 90' lang='lat' dir='ltr'><strong>atque</strong></span> <span class='ocrx_word' id='word_1_528' title='bbox 536 3954 665 4033; x_wconf 83' lang='lat' dir='ltr'><strong>Scaliger</strong></span> <span class='ocrx_word' id='word_1_529' title='bbox 683 3959 844 4036; x_wconf 84' lang='lat' dir='ltr'><strong>suspicatus</strong></span> <span class='ocrx_word' id='word_1_530' title='bbox 890 3957 1102 4018; x_wconf 77' lang='lat' dir='ltr'><strong>Alexandrinus</strong></span> <span class='ocrx_word' id='word_1_531' title='bbox 1115 3959 1223 4018; x_wconf 89' lang='lat' dir='ltr'><strong>Strom.</strong></span> <span class='ocrx_word' id='word_1_532' title='bbox 1237 3959 1276 4016; x_wconf 85' lang='lat' dir='ltr'><strong>lil</strong></span> <span class='ocrx_word' id='word_1_533' title='bbox 1291 3981 1321 4038; x_wconf 89' lang='lat' dir='ltr'><strong>p.</strong></span> <span class='ocrx_word' id='word_1_534' title='bbox 1336 3962 1393 4032; x_wconf 79' lang='lat'><strong>627</strong></span> <span class='ocrx_word' id='word_1_535' title='bbox 1409 3960 1453 4032; x_wconf 70' lang='grc' dir='ltr'><strong>Ι),</strong></span> <span class='ocrx_word' id='word_1_536' title='bbox 1475 3961 1665 4022; x_wconf 86' lang='lat' dir='ltr'><strong>Philostratus</strong></span> 
     </span>
     <span class='ocr_line' id='line_1_43' title="bbox 67 4039 1665 4127; baseline 0.009 -32"><span class='ocrx_word' id='word_1_537' title='bbox 67 4051 107 4095; x_wconf 83' lang='lat' dir='ltr'><strong>cst</strong></span> <span class='ocrx_word' id='word_1_538' title='bbox 120 4051 239 4115; x_wconf 90' lang='lat' dir='ltr'><strong>poetam</strong></span> <span class='ocrx_word' id='word_1_539' title='bbox 254 4039 406 4116; x_wconf 87' lang='lat' dir='ltr'><strong>scripsisse</strong></span> <span class='ocrx_word' id='word_1_540' title='bbox 419 4041 471 4099; x_wconf 82' lang='grc' dir='ltr'>τῶν</span> <span class='ocrx_word' id='word_1_541' title='bbox 490 4041 536 4100; x_wconf 82' lang='grc' dir='ltr'><strong>καλ</strong></span> <span class='ocrx_word' id='word_1_542' title='bbox 550 4043 601 4120; x_wconf 80' lang='grc' dir='ltr'><strong>ἐγὼ</strong></span> <span class='ocrx_word' id='word_1_543' title='bbox 617 4048 661 4100; x_wconf 84' lang='grc' dir='ltr'><strong>νῦν</strong></span> <span class='ocrx_word' id='word_1_544' title='bbox 678 4045 743 4120; x_wconf 83' lang='grc' dir='ltr'>εἰμι,</span> <span class='ocrx_word' id='word_1_545' title='bbox 765 4045 844 4121; x_wconf 89' lang='lat' dir='ltr'><strong>quod</strong></span> <span class='ocrx_word' id='word_1_546' title='bbox 890 4047 985 4124; x_wconf 82' lang='lat' dir='ltr'><strong>Apoll.</strong></span> <span class='ocrx_word' id='word_1_547' title='bbox 1008 4048 1060 4106; x_wconf 85' lang='lat' dir='ltr'><strong>rit.</strong></span> <span class='ocrx_word' id='word_1_548' title='bbox 1091 4047 1115 4118; x_wconf 94' lang='lat' dir='ltr'><strong>l,</strong></span> <span class='ocrx_word' id='word_1_549' title='bbox 1149 4071 1176 4118; x_wconf 86' lang='lat' dir='ltr'><strong>r,</strong></span> <span class='ocrx_word' id='word_1_550' title='bbox 1195 4069 1225 4126; x_wconf 91' lang='lat' dir='ltr'><strong>p.</strong></span> <span class='ocrx_word' id='word_1_551' title='bbox 1252 4069 1285 4120; x_wconf 72' lang='grc' dir='ltr'><strong>ας</strong></span> <span class='ocrx_word' id='word_1_552' title='bbox 1312 4047 1465 4106; x_wconf 79' lang='lat' dir='ltr'><strong>Athenaeus</strong></span> <span class='ocrx_word' id='word_1_553' title='bbox 1488 4049 1575 4127; x_wconf 82' lang='lat' dir='ltr'><strong>liipn.</strong></span> <span class='ocrx_word' id='word_1_554' title='bbox 1597 4051 1665 4110; x_wconf 84' lang='lat' dir='ltr'><strong>vttt</strong></span> 
     </span>
     <span class='ocr_line' id='line_1_44' title="bbox 70 4126 1666 4214; baseline 0.009 -32"><span class='ocrx_word' id='word_1_555' title='bbox 70 4126 248 4184; x_wconf 86' lang='lat' dir='ltr'><strong>nuncetiam</strong></span> <span class='ocrx_word' id='word_1_556' title='bbox 264 4126 579 4206; x_wconf 83' lang='lat' dir='ltr'><strong>llippolytusagnoscit</strong></span> <span class='ocrx_word' id='word_1_557' title='bbox 590 4131 641 4207; x_wconf 93' lang='lat' dir='ltr'><strong>qui</strong></span> <span class='ocrx_word' id='word_1_558' title='bbox 656 4145 749 4190; x_wconf 90' lang='lat' dir='ltr'><strong>tamen</strong></span> <span class='ocrx_word' id='word_1_559' title='bbox 763 4133 844 4190; x_wconf 88' lang='lat' dir='ltr'><strong>omit·</strong></span> <span class='ocrx_word' id='word_1_560' title='bbox 889 4157 920 4214; x_wconf 88' lang='lat' dir='ltr'><strong>p.</strong></span> <span class='ocrx_word' id='word_1_561' title='bbox 935 4136 991 4193; x_wconf 81' lang='lat'><strong>365</strong></span> <span class='ocrx_word' id='word_1_562' title='bbox 1007 4135 1045 4206; x_wconf 73' lang='lat' dir='ltr'><strong>E,</strong></span> <span class='ocrx_word' id='word_1_563' title='bbox 1063 4133 1204 4210; x_wconf 73' lang='lat' dir='ltr'><strong>Diogenes</strong></span> <span class='ocrx_word' id='word_1_564' title='bbox 1215 4135 1346 4192; x_wconf 89' lang='lat' dir='ltr'><strong>Laertius</strong></span> <span class='ocrx_word' id='word_1_565' title='bbox 1359 4134 1425 4192; x_wconf 94' lang='lat' dir='ltr'><strong>Vlll</strong></span> <span class='ocrx_word' id='word_1_566' title='bbox 1441 4155 1465 4192; x_wconf 93' lang='lat' dir='ltr'><strong>s.</strong></span> <span class='ocrx_word' id='word_1_567' title='bbox 1482 4157 1516 4208; x_wconf 89' lang='lat'><strong>77</strong></span> <span class='ocrx_word' id='word_1_568' title='bbox 1528 4158 1536 4207; x_wconf 89' lang='lat'>;</span> <span class='ocrx_word' id='word_1_569' title='bbox 1550 4136 1575 4192; x_wconf 85' lang='lat' dir='ltr'>T</span> <span class='ocrx_word' id='word_1_570' title='bbox 1577 4137 1666 4196; x_wconf 90' lang='lat' dir='ltr'><strong>hemi·</strong></span> 
     </span>
     <span class='ocr_line' id='line_1_45' title="bbox 69 4213 1665 4300; baseline 0.011 -32"><span class='ocrx_word' id='word_1_571' title='bbox 69 4213 101 4270; x_wconf 89' lang='lat' dir='ltr'><strong>tit</strong></span> <span class='ocrx_word' id='word_1_572' title='bbox 114 4219 168 4272; x_wconf 75' lang='grc' dir='ltr'>νῦν.</span> <span class='ocrx_word' id='word_1_573' title='bbox 186 4213 261 4271; x_wconf 86' lang='lat' dir='ltr'><strong>hlihi</strong></span> <span class='ocrx_word' id='word_1_574' title='bbox 275 4213 391 4272; x_wconf 84' lang='lat' dir='ltr'><strong>ridetur</strong></span> <span class='ocrx_word' id='word_1_575' title='bbox 405 4215 556 4292; x_wconf 90' lang='lat' dir='ltr'><strong>legendum</strong></span> <span class='ocrx_word' id='word_1_576' title='bbox 569 4219 604 4284; x_wconf 82' lang='grc' dir='ltr'><strong>ὡς</strong></span> <span class='ocrx_word' id='word_1_577' title='bbox 613 4217 658 4276; x_wconf 80' lang='grc' dir='ltr'><strong>καὶ</strong></span> <span class='ocrx_word' id='word_1_578' title='bbox 672 4217 724 4297; x_wconf 74' lang='grc' dir='ltr'><strong>ἐγὼ</strong></span> <span class='ocrx_word' id='word_1_579' title='bbox 733 4223 777 4276; x_wconf 86' lang='grc' dir='ltr'><strong>νῦν</strong></span> <span class='ocrx_word' id='word_1_580' title='bbox 789 4221 844 4294; x_wconf 85' lang='grc' dir='ltr'>εἶμι</span> <span class='ocrx_word' id='word_1_581' title='bbox 890 4224 961 4281; x_wconf 89' lang='lat' dir='ltr'><strong>stius</strong></span> <span class='ocrx_word' id='word_1_582' title='bbox 978 4224 1008 4282; x_wconf 93' lang='lat' dir='ltr'><strong>in</strong></span> <span class='ocrx_word' id='word_1_583' title='bbox 1024 4221 1111 4282; x_wconf 81' lang='lat' dir='ltr'><strong>Arist.</strong></span> <span class='ocrx_word' id='word_1_584' title='bbox 1129 4219 1165 4280; x_wconf 93' lang='lat' dir='ltr'><strong>de</strong></span> <span class='ocrx_word' id='word_1_585' title='bbox 1182 4225 1232 4280; x_wconf 85' lang='lat' dir='ltr'><strong>hn.</strong></span> <span class='ocrx_word' id='word_1_586' title='bbox 1249 4221 1273 4292; x_wconf 95' lang='lat' dir='ltr'><strong>l,</strong></span> <span class='ocrx_word' id='word_1_587' title='bbox 1292 4223 1311 4282; x_wconf 87' lang='lat' dir='ltr'><strong>i.</strong></span> <span class='ocrx_word' id='word_1_588' title='bbox 1329 4243 1364 4294; x_wconf 74' lang='lat'><strong>7²</strong></span> <span class='ocrx_word' id='word_1_589' title='bbox 1381 4223 1418 4292; x_wconf 83' lang='lat' dir='ltr'><strong>ss;</strong></span> <span class='ocrx_word' id='word_1_590' title='bbox 1433 4223 1615 4300; x_wconf 87' lang='lat' dir='ltr'><strong>Philoponus</strong></span> <span class='ocrx_word' id='word_1_591' title='bbox 1629 4227 1665 4284; x_wconf 89' lang='lat' dir='ltr'><strong>de</strong></span> 
     </span>
     <span class='ocr_line' id='line_1_46' title="bbox 71 4299 1664 4387; baseline 0.011 -31"><span class='ocrx_word' id='word_1_592' title='bbox 71 4299 97 4357; x_wconf 91' lang='lat' dir='ltr'><strong>in</strong></span> <span class='ocrx_word' id='word_1_593' title='bbox 112 4321 172 4377; x_wconf 91' lang='lat' dir='ltr'><strong>quo</strong></span> <span class='ocrx_word' id='word_1_594' title='bbox 186 4300 372 4378; x_wconf 85' lang='lat' dir='ltr'><strong>Philoponus</strong></span> <span class='ocrx_word' id='word_1_595' title='bbox 384 4316 412 4360; x_wconf 92' lang='lat' dir='ltr'><strong>et</strong></span> <span class='ocrx_word' id='word_1_596' title='bbox 430 4303 581 4382; x_wconf 79' lang='lat' dir='ltr'><strong>Asclepius</strong></span> <span class='ocrx_word' id='word_1_597' title='bbox 598 4307 773 4383; x_wconf 85' lang='lat' dir='ltr'><strong>conspirant.</strong></span> <span class='ocrx_word' id='word_1_598' title='bbox 789 4306 844 4364; x_wconf 88' lang='lat' dir='ltr'><strong>Sed</strong></span> <span class='ocrx_word' id='word_1_599' title='bbox 890 4310 946 4367; x_wconf 75' lang='lat' dir='ltr'><strong>An.</strong></span> <span class='ocrx_word' id='word_1_600' title='bbox 966 4309 991 4385; x_wconf 87' lang='lat' dir='ltr'><strong>l,</strong></span> <span class='ocrx_word' id='word_1_601' title='bbox 1015 4311 1058 4368; x_wconf 89' lang='lat' dir='ltr'><strong>lit.</strong></span> <span class='ocrx_word' id='word_1_602' title='bbox 1081 4311 1106 4368; x_wconf 89' lang='lat' dir='ltr'><strong>l)</strong></span> <span class='ocrx_word' id='word_1_603' title='bbox 1129 4331 1156 4387; x_wconf 95' lang='lat' dir='ltr'><strong>p.</strong></span> <span class='ocrx_word' id='word_1_604' title='bbox 1178 4312 1229 4380; x_wconf 76' lang='lat'><strong>16,</strong></span> <span class='ocrx_word' id='word_1_605' title='bbox 1251 4310 1486 4386; x_wconf 71' lang='lat' dir='ltr'><strong>Olympiodorus&#39;</strong></span> <span class='ocrx_word' id='word_1_606' title='bbox 1501 4312 1532 4367; x_wconf 93' lang='lat' dir='ltr'><strong>in</strong></span> <span class='ocrx_word' id='word_1_607' title='bbox 1548 4311 1664 4372; x_wconf 88' lang='lat' dir='ltr'><strong>Platon.</strong></span> 
     </span>
     <span class='ocr_line' id='line_1_47' title="bbox 69 4387 1665 4474; baseline 0.008 -31"><span class='ocrx_word' id='word_1_608' title='bbox 69 4407 102 4444; x_wconf 89' lang='lat' dir='ltr'><strong>ne</strong></span> <span class='ocrx_word' id='word_1_609' title='bbox 116 4389 185 4464; x_wconf 86' lang='lat' dir='ltr'><strong>quis</strong></span> <span class='ocrx_word' id='word_1_610' title='bbox 198 4387 256 4445; x_wconf 92' lang='lat' dir='ltr'><strong>hoc</strong></span> <span class='ocrx_word' id='word_1_611' title='bbox 271 4401 377 4446; x_wconf 87' lang='lat' dir='ltr'><strong>temere</strong></span> <span class='ocrx_word' id='word_1_612' title='bbox 389 4389 451 4454; x_wconf 87' lang='lat' dir='ltr'><strong>lieri</strong></span> <span class='ocrx_word' id='word_1_613' title='bbox 470 4403 567 4469; x_wconf 92' lang='lat' dir='ltr'><strong>putet,</strong></span> <span class='ocrx_word' id='word_1_614' title='bbox 582 4394 742 4470; x_wconf 87' lang='lat' dir='ltr'><strong>praesertim</strong></span> <span class='ocrx_word' id='word_1_615' title='bbox 754 4413 843 4469; x_wconf 92' lang='lat' dir='ltr'><strong>quum</strong></span> <span class='ocrx_word' id='word_1_616' title='bbox 889 4397 987 4454; x_wconf 83' lang='lat' dir='ltr'><strong>Phaed.</strong></span> <span class='ocrx_word' id='word_1_617' title='bbox 1002 4419 1030 4469; x_wconf 92' lang='lat' dir='ltr'><strong>c,</strong></span> <span class='ocrx_word' id='word_1_618' title='bbox 1047 4397 1080 4454; x_wconf 83' lang='lat'><strong>15</strong></span> <span class='ocrx_word' id='word_1_619' title='bbox 1097 4398 1146 4458; x_wconf 86' lang='lat' dir='ltr'><strong>rit.</strong></span> <span class='ocrx_word' id='word_1_620' title='bbox 1162 4396 1284 4453; x_wconf 84' lang='lat' dir='ltr'><strong>Fischer.</strong></span> <span class='ocrx_word' id='word_1_621' title='bbox 1300 4417 1330 4474; x_wconf 92' lang='lat' dir='ltr'><strong>p.</strong></span> <span class='ocrx_word' id='word_1_622' title='bbox 1343 4396 1400 4472; x_wconf 80' lang='lat'><strong>295</strong></span> <span class='ocrx_word' id='word_1_623' title='bbox 1412 4419 1419 4467; x_wconf 86' lang='lat'>;</span> <span class='ocrx_word' id='word_1_624' title='bbox 1432 4397 1560 4473; x_wconf 84' lang='lat' dir='ltr'><strong>Cyrillus</strong></span> <span class='ocrx_word' id='word_1_625' title='bbox 1575 4419 1599 4456; x_wconf 92' lang='lat' dir='ltr'><strong>c.</strong></span> <span class='ocrx_word' id='word_1_626' title='bbox 1613 4398 1665 4456; x_wconf 82' lang='lat' dir='ltr'><strong>iu·</strong></span> 
     </span>
     <span class='ocr_line' id='line_1_48' title="bbox 68 4473 1663 4563; baseline 0.006 -31"><span class='ocrx_word' id='word_1_627' title='bbox 68 4473 312 4533; x_wconf 83' lang='lat' dir='ltr'><strong>Schneidewinus</strong></span> <span class='ocrx_word' id='word_1_628' title='bbox 336 4479 387 4533; x_wconf 79' lang='grc' dir='ltr'>τῶν</span> <span class='ocrx_word' id='word_1_629' title='bbox 404 4477 490 4534; x_wconf 89' lang='lat' dir='ltr'><strong>unice</strong></span> <span class='ocrx_word' id='word_1_630' title='bbox 503 4497 604 4537; x_wconf 85' lang='lat' dir='ltr'><strong>rerum</strong></span> <span class='ocrx_word' id='word_1_631' title='bbox 617 4480 844 4553; x_wconf 82' lang='lat' dir='ltr'><strong>existimaverit,</strong></span> <span class='ocrx_word' id='word_1_632' title='bbox 891 4483 958 4542; x_wconf 90' lang='lat' dir='ltr'><strong>lian.</strong></span> <span class='ocrx_word' id='word_1_633' title='bbox 968 4483 1021 4541; x_wconf 86' lang='lat' dir='ltr'><strong>Vll</strong></span> <span class='ocrx_word' id='word_1_634' title='bbox 1032 4505 1060 4563; x_wconf 93' lang='lat' dir='ltr'><strong>p.</strong></span> <span class='ocrx_word' id='word_1_635' title='bbox 1075 4487 1131 4550; x_wconf 70' lang='lat'><strong>243</strong></span> <span class='ocrx_word' id='word_1_636' title='bbox 1145 4485 1185 4556; x_wconf 69' lang='grc' dir='ltr'><strong>Ι),</strong></span> <span class='ocrx_word' id='word_1_637' title='bbox 1199 4483 1338 4558; x_wconf 83' lang='lat' dir='ltr'><strong>Origenes</strong></span> <span class='ocrx_word' id='word_1_638' title='bbox 1351 4484 1464 4545; x_wconf 78' lang='lat' dir='ltr'><strong>l’hilos.</strong></span> <span class='ocrx_word' id='word_1_639' title='bbox 1476 4483 1534 4556; x_wconf 88' lang='lat' dir='ltr'><strong>lll;</strong></span> <span class='ocrx_word' id='word_1_640' title='bbox 1548 4485 1663 4544; x_wconf 78' lang='lat' dir='ltr'><strong>Anthol.</strong></span> 
     </span>
     <span class='ocr_line' id='line_1_49' title="bbox 70 4561 1666 4648; baseline 0.009 -30"><span class='ocrx_word' id='word_1_641' title='bbox 70 4562 154 4637; x_wconf 88' lang='lat' dir='ltr'><strong>paulo</strong></span> <span class='ocrx_word' id='word_1_642' title='bbox 183 4563 348 4620; x_wconf 88' lang='lat' dir='ltr'><strong>accuratius</strong></span> <span class='ocrx_word' id='word_1_643' title='bbox 368 4561 405 4620; x_wconf 91' lang='lat' dir='ltr'><strong>de</strong></span> <span class='ocrx_word' id='word_1_644' title='bbox 428 4563 484 4622; x_wconf 94' lang='lat' dir='ltr'><strong>hoc</strong></span> <span class='ocrx_word' id='word_1_645' title='bbox 499 4567 627 4640; x_wconf 82' lang='lat' dir='ltr'><strong>genitivo</strong></span> <span class='ocrx_word' id='word_1_646' title='bbox 641 4566 779 4627; x_wconf 87' lang='lat' dir='ltr'><strong>dicamus.</strong></span> <span class='ocrx_word' id='word_1_647' title='bbox 804 4568 845 4626; x_wconf 80' lang='lat' dir='ltr'><strong>Ac</strong></span> <span class='ocrx_word' id='word_1_648' title='bbox 890 4569 1123 4629; x_wconf 87' lang='lat' dir='ltr'><strong>Graec.Bosrh.t.</strong></span> <span class='ocrx_word' id='word_1_649' title='bbox 1135 4593 1144 4627; x_wconf 89' lang='grc' dir='ltr'>ι</span> <span class='ocrx_word' id='word_1_650' title='bbox 1155 4592 1184 4648; x_wconf 86' lang='lat' dir='ltr'><strong>p.</strong></span> <span class='ocrx_word' id='word_1_651' title='bbox 1195 4569 1555 4644; x_wconf 76' lang='lat' dir='ltr'><strong>3383Eustath.iu0d.lib</strong></span> <span class='ocrx_word' id='word_1_652' title='bbox 1573 4572 1666 4632; x_wconf 86' lang='lat' dir='ltr'><strong>lll&#39;lll</strong></span> 
     </span>
     <span class='ocr_line' id='line_1_50' title="bbox 69 4651 1667 4735; baseline 0.009 -31"><span class='ocrx_word' id='word_1_653' title='bbox 69 4667 160 4723; x_wconf 87' lang='lat' dir='ltr'><strong>perse</strong></span> <span class='ocrx_word' id='word_1_654' title='bbox 173 4661 270 4726; x_wconf 91' lang='lat' dir='ltr'><strong>patet,</strong></span> <span class='ocrx_word' id='word_1_655' title='bbox 286 4651 424 4725; x_wconf 89' lang='lat' dir='ltr'><strong>quoniam</strong></span> <span class='ocrx_word' id='word_1_656' title='bbox 437 4655 489 4709; x_wconf 85' lang='grc' dir='ltr'>τῶν</span> <span class='ocrx_word' id='word_1_657' title='bbox 498 4652 647 4728; x_wconf 88' lang='lat' dir='ltr'><strong>epicorum</strong></span> <span class='ocrx_word' id='word_1_658' title='bbox 663 4673 743 4712; x_wconf 91' lang='lat' dir='ltr'><strong>more</strong></span> <span class='ocrx_word' id='word_1_659' title='bbox 757 4654 787 4712; x_wconf 90' lang='lat' dir='ltr'><strong>in</strong></span> <span class='ocrx_word' id='word_1_660' title='bbox 798 4655 845 4713; x_wconf 91' lang='lat' dir='ltr'><strong>his</strong></span> <span class='ocrx_word' id='word_1_661' title='bbox 890 4677 919 4734; x_wconf 91' lang='lat' dir='ltr'><strong>p.</strong></span> <span class='ocrx_word' id='word_1_662' title='bbox 944 4659 1029 4729; x_wconf 78' lang='lat'><strong>1838,</strong></span> <span class='ocrx_word' id='word_1_663' title='bbox 1054 4657 1109 4729; x_wconf 70' lang='grc' dir='ltr'>θα,</span> <span class='ocrx_word' id='word_1_664' title='bbox 1136 4658 1240 4716; x_wconf 91' lang='lat' dir='ltr'><strong>Suidas</strong></span> <span class='ocrx_word' id='word_1_665' title='bbox 1263 4659 1293 4716; x_wconf 93' lang='lat' dir='ltr'><strong>in</strong></span> <span class='ocrx_word' id='word_1_666' title='bbox 1308 4665 1345 4716; x_wconf 85' lang='lat' dir='ltr'><strong>&#39;v.</strong></span> <span class='ocrx_word' id='word_1_667' title='bbox 1362 4651 1495 4735; x_wconf 80' lang='grc' dir='ltr'>Ἐμπεθ.;</span> <span class='ocrx_word' id='word_1_668' title='bbox 1519 4659 1667 4720; x_wconf 85' lang='lat' dir='ltr'><strong>Cedrenus</strong></span> 
     </span>
     <span class='ocr_line' id='line_1_51' title="bbox 71 4735 1664 4822; baseline 0.009 -30"><span class='ocrx_word' id='word_1_669' title='bbox 71 4735 269 4814; x_wconf 77' lang='lat' dir='ltr'><strong>lirnpedocleis</strong></span> <span class='ocrx_word' id='word_1_670' title='bbox 292 4735 474 4798; x_wconf 86' lang='lat' dir='ltr'><strong>carminibus</strong></span> <span class='ocrx_word' id='word_1_671' title='bbox 488 4753 544 4797; x_wconf 88' lang='lat' dir='ltr'><strong>tam</strong></span> <span class='ocrx_word' id='word_1_672' title='bbox 558 4761 613 4819; x_wconf 93' lang='lat' dir='ltr'><strong>pro</strong></span> <span class='ocrx_word' id='word_1_673' title='bbox 634 4741 845 4820; x_wconf 74' lang='lat' dir='ltr'><strong>coitur,quam</strong></span> <span class='ocrx_word' id='word_1_674' title='bbox 873 4742 998 4801; x_wconf 61' lang='lat' dir='ltr'><strong>=Chron.</strong></span> <span class='ocrx_word' id='word_1_675' title='bbox 1016 4756 1035 4802; x_wconf 85' lang='lat' dir='ltr'><strong>t.</strong></span> <span class='ocrx_word' id='word_1_676' title='bbox 1062 4766 1071 4802; x_wconf 87' lang='lat' dir='ltr'><strong>r</strong></span> <span class='ocrx_word' id='word_1_677' title='bbox 1099 4765 1130 4822; x_wconf 90' lang='lat' dir='ltr'><strong>p.</strong></span> <span class='ocrx_word' id='word_1_678' title='bbox 1152 4745 1204 4816; x_wconf 88' lang='lat'><strong>157</strong></span> <span class='ocrx_word' id='word_1_679' title='bbox 1226 4744 1307 4815; x_wconf 83' lang='lat' dir='ltr'><strong>Par.;</strong></span> <span class='ocrx_word' id='word_1_680' title='bbox 1324 4745 1463 4804; x_wconf 74' lang='lat' dir='ltr'><strong>Arsenius</strong></span> <span class='ocrx_word' id='word_1_681' title='bbox 1479 4747 1507 4803; x_wconf 90' lang='lat' dir='ltr'><strong>in</strong></span> <span class='ocrx_word' id='word_1_682' title='bbox 1523 4746 1664 4807; x_wconf 77' lang='lat' dir='ltr'><strong>l&#39;iolario.</strong></span> 
     </span>
     <span class='ocr_line' id='line_1_52' title="bbox 71 4816 1663 4912; baseline 0.008 -32"><span class='ocrx_word' id='word_1_683' title='bbox 71 4841 120 4898; x_wconf 87' lang='lat' dir='ltr'><strong>pro</strong></span> <span class='ocrx_word' id='word_1_684' title='bbox 129 4816 166 4882; x_wconf 79' lang='grc' dir='ltr'>ὧν</span> <span class='ocrx_word' id='word_1_685' title='bbox 181 4843 242 4882; x_wconf 86' lang='lat' dir='ltr'><strong>esse</strong></span> <span class='ocrx_word' id='word_1_686' title='bbox 257 4824 350 4900; x_wconf 87' lang='lat' dir='ltr'><strong>solet,</strong></span> <span class='ocrx_word' id='word_1_687' title='bbox 363 4822 474 4882; x_wconf 87' lang='lat' dir='ltr'><strong>bonum</strong></span> <span class='ocrx_word' id='word_1_688' title='bbox 492 4840 605 4903; x_wconf 88' lang='lat' dir='ltr'><strong>poetam</strong></span> <span class='ocrx_word' id='word_1_689' title='bbox 618 4826 786 4905; x_wconf 87' lang='lat' dir='ltr'><strong>hujusmodi</strong></span> <span class='ocrx_word' id='word_1_690' title='bbox 799 4849 845 4904; x_wconf 89' lang='lat' dir='ltr'><strong>ge·</strong></span> <span class='ocrx_word' id='word_1_691' title='bbox 891 4829 992 4889; x_wconf 87' lang='lat' dir='ltr'><strong>Latine</strong></span> <span class='ocrx_word' id='word_1_692' title='bbox 1010 4831 1138 4890; x_wconf 90' lang='lat' dir='ltr'><strong>redditos</strong></span> <span class='ocrx_word' id='word_1_693' title='bbox 1150 4831 1219 4889; x_wconf 90' lang='lat' dir='ltr'><strong>citat</strong></span> <span class='ocrx_word' id='word_1_694' title='bbox 1233 4832 1400 4891; x_wconf 86' lang='lat' dir='ltr'><strong>Chalcidius</strong></span> <span class='ocrx_word' id='word_1_695' title='bbox 1412 4833 1443 4890; x_wconf 91' lang='lat' dir='ltr'><strong>in</strong></span> <span class='ocrx_word' id='word_1_696' title='bbox 1459 4833 1538 4891; x_wconf 89' lang='lat' dir='ltr'><strong>Tim.</strong></span> <span class='ocrx_word' id='word_1_697' title='bbox 1552 4855 1581 4912; x_wconf 89' lang='lat' dir='ltr'><strong>p.</strong></span> <span class='ocrx_word' id='word_1_698' title='bbox 1595 4837 1663 4893; x_wconf 77' lang='lat'><strong>286.</strong></span> 
     </span>
     <span class='ocr_line' id='line_1_53' title="bbox 69 4909 1664 4997; baseline 0.009 -32"><span class='ocrx_word' id='word_1_699' title='bbox 69 4909 188 4966; x_wconf 87' lang='lat' dir='ltr'><strong>nitiruru</strong></span> <span class='ocrx_word' id='word_1_700' title='bbox 200 4929 262 4967; x_wconf 90' lang='lat' dir='ltr'><strong>non</strong></span> <span class='ocrx_word' id='word_1_701' title='bbox 276 4911 375 4967; x_wconf 88' lang='lat' dir='ltr'><strong>multis</strong></span> <span class='ocrx_word' id='word_1_702' title='bbox 390 4909 488 4969; x_wconf 88' lang='lat' dir='ltr'><strong>verbis</strong></span> <span class='ocrx_word' id='word_1_703' title='bbox 501 4912 679 4991; x_wconf 88' lang='lat' dir='ltr'><strong>interpositis</strong></span> <span class='ocrx_word' id='word_1_704' title='bbox 692 4915 728 4972; x_wconf 92' lang='lat' dir='ltr'><strong>ad</strong></span> <span class='ocrx_word' id='word_1_705' title='bbox 741 4935 846 4975; x_wconf 89' lang='lat' dir='ltr'><strong>nomen</strong></span> <span class='ocrx_word' id='word_1_706' title='bbox 890 4919 988 4977; x_wconf 87' lang='lat' dir='ltr'><strong>Prima</strong></span> <span class='ocrx_word' id='word_1_707' title='bbox 1002 4918 1093 4977; x_wconf 85' lang='lat' dir='ltr'><strong>verba</strong></span> <span class='ocrx_word' id='word_1_708' title='bbox 1117 4919 1194 4997; x_wconf 90' lang='lat' dir='ltr'><strong>apud</strong></span> <span class='ocrx_word' id='word_1_709' title='bbox 1219 4919 1374 4995; x_wconf 85' lang='lat' dir='ltr'><strong>Origenem</strong></span> <span class='ocrx_word' id='word_1_710' title='bbox 1393 4921 1424 4978; x_wconf 91' lang='lat' dir='ltr'><strong>in</strong></span> <span class='ocrx_word' id='word_1_711' title='bbox 1447 4921 1525 4980; x_wconf 90' lang='lat' dir='ltr'><strong>hunc</strong></span> <span class='ocrx_word' id='word_1_712' title='bbox 1546 4921 1664 4979; x_wconf 90' lang='lat' dir='ltr'><strong>modum</strong></span> 
     </span>
     <span class='ocr_line' id='line_1_54' title="bbox 69 4996 1663 5087; baseline 0.01 -37"><span class='ocrx_word' id='word_1_713' title='bbox 69 4996 183 5073; x_wconf 87' lang='lat' dir='ltr'><strong>aliquod</strong></span> <span class='ocrx_word' id='word_1_714' title='bbox 201 4999 265 5056; x_wconf 86' lang='lat' dir='ltr'><strong>sire</strong></span> <span class='ocrx_word' id='word_1_715' title='bbox 279 4997 390 5055; x_wconf 88' lang='lat' dir='ltr'><strong>dictum</strong></span> <span class='ocrx_word' id='word_1_716' title='bbox 416 4997 480 5056; x_wconf 83' lang='lat' dir='ltr'><strong>sire</strong></span> <span class='ocrx_word' id='word_1_717' title='bbox 497 4999 672 5059; x_wconf 89' lang='lat' dir='ltr'><strong>intellectum</strong></span> <span class='ocrx_word' id='word_1_718' title='bbox 689 5021 846 5061; x_wconf 89' lang='lat' dir='ltr'><strong>accommo·</strong></span> <span class='ocrx_word' id='word_1_719' title='bbox 891 5005 1057 5063; x_wconf 88' lang='lat' dir='ltr'><strong>scribuntur</strong></span> <span class='ocrx_word' id='word_1_720' title='bbox 1074 5029 1080 5062; x_wconf 80' lang='grc' dir='ltr'>ι</span> <span class='ocrx_word' id='word_1_721' title='bbox 1096 5004 1154 5078; x_wconf 79' lang='grc' dir='ltr'>ἤτοι</span> <span class='ocrx_word' id='word_1_722' title='bbox 1167 5004 1213 5082; x_wconf 79' lang='grc' dir='ltr'><strong>μὲν</strong></span> <span class='ocrx_word' id='word_1_723' title='bbox 1228 5004 1279 5087; x_wconf 76' lang='grc' dir='ltr'>γάρ</span> <span class='ocrx_word' id='word_1_724' title='bbox 1298 5004 1398 5082; x_wconf 80' lang='grc' dir='ltr'>ίγὼ-,</span> <span class='ocrx_word' id='word_1_725' title='bbox 1410 5009 1488 5086; x_wconf 89' lang='lat' dir='ltr'><strong>apud</strong></span> <span class='ocrx_word' id='word_1_726' title='bbox 1502 5007 1663 5066; x_wconf 87' lang='lat' dir='ltr'><strong>Cedrenum</strong></span> 
     </span>
    </p>
   </div>
   <div class='ocr_carea' id='block_1_3' title="bbox 69 5081 1663 5239">
    <p class='ocr_par' dir='ltr' id='par_1_5' title="bbox 69 5081 1663 5239">
     <span class='ocr_line' id='line_1_55' title="bbox 69 5081 1663 5174; baseline 0.01 -36"><span class='ocrx_word' id='word_1_727' title='bbox 69 5081 151 5154; x_wconf 88' lang='lat' dir='ltr'><strong>dare,</strong></span> <span class='ocrx_word' id='word_1_728' title='bbox 165 5085 214 5143; x_wconf 90' lang='lat' dir='ltr'><strong>sed</strong></span> <span class='ocrx_word' id='word_1_729' title='bbox 244 5083 324 5144; x_wconf 90' lang='lat' dir='ltr'><strong>haud</strong></span> <span class='ocrx_word' id='word_1_730' title='bbox 343 5104 449 5162; x_wconf 83' lang='lat' dir='ltr'><strong>magno</strong></span> <span class='ocrx_word' id='word_1_731' title='bbox 468 5085 621 5146; x_wconf 84' lang='lat' dir='ltr'><strong>intervallo</strong></span> <span class='ocrx_word' id='word_1_732' title='bbox 645 5088 845 5168; x_wconf 89' lang='lat' dir='ltr'><strong>superioribus</strong></span> <span class='ocrx_word' id='word_1_733' title='bbox 892 5111 962 5150; x_wconf 78' lang='lat' dir='ltr'><strong>vero</strong></span> <span class='ocrx_word' id='word_1_734' title='bbox 981 5112 987 5151; x_wconf 93' lang='lat'>:</span> <span class='ocrx_word' id='word_1_735' title='bbox 1004 5091 1066 5170; x_wconf 82' lang='grc' dir='ltr'>ἤτοι</span> <span class='ocrx_word' id='word_1_736' title='bbox 1084 5090 1132 5170; x_wconf 81' lang='grc' dir='ltr'><strong>μίν</strong></span> <span class='ocrx_word' id='word_1_737' title='bbox 1154 5095 1247 5174; x_wconf 81' lang='grc' dir='ltr'>πρῶτα</span> <span class='ocrx_word' id='word_1_738' title='bbox 1273 5098 1363 5172; x_wconf 83' lang='grc' dir='ltr'>κοῦρος</span> <span class='ocrx_word' id='word_1_739' title='bbox 1388 5093 1513 5172; x_wconf 78' lang='grc' dir='ltr'>ἐγενόμην</span> <span class='ocrx_word' id='word_1_740' title='bbox 1539 5093 1604 5174; x_wconf 86' lang='grc' dir='ltr'>κόρη</span> <span class='ocrx_word' id='word_1_741' title='bbox 1624 5117 1663 5154; x_wconf 86' lang='grc' dir='ltr'><strong>τε.</strong></span> 
     </span>
     <span class='ocr_line' id='line_1_56' title="bbox 143 5193 1577 5239; baseline 0.007 -10"><span class='ocrx_word' id='word_1_742' title='bbox 143 5194 230 5234; x_wconf 56' lang='lat' dir='ltr'><strong>Htw&amp;</strong></span> <span class='ocrx_word' id='word_1_743' title='bbox 249 5195 326 5233; x_wconf 66' lang='lat' dir='ltr'><strong>Gne·</strong></span> <span class='ocrx_word' id='word_1_744' title='bbox 344 5193 362 5230; x_wconf 87' lang='lat' dir='ltr'><strong>l·</strong></span> <span class='ocrx_word' id='word_1_745' title='bbox 1563 5199 1577 5239; x_wconf 78' lang='lat'>2</span> 
     </span>
    </p>
   </div>
   <div class='ocr_carea' id='block_1_4' title="bbox 915 687 1494 861">
    <p class='ocr_par' dir='ltr' id='par_1_6' title="bbox 915 687 1494 861">
     <span class='ocr_line' id='line_1_57' title="bbox 916 687 1483 772; baseline -0.007 -17"><span class='ocrx_word' id='word_1_746' title='bbox 916 697 988 768; x_wconf 70' lang='lat' dir='ltr'><strong>qu&#39;</strong></span> <span class='ocrx_word' id='word_1_747' title='bbox 1004 695 1030 763; x_wconf 79' lang='grc' dir='ltr'><strong>ίξ</strong></span> <span class='ocrx_word' id='word_1_748' title='bbox 1046 687 1166 754; x_wconf 82' lang='grc' dir='ltr'>άίλπτων</span> <span class='ocrx_word' id='word_1_749' title='bbox 1184 694 1394 772; x_wconf 82' lang='grc' dir='ltr'>κάπρομηθήτων</span> <span class='ocrx_word' id='word_1_750' title='bbox 1410 694 1483 754; x_wconf 88' lang='grc' dir='ltr'>πόλει</span> 
     </span>
     <span class='ocr_line' id='line_1_58' title="bbox 915 781 1494 861; baseline -0.002 -20"><span class='ocrx_word' id='word_1_751' title='bbox 915 791 999 850; x_wconf 86' lang='grc' dir='ltr'>νεῖκος</span> <span class='ocrx_word' id='word_1_752' title='bbox 1012 781 1135 861; x_wconf 82' lang='grc' dir='ltr'>γίνηται·</span> <span class='ocrx_word' id='word_1_753' title='bbox 1149 786 1200 840; x_wconf 79' lang='grc' dir='ltr'>τῶν</span> <span class='ocrx_word' id='word_1_754' title='bbox 1210 782 1262 860; x_wconf 73' lang='grc' dir='ltr'>γάρ</span> <span class='ocrx_word' id='word_1_755' title='bbox 1275 785 1305 840; x_wconf 84' lang='grc' dir='ltr'><strong>οὐ</strong></span> <span class='ocrx_word' id='word_1_756' title='bbox 1320 783 1401 839; x_wconf 85' lang='grc' dir='ltr'>δεῖται</span> <span class='ocrx_word' id='word_1_757' title='bbox 1411 783 1494 848; x_wconf 79' lang='grc' dir='ltr'>πολις.</span> 
     </span>
    </p>
   </div>
   <div class='ocr_carea' id='block_1_5' title="bbox 104 3732 801 3901">
    <p class='ocr_par' dir='ltr' id='par_1_7' title="bbox 104 3732 801 3901">
     <span class='ocr_line' id='line_1_59' title="bbox 104 3732 801 3817; baseline 0.011 -25"><span class='ocrx_word' id='word_1_758' title='bbox 104 3732 151 3797; x_wconf 82' lang='grc' dir='ltr'><strong>Ὦς</strong></span> <span class='ocrx_word' id='word_1_759' title='bbox 170 3733 217 3790; x_wconf 80' lang='grc' dir='ltr'><strong>καί</strong></span> <span class='ocrx_word' id='word_1_760' title='bbox 232 3732 284 3809; x_wconf 79' lang='grc' dir='ltr'>ίγόι</span> <span class='ocrx_word' id='word_1_761' title='bbox 295 3734 364 3813; x_wconf 70' lang='grc' dir='ltr'>δῶρ’</span> <span class='ocrx_word' id='word_1_762' title='bbox 377 3736 431 3812; x_wconf 82' lang='grc' dir='ltr'>εἰμὶ</span> <span class='ocrx_word' id='word_1_763' title='bbox 450 3738 532 3817; x_wconf 81' lang='grc' dir='ltr'>ρυγίις</span> <span class='ocrx_word' id='word_1_764' title='bbox 546 3738 630 3799; x_wconf 88' lang='grc' dir='ltr'>θεόθεν</span> <span class='ocrx_word' id='word_1_765' title='bbox 644 3741 689 3799; x_wconf 81' lang='grc' dir='ltr'><strong>καί</strong></span> <span class='ocrx_word' id='word_1_766' title='bbox 703 3741 801 3813; x_wconf 87' lang='grc' dir='ltr'>άλήτης</span> 
     </span>
     <span class='ocr_line' id='line_1_60' title="bbox 104 3819 459 3901; baseline 0.023 -25"><span class='ocrx_word' id='word_1_767' title='bbox 104 3821 184 3878; x_wconf 80' lang='grc' dir='ltr'>νείκεϊ</span> <span class='ocrx_word' id='word_1_768' title='bbox 198 3819 331 3901; x_wconf 83' lang='grc' dir='ltr'>αίθομίνερ</span> <span class='ocrx_word' id='word_1_769' title='bbox 346 3823 459 3891; x_wconf 86' lang='grc' dir='ltr'>πίσυνος.</span> 
     </span>
    </p>
   </div>
   <div class='ocr_carea' id='block_1_6' title="bbox 0 0 1951 5924">
    <p class='ocr_par' dir='ltr' id='par_1_8' title="bbox 0 0 1951 5924">
     <span class='ocr_line' id='line_1_61' title="bbox 0 0 1951 5924; baseline 0 0"><span class='ocrx_word' id='word_1_770' title='bbox 0 0 1951 5924; x_wconf 95' lang='lat' dir='ltr'><strong> </strong></span> 
     </span>
    </p>
   </div>
  </div>
 </body>
</html>
