3838 5926
1205 515 1214 522 .

744 541 967 562 ιηιοςιυ
1019 542 1118 559 Υἰὴν,
1187 542 1188 545 ¹
1347 547 1349 555 ι
1495 535 1550 560 ,“

676 561 683 585 (
743 566 748 583 “
841 562 878 585 ““(“
918 566 929 585 ’“
974 560 1007 585 '³'

744 590 747 601 Ι
925 590 952 602 l!
1100 594 1105 603 l
1207 590 1213 601 δ’
1405 597 1406 602 ι

353 814 721 930 PRAEFATIO
751 817 839 928 DE
886 813 1311 930 EPlCHllllllO.

693 1095 978 1132 ψ.

90 1276 270 1348 Epicharmus,
289 1276 383 1348 patria
404 1275 479 1332 Cous
495 1273 553 1352 (ι),
580 1276 629 1332 sed
648 1296 666 1332 a
682 1278 814 1351 plurimis
857 1276 1022 1332 nominatus
1039 1288 1090 1331 est.
1115 1277 1178 1332 Huc
1194 1275 1306 1330 accedit
1322 1274 1402 1347 quod
1416 1283 1520 1348 praeter
1536 1280 1635 1329 caetera

61 1364 146 1418 Siculus
164 1361 199 1436 (α)
213 1361 346 1431 habitus,
363 1363 442 1435 quod
456 1364 604 1418 trimestris
617 1364 676 1423 fere
693 1366 723 1424 in
738 1365 812 1420 Sici·
858 1382 921 1437 quae
936 1365 965 1418 iu
975 1363 1119 1438 praestanti
1133 1375 1218 1438 poeta
1233 1363 1323 1434 inesse
1338 1361 1443 1416 debent
1455 1378 1567 1416 omnem
1577 1361 1640 1434 phi·

60 1453 108 1504 liam
120 1450 218 1504 delatus
231 1451 385 1506 maximam
398 1451 463 1504 vitae
476 1462 586 1524 partem
602 1452 642 1506 ibi
658 1454 813 1526 transegis-
859 1452 994 1525 losophiae
1020 1453 1078 1506 vim
1099 1462 1127 1506 et
1150 1452 1322 1523 majestatem
1354 1461 1448 1504 mente
1476 1449 1639 1522 complexus

59 1548 104 1602 set,
129 1555 182 1591 non
221 1536 314 1592 modo
342 1537 416 1592 iuter
451 1537 654 1611 Pythagoricos
684 1539 812 1613 philoso·
859 1549 932 1596 erat.
949 1541 1060 1594 Etenim
1084 1550 1236 1613 postquam
1261 1537 1394 1593 diuturna
1416 1536 1639 1592 rernmdivina-

59 1625 115 1697 phos
128 1624 180 1700 (3),
199 1623 351 1678 sedetiam
364 1625 440 1680 inter
454 1626 581 1680 comicos
594 1637 692 1699 poetas
707 1645 812 1681 nomeu
858 1646 923 1681 rum
954 1627 1202 1698 humanarumque
1234 1625 1474 1698 contemplatione
1502 1625 1640 1680 excitatus

59 1730 122 1766 suum
139 1711 276 1786 professus
297 1722 349 1770 est.
375 1713 470 1784 Quum
495 1713 570 1766 enim
591 1713 695 1780 Bacchi
711 1714 812 1769 festum
857 1715 1002 1787 ingenium
1018 1715 1055 1769 ad
1067 1714 1246 1768 altitudinem
1258 1715 1375 1781 extulit,
1395 1719 1414 1768 α’
1424 1712 1572 1767 servilibus
1593 1713 1640 1768 di-

59 1812 101 1854 tam
112 1797 241 1873 tragedia
254 1817 344 1873 qttam
354 1799 499 1854 comoediae
512 1801 595 1873 origo
609 1799 712 1874 fuerit,
722 1819 738 1856 e
750 1803 813 1874 qui·
858 1803 953 1855 cteriis
963 1812 991 1855 et
1005 1802 1165 1874 vulgaribus
1179 1801 1300 1870 facetiis,
1313 1802 1417 1874 quibus
1428 1802 1470 1856 vel
1480 1798 1558 1874 apud
1566 1802 1639 1855 ttri-

58 1889 98 1943 bns
105 1889 180 1943 altera
192 1904 208 1942 a
221 1886 490 1960 dithyramborum‚
504 1889 618 1942 alterae
633 1888 811 1944 fescennino·
858 1906 906 1942 cos
920 1887 1051 1946 Cratinus
1062 1899 1090 1942 et
1104 1889 1313 1962 Aristophanes,
1323 1889 1368 1942 illa
1380 1889 1483 1942 veteris
1493 1885 1639 1941 comoediae

58 1994 106 2030 rum
115 1992 234 2030 versuum
251 1973 408 2048 (ροιλλιιιιῗιν
423 1970 568 2052 ᾀσμάτων)
585 1976 748 2030 cantoribus
766 1979 811 2030 in·
859 1985 1035 2044 ornamenta,
1044 1973 1355 2045 delectabantur,hujus
1364 1975 1473 2030 animus
1484 1971 1637 2030 abhorrere

58 2075 121 2118 οειιίο
132 2063 220 2130 lectur,
239 2063 336 2119 donec
357 2065 580 2137 incompositum
588 2065 686 2137 primo
707 2067 811 2120 carmi-
857 2064 954 2136 coepit.
968 2062 1116 2118 Statuebat
1132 2063 1261 2118 omnium
1277 2061 1491 2137 disciplinarum
1511 2060 1639 2133 reginam

58 2170 109 2209 uun
130 2170 210 2226 genus
227 2170 243 2208 a
261 2153 364 2208 multis
389 2163 539 2208 tractatum
563 2153 656 2226 poetis
675 2154 812 2227 paulatim
856 2150 1071 2223 philosophiam
1087 2149 1175 2204 solam
1193 2151 1258 2204 vitae
1271 2151 1434 2222 magistram
1445 2148 1639 2221 vitiorumque

57 2238 185 2309 perlectum
206 2249 297 2312 atque
315 2238 351 2294 ad
366 2238 495 2294 altiorem
524 2239 670 2313 dignitatis
691 2239 812 2314 gradum
857 2236 1042 2310 expultricem
1059 2253 1129 2304 csse,
1149 2235 1198 2292 sed
1220 2237 1354 2292 Hieronis
1372 2233 1520 2309 tyrannide
1536 2251 1556 2310 μ
1574 2253 1639 2308 pro·

58 2335 160 2380 erectum
177 2336 215 2380 est
229 2345 235 2378 ι
249 2324 532 2400 poliendisrudibus
556 2325 703 2382 comoecliae
725 2328 813 2383 initiis
856 2319 968 2378 fitendis
1002 2323 1119 2396 publice
1148 2325 1290 2397 saplentiae
1317 2324 1465 2398 praeceptis
1489 2320 1640 2377 deterritus

57 2412 139 2480 primus
150 2412 350 2485 apudSiculos
360 2430 475 2467 manum
486 2413 615 2469 admovit
626 2415 811 2470 Aristoxenus
857 2409 1051 2482 Pythagoricae
1075 2409 1194 2464 rationis
1221 2411 1410 2484 granditatem
1435 2426 1500 2463 cum
1525 2409 1640 2480 poetica

57 2497 196 2554 &incutias
208 2497 245 2575 (1,)
256 2523 264 2570 3
276 2499 469 2573 Epicharmus
476 2518 545 2555 vero
559 2502 633 2555 circa
648 2502 694 2558 Ol.
706 2503 811 2558 LXXV
858 2496 992 2551 facultate
1009 2498 1173 2570 copulavit,
1193 2517 1253 2574 qno
1267 2499 1378 2553 facilius
1398 2514 1487 2552 scena
1508 2495 1639 2569 pracsidio

57 2597 142 2641 tantum
155 2589 218 2642 artis
231 2589 383 2658 adhibuit,
397 2599 429 2642 ut
440 2589 499 2662 ipse
519 2581 667 2644 comoediae
679 2591 813 2645 inventor
858 2582 894 2637 ab
908 2583 1076 2638 adversariis
1087 2594 1164 2639 tutus
1181 2586 1345 2659 Pythagorae
1357 2585 1491 2657 dogmata
1504 2584 1534 2635 in
1543 2582 1637 2637 lucem

55 2673 103 2742 jure
121 2678 272 2751 meritoque
297 2676 443 2731 diceretur
464 2675 516 2749 (5).
541 2677 659 2752 Sapiens
679 2677 813 2732 videlicet
858 2679 944 2742 atquc
966 2672 997 2724 iu
1013 2670 1163 2726 hominum
1178 2672 1370 2727 celebritatem
1394 2669 1544 2744 proferret.
1560 2671 1638 2740 Quo·
1675 2751 1676 2754 χ
1768 2673 1770 2676 ’

58 2762 133 2816 talium
144 2783 234 2820 rerum
246 2766 360 2820 arbiter
380 2765 550 2820 commdiam
562 2765 642 2836 cujus
654 2767 738 2819 etiam
754 2775 813 2818 tum
861 2760 937 2814 circa
961 2757 1109 2814 comoediae
1124 2760 1165 2814 ita
1187 2758 1263 2829 jecit,
1278 2759 1475 2828 fundamenta,
1500 2767 1533 2811 nt
1553 2759 1583 2812 iu
1604 2759 1638 2813 iis

57 2849 106 2902 vilia
118 2863 189 2906 cram
201 2863 229 2907 et
244 2853 323 2907 levia
338 2863 521 2926 argumenta,
542 2871 607 2926 quar
623 2855 701 2906 omni
718 2854 812 2926 gravi.
860 2863 930 2919 quas
946 2845 1047 2901 docuit
1059 2845 1162 2902 sabulis
1183 2847 1254 2902 boni
1269 2849 1393 2919 malique
1405 2863 1501 2901 causas
1513 2846 1638 2919 aperiret

57 2942 98 2989 tate
114 2947 137 2991 et
167 2949 317 2994 veutrstate
338 2949 484 3006 carerent,
506 2941 545 2994 sic
571 2941 750 3009 immutavit,
780 2951 812 2994 ut
858 2935 999 3006 simulque
1028 2934 1176 2990 hominum
1203 2953 1314 3004 moces,
1338 2936 1451 3008 ingenia
1481 2951 1639 3007 eorumque

57 3024 128 3091 poesis
145 3022 282 3099 formam,
304 3025 402 3098 quoad
413 3023 473 3096 ejus
485 3023 549 3080 fieri
562 3037 672 3100 posset,
682 3027 814 3081 omnibns
859 3022 973 3077 abditos
987 3039 1111 3078 recessus
1122 3022 1297 3095 patefaceret
1311 3033 1340 3078 ct
1356 3022 1491 3077 mortales
1502 3020 1639 3076 doctriua

57 3111 154 3166 numeris
164 3111 326 3168 absolutam
340 3113 495 3168 exhiberet.
506 3114 699 3184 Quamobrem
713 3115 812 3170 Gram-
858 3110 1026 3164 excellentia
1048 3109 1310 3182 sententiarumque
1334 3111 1471 3184 gravitate
1499 3109 1638 3168 alliceret.

57 3197 150 3252 malicus
166 3198 199 3254 de
213 3199 360 3255 comoedia
380 3199 457 3274 apud
471 3200 602 3256 Dindorl.
616 3219 645 3274 p.
673 3201 728 3258 Xll
752 3201 812 3257 lraec
858 3195 941 3252 Adde
965 3195 1046 3269 quod
1068 3198 1206 3252 virtutum
1230 3198 1425 3270 vitiorumque
1457 3198 1587 3271 exempla
1605 3215 1639 3252 ex

57 3283 102 3339 tit:
116 3282 272 3367 Ἐπίχαρμος
296 3278 373 3352 οὗτος
391 3290 490 3366 πρῶτος
510 3286 558 3358 τὴν
575 3287 717 3366 κωμῳδίαν
739 3287 813 3368 hep-
858 3286 919 3356 ipsa
932 3293 1033 3340 natura
1050 3303 1184 3359 expressa
1198 3286 1328 3341 exhibuit
1339 3295 1367 3340 et
1382 3286 1560 3341 audientium
1572 3287 1639 3340 ani-

58 3369 160 3444 pppis-av
200 3373 383 3446 ἆνεκτήσατο,
412 3374 499 3434 πολλὰ
534 3373 809 3454 προαριλοτεχιήσας·
833 3393 835 3398 ’
859 3389 922 3425 mos
934 3381 990 3426 tam
1002 3374 1140 3428 suavitate
1156 3373 1314 3442 delectare,
1330 3392 1415 3446 quam
1431 3374 1588 3429 rationibus
1602 3373 1639 3430 ad

57 3448 136 3523 χρόνοις
155 3452 181 3511 il
197 3453 288 3530 γίγονι
308 3453 376 3510 κατα
397 3453 445 3524 τὴν
466 3454 504 3530 ογ’
520 3453 708 3531 Ὀλυμπιάδα,
734 3459 766 3533 τῇ
783 3453 810 3511 δὲ
858 3459 970 3513 virtutis
989 3459 1113 3514 studium
1126 3473 1290 3517 convertere
1302 3470 1420 3515 conatus
1431 3470 1482 3516 est.
1495 3460 1552 3516 Sed
1567 3478 1638 3531 quo·

57 3534 276 3614 ποιήσιιγνωμιιιὸς
293 3540 342 3598 καί
356 3541 486 3619 εὑρετικὸς
503 3539 550 3598 καὶ
565 3538 726 3618 φιλότεχνος.
745 3543 810 3617 Epi·
858 3547 934 3601 niam
948 3543 1021 3602 nihil
1039 3547 1077 3601 ad
1092 3549 1178 3602 vitam
1193 3547 1346 3602 humanam
1369 3544 1523 3622 regendam
1545 3549 1638 3620 aptius

57 3623 161 3682 thermus
174 3630 259 3703 igitur
271 3647 367 3704 quum
381 3641 484 3704 suopte
496 3630 611 3704 ingenio
628 3639 655 3684 et
670 3631 810 3685 inveniret
859 3643 887 3686 et
908 3631 945 3687 ad
961 3633 1086 3689 civitates
1107 3635 1238 3706 quolibet
1251 3635 1394 3689 bonorum
1414 3653 1517 3710 genere
1536 3653 1638 3690 cumu-

57 3723 77 3766 et
91 3717 190 3781 lucerua
211 3719 247 3774 ad
264 3719 401 3774 eximiam
415 3719 569 3791 quamdam
590 3717 811 3792 pulchritudinis
860 3719 958 3776 landas
970 3721 1214 3777 accommodatius
1232 3732 1287 3792 est,
1303 3741 1387 3796 quam
1402 3734 1496 3779 rectus
1516 3722 1638 3779 deorum

57 3811 78 3854 ιι
85 3806 139 3862 artis
150 3809 288 3881 speciem,
304 3825 368 3880 quaa
381 3809 467 3882 ipsius
482 3809 577 3863 animo
591 3807 806 3876 obversabatur,
860 3809 952 3863 cultus
968 3824 976 3865 :
991 3826 1090 3882 pravas
1104 3828 1167 3882 quae
1190 3821 1249 3864 tum
1263 3803 1428 3866 serebantur
1451 3811 1486 3866 de
1501 3809 1555 3866 diis
1570 3815 1636 3886 opi-

56 3889 166 3963 calmet,
186 3895 298 3968 primus
326 3894 484 3952 fabularum
512 3906 612 3951 auctor
637 3895 673 3949 ab
698 3896 807 3950 Aristo·
856 3894 1166 3952 aionesexhominum
1181 3898 1324 3954 mentibus
1336 3899 1457 3955 evellere
1474 3910 1639 3972 poetarum-

58 3976 97 4031 tele
109 3979 153 4053 (6),
166 3983 315 4038 comoediae
330 3995 425 4039 autem
438 3984 573 4057 princeps
594 4001 611 4038 a
626 3981 746 4038 Platone
771 3980 811 4059 (γ)
857 4001 913 4056 que
925 3995 1086 4040 commenta
1099 3987 1252 4042 verborum
1269 3989 1412 4043 suavitate
1424 3986 1567 4044 infirmare
1582 3999 1640 4054 teu·

79 4169 104 4248 (Ῑ)
111 4173 171 4235 Dltss·
182 4178 263 4226 caen.
275 4179 347 4238 Vlll,
356 4179 385 4228 78
399 4196 406 4227 ι
416 4176 561 4242 Ἐπίχαρμος
570 4177 724 4238 Ἡλοθαλοῦς,
734 4182 812 4241 Κῷος,
857 4177 897 4227 δ’ὁ
909 4179 1062 4234 Σελινούντιος
1069 4177 1216 4242 Ἐπιχάρμου
1227 4180 1379 4243 πρεούύτερος
1389 4181 1480 4243 ἐγένετο
1490 4183 1599 4244 ποιητής,
1611 4183 1639 4232 ού

58 4253 87 4320 1)(
97 4241 154 4299 οὗτος
166 4247 254 4303 ἢκουσε
266 4247 417 4311 Πυθαγόρου.
433 4251 581 4312 Τριμηνιαῖος
593 4247 613 4297 δ’
628 4249 740 4312 ὑπάρχων
754 4250 812 4306 ἂπη·
857 4250 897 4298 καί
913 4249 982 4304 αὐτὸς
991 4249 1133 4312 Ἐπίχαρμος
1150 4250 1309 4314 μνημονεύει(
1320 4251 1375 4302 vide
1390 4264 1440 4301 vsa.
1454 4253 1587 4318 tas-127],
1598 4256 1638 4302 καὶ

57 4313 110 4392 ”flia
119 4320 155 4372 ul<
170 4319 274 4374 Σικελίας
285 4320 319 4374 εἰς
335 4319 445 4382 Μέγαρα,
459 4321 561 4368 ἐντεῦθεν
575 4321 599 4368 δὲ
609 4321 641 4375 είς
653 4320 812 4382 Συρακούσας,
857 4317 941 4366 τούτου
953 4316 1030 4366 τοίνυν
1043 4323 1085 4366 τοῦ
1100 4319 1254 4380 Ἀριστοξένου
1268 4320 1436 4382 μνημονεύεταί
1448 4336 1501 4370 τινα
1512 4321 1588 4384 τούτῳ
1604 4327 1639 4382 τῷ

57 4395 79 4432 υτ
91 4398 135 4442 arm
147 4389 184 4436 καί
197 4391 268 4445 αὐτὸς
279 4389 304 4436 ἐν
316 4393 365 4444 τοῖς
377 4389 552 4452 συγγράμματι,
860 4387 935 4448 μέτρῳ
944 4388 1105 4449 γεγραμμένα·
1118 4388 1153 4444 τίς
1168 4389 1290 4446 ἀλαίονίαν
1303 4391 1414 4439 πλείσταν
1430 4391 1524 4453 παρέχει
1535 4397 1583 4441 τῶν
1597 4392 1638 4440 ἀν·

80 4453 105 4509 (2)
114 4456 189 4506 OEceru
198 4459 300 4508 Tuscul.
314 4461 335 4519 l,
351 4460 440 4508 8:Sed
452 4464 479 4509 tu
493 4461 551 4507 milri
563 4459 652 4508 videris
666 4460 811 4521 Epicharmi,
858 4455 970 4518 ύριίιπωνς
984 4458 1019 4504 τοί
1040 4457 1139 4519 μάντεις,

57 4525 112 4598 tati,
124 4539 164 4576 uec
175 4527 258 4576 insulsi
269 4529 385 4589 hominis,
401 4534 425 4577 ut
438 4531 521 4590 Siculi,
534 4531 675 4579 sententiam
687 4531 763 4591 sequi.
774 4532 812 4579 ct.
890 4527 923 4587 (5)
941 4527 1080 4576 Aristoteles
1093 4527 1124 4577 de
1139 4529 1234 4577 Poetica
1247 4542 1300 4590 cap.
1312 4535 1325 4578 ε
1341 4541 1347 4571 ε
1362 4531 1409 4587 Τῆς
1422 4529 1463 4592 μλν
1475 4530 1600 4593 κωμῳδίας
1616 4533 1638 4580 et

58 4593 284 4646 tratacteroettcs
303 4611 358 4659 cap.
375 4605 405 4660 83
420 4602 502 4649 Horat.
522 4601 597 4658 Epist.
616 4600 656 4648 lib.
679 4603 714 4657 ll,
734 4605 756 4658 l,
774 4607 811 4650 58.
859 4599 971 4659 Μεγαρεῖς
985 4598 1190 4660 (ἀντιποιοῦνται)
1204 4601 1226 4648 οί
1239 4616 1264 4649 τε
1275 4601 1375 4648 ἐνταῦθα
1384 4603 1415 4655 ὡς
1429 4601 1466 4648 ἐπί
1479 4605 1519 4658 τῆς
1531 4599 1585 4664 παρ’
1599 4603 1639 4650 ab·

56 4658 167 4738 Stephanus
176 4668 309 4728 Byzantius
320 4671 432 4718 crastum
444 4672 465 4719 ei
479 4671 580 4733 patriam
591 4671 662 4720 luisse
672 4671 764 4720 scribit.
776 4672 814 4722 tit
857 4673 905 4723 τοῖς
918 4669 1076 4730 δημοκρατίας
1103 4670 1226 4732 γενομένης
1235 4671 1276 4719 καί
1291 4674 1313 4719 ol
1325 4671 1352 4719 ίιι
1368 4671 1485 4731 Σικελίας,
1498 4672 1582 4720 ἐκεῖθεν
1594 4673 1639 4734 γὰρ

56 4740 104 4806 cutm
112 4747 129 4782 ι.
142 4747 164 4784 t.
178 4739 298 4800 Κραοτύς·
310 4740 375 4797 πόλις
385 4743 490 4798 Σικελίας
499 4747 545 4792 τῶν
554 4745 667 4792 Σικανῶν.
676 4742 718 4792 Ἕκ
728 4745 814 4801 ταύτης
858 4737 886 4798 ἦν
903 4737 1048 4802 Ἐπίχαρμος
1059 4741 1073 4788 6
1084 4740 1195 4799 notarie,
1206 4741 1287 4804 aaut?
1300 4741 1408 4804 πρότερθί
1421 4741 1454 4790 ὧν
1466 4741 1581 4790 Χῑωνῖδθυ
1597 4744 1636 4790 καὶ

55 4799 220 4868 1α’ῑοτίχιιρμος
232 4810 246 4857 ὁ
261 4810 376 4871 κωμικός.
858 4807 990 4868 Μάγντπος.

54 4935 60 4946 ι
77 4869 105 4928 (³)
118 4873 230 4936 Diogenes
244 4880 354 4928 Laertius
363 4881 379 4930 Ι,
393 4893 414 4928 c.
428 4895 435 4928 ι
449 4881 524 4938 Οὗτος
537 4883 694 4946 οπομιήμιςα
711 4887 812 4940 aaran·
890 4878 923 4938 (ο)
941 4878 1081 4928 Aristoteles
1092 4879 1122 4929 de
1137 4879 1232 4930 Poetica
1251 4893 1304 4943 cap.
1323 4887 1357 4928 οι
1372 4881 1420 4927 Τοῦ
1432 4879 1456 4926 δὲ
1470 4878 1553 4940 μιίίους
1563 4884 1637 4928 ποιεῖν

54 4950 130 5022 ”tuly
147 4944 170 4992 ἓν
193 4947 229 5002 οίς
250 4949 396 5011 φυσιολογεῖ,
412 4953 568 5014 γνωμολογεῖ,
605 4955 743 5015 ἰατρολογεῖ.
774 4955 811 5004 Cl.
858 4946 1000 5012 Ἐπίχαρμος
1011 4951 1051 5000 καὶ
1062 4949 1150 5014 Φόρμις
1161 4951 1237 5014 ἦρξαν·
1256 4954 1289 5003 Τὸ
1306 4951 1346 5014 μίν
1361 4948 1401 4998 οὗν
1414 4950 1436 5005 ll
1448 4950 1521 5011 ἀρχῆς
1533 4951 1559 4996 lt
1570 4951 1634 5000 >lutt-

55 5007 165 5062 ltenruum
177 5015 206 5063 ad
219 5018 355 5069 llellaclium
368 5033 391 5082 p.
407 5028 448 5081 65,
463 5025 486 5072 el
501 5023 593 5072 Fabrlc.
609 5023 720 5072 Bibliotli.
736 5028 776 5074 Gr.
789 5028 812 5074 ll
857 5019 981 5079 liechies.
1225 5073 1229 5080 ,

55 5081 313 5158 (ξ-ίοοειί.11οτ1.8ιιιλ
331 5090 655 5156 Ιιεεοεοτίρίιιοίειιρροείία
673 5095 745 5143 luisse
756 5110 813 5146 cou-
890 5090 924 5151 (7)
945 5090 1012 5141 Phio
1028 5091 1146 5142 Tlteaelel·
1171 5107 1223 5154 1¹³8-
1241 5094 1333 5141 (ὄλ-Ε·
1355 5090 1422 5138 ³th
1437 5093 1600 5145 τῶνπνῑητῶν
1615 5093 1638 5140 οῑ

54 5159 133 5203 tunam
148 5166 175 5201 er
186 5157 273 5206 Athen.
289 5159 343 5208 xlv
357 5173 380 5221 p.
397 5165 452 5222 uta,
464 5165 492 5211 D.
509 5163 564 5211 vict.
575 5163 631 5212 adu.
646 5169 681 5212 tu.
859 5159 926 5221 ἄκροι
942 5167 983 5220 τῆς
1006 5163 1123 5221 ποιήσεως
1136 5165 1260 5226 ἑκατέρας,
1282 5161 1407 5224 κωμῳδίας
1424 5161 1465 5224 μὲν
1479 5159 1638 5225 Ἐπίχαρμος,

81 5214 109 5270 ill
123 5215 273 5277 ttcrlmstton
286 5219 317 5267 de
328 5222 408 5271 llelris
424 5235 450 5284 ρ.
463 5227 493 5272 lh
509 5223 546 5272 ed.
559 5226 627 5272 Pura.
642 5245 648 5274 :
664 5225 814 5288 Ἀριστόξενος
858 5231 988 5293 τραγῳδίας
1002 5233 1026 5281 δὲ
1038 5233 1153 5296 Ὄμηρος.

1511 5321 1530 5362 9,
