3690 5924
202 380 260 432 238
811 364 861 424 ott
883 362 1185 422 hnaxttttttttttO.

201 516 299 560 utnon
314 497 409 558 minor
422 499 459 557 sit
469 517 553 575 qnam
568 509 644 555 terra
653 515 778 572 eumque
790 497 978 573 purissimum
1028 493 1133 552 deinde
1158 493 1300 552 adultiore
1317 506 1397 550 aetate
1412 492 1447 550 ad
1471 493 1631 574 siccitatem
1658 491 1798 550 transiisse

201 607 263 646 esse
278 589 373 662 ignem
389 585 457 663 (ιι).
1028 595 1172 660 ruptoque
1199 583 1307 640 cortice
1329 601 1388 638 non
1407 580 1529 637 multum
1551 580 1698 656 temporis
1717 595 1800 655 postea

241 676 320 732 liirit
334 686 428 731 autem
445 692 480 729 ex
493 685 599 729 aeterna
612 689 709 728 rerum
724 670 844 728 materia
854 671 979 726 calorem
1029 671 1151 728 vixisse.
1167 669 1238 738 Quae
1251 688 1340 744 quum
1354 670 1393 725 ita
1411 669 1486 738 sint,
1503 668 1590 724 initio
1603 671 1662 740 (ιγ)
1681 666 1800 725 homines

200 774 228 818 et
246 760 337 834 frigus
353 759 452 816 mundi
468 757 555 834 hujus
572 758 716 815 nascentis
732 771 861 833 tempore
874 771 981 813 secreta
1027 777 1063 814 ex
1078 758 1152 814 alius
1168 757 1266 814 lormae
1278 754 1453 813 animalibus
1466 769 1548 813 natos
1562 774 1627 812 esse
1642 771 1798 825 asseverat,

202 867 266 906 esse
280 860 308 904 et
319 845 462 923 quendam
485 859 581 902 ortum
596 845 664 902 inde
681 845 758 919 ignis
775 843 893 918 globum
916 863 979 901 cum
1028 857 1180 922 propterea
1193 843 1270 920 quod
1284 844 1396 918 reliqua
1411 843 1548 900 animalia
1564 862 1617 919 per
1635 861 1666 899 se
1685 843 1744 899 cito
1758 863 1797 919 pa·

201 955 266 992 aere
281 948 386 992 terram
402 935 535 1008 cingente
549 945 685 1010 tanquam
700 954 764 990 cum
777 933 883 989 cortice
894 931 981 990 arbo·
1027 946 1154 1004 scantur,
1168 931 1244 988 solus
1255 944 1347 988 autem
1362 931 1449 988 homo
1461 931 1599 988 diuturna
1613 931 1801 990 nutricatione

201 1045 260 1082 rem
283 1023 471 1082 circumcirca
485 1022 646 1092 coaluisse,
670 1041 729 1098 quo
749 1020 874 1098 abrupto
897 1032 982 1096 atque
1027 1019 1164 1093 indigeat.
1181 1017 1374 1086 Quamobrem
1391 1019 1537 1095 principio
1550 1037 1648 1076 retum
1660 1019 1748 1074 talem
1760 1040 1800 1076 na·

200 1113 231 1169 in
253 1111 391 1190 quosdam
409 1111 535 1167 circulos
551 1111 663 1167 incluso
678 1109 822 1166 exstitisse
844 1107 932 1164 solem
954 1119 982 1162 et
1027 1119 1119 1162 turam
1139 1125 1286 1182 nunquam
1312 1106 1442 1182 potuisse
1468 1108 1558 1162 vitam
1585 1106 1799 1166 toleraremus

200 1201 297 1257 lunam
313 1213 339 1256 et
350 1199 446 1256 stellas
463 1197 639 1274 (12).Porro
657 1192 836 1274 tet·t·ant(13)
853 1195 933 1251 nulla
951 1213 981 1250 re
1027 1193 1159 1260 homines
1174 1195 1205 1251 in
1220 1192 1350 1272 piscibus
1370 1196 1485 1251 innatos
1499 1213 1561 1252 esse
1581 1194 1719 1250 decrerit
1737 1195 1798 1269 itti,

200 1301 385 1346 sustentatam
397 1287 427 1343 in
443 1304 509 1342 aere
524 1285 651 1362 pendere
665 1285 826 1355 immotum,
837 1283 906 1359 quia
918 1281 980 1358 pari
1027 1301 1175 1356 quumque
1195 1282 1362 1358 squalorem
1378 1281 1424 1340 rel
1448 1280 1625 1340 balanatum
1648 1283 1681 1339 in
1705 1302 1798 1339 morem

200 1378 294 1454 spatio
309 1395 325 1432 a
343 1375 465 1450 reliquis
480 1374 616 1430 omnibus
631 1372 716 1430 distet
736 1393 742 1427 :
759 1370 822 1448 ejus
837 1391 907 1428 vero
923 1370 981 1426 lor·
1027 1370 1130 1426 nutriti
1144 1383 1239 1426 essent
1253 1383 1280 1426 et
1291 1368 1352 1444 jam
1364 1369 1400 1426 ad
1415 1389 1477 1426 sese
1493 1369 1617 1426 tuendos
1636 1370 1712 1427 satis
1726 1371 1797 1428 habe·

201 1483 276 1520 mem
291 1463 443 1519 rotundam
460 1481 541 1531 esse,
558 1461 641 1536 nigro
657 1459 748 1538 lapidi
768 1459 903 1516 similem.
924 1459 980 1515 iln-
1028 1469 1093 1512 rent
1104 1456 1227 1526 virium,
1244 1455 1351 1532 ejectos
1365 1470 1470 1514 terram
1487 1476 1654 1534 occupasse.
1675 1455 1798 1532 Ejusdem

201 1552 331 1608 tecedere
356 1564 450 1607 autem
477 1549 548 1606 solis
573 1547 672 1606 orbem
696 1561 803 1624 septem
828 1560 856 1604 et
876 1546 981 1620 viginti
1031 1542 1133 1619 opinio
1156 1555 1199 1599 est
1222 1543 1336 1600 nativos
1352 1562 1414 1600 esse
1433 1543 1517 1614 deos,
1537 1545 1631 1617 longis
1646 1544 1798 1602 intervallis

200 1639 334 1717 partibus
349 1639 542 1713 lunae,atque
558 1638 588 1694 in
603 1655 716 1694 summa
728 1636 846 1710 regione
858 1653 919 1692 esse
937 1654 983 1692 so·
1028 1630 1154 1687 orientes
1185 1628 1424 1704 occidentesque,
1451 1651 1558 1708 eosque
1579 1631 1797 1690 innumerabiles

150 1759 153 1767 ·
204 1729 277 1796 lem,
302 1728 332 1784 in
363 1727 463 1783 infima
488 1725 679 1782 inerrantium
706 1724 853 1781 stellarum
882 1721 979 1782 orbes.
1026 1736 1088 1774 esse
1100 1715 1541 1794 mundos(t9).Suntetiamqui
1555 1738 1621 1776 eum
1633 1719 1797 1778 sideradeus

200 1813 226 1870 T
227 1833 322 1870 eriam
337 1813 393 1892 (νή)
411 1812 537 1888 cylindri
553 1813 671 1870 sortitam
683 1811 805 1882 habere,
820 1811 860 1868 ita
875 1823 906 1868 ut
918 1811 982 1887 ejus
1027 1805 1501 1885 coelestesptttttssetestenluriao).
1510 1807 1627 1864 Primus
1636 1821 1733 1864 autem
1743 1829 1797 1884 gno·

201 1902 324 1958 altitudo
340 1901 424 1958 tertia
439 1899 600 1958 latitudinis
617 1918 685 1976 pars
710 1900 759 1957 sit.
777 1899 854 1954 hiare
869 1896 927 1976 [ιῦ)
942 1900 982 1954 ait
1028 1911 1140 1948 monem
1153 1893 1679 1969 invenitlatleumqueLacedaemone
1691 1897 1721 1953 in
1734 1899 1797 1954 sola-

200 1989 289 2065 primi
303 1987 435 2045 humoris
450 2006 511 2044 esse
527 1989 682 2064 reliquias,
706 1987 789 2062 cujus
808 1989 900 2058 major
914 2005 981 2062 pars
1028 1981 1080 2037 riis
1104 1980 1218 2054 statuit,
1242 1994 1273 2037 ut
1291 1980 1415 2039 solstitia
1433 1995 1461 2038 et
1485 1983 1659 2058 aequinoctia
1688 1997 1797 2041 notaret.

200 2075 262 2149 igni
276 2076 433 2146 exsiccata,
449 2073 562 2149 reliqua
576 2074 613 2131 ob
639 2073 770 2132 ardorem
788 2086 894 2130 mutata
911 2073 979 2132 sint.
1029 2067 1106 2126 idem
1121 2069 1297 2146 horoscopia
1318 2068 1473 2128 fabricatus
1488 2083 1532 2128 est
1552 2090 1585 2128 ac
1598 2084 1686 2128 terrae
1705 2075 1797 2130 rueris·

240 2153 338 2212 Prima
352 2153 410 2231 (ιθ)
424 2152 562 2210 animalia
578 2152 793 2210 Anaximander
814 2151 844 2208 in
860 2151 981 2209 humore
1027 2177 1083 2232 que
1098 2158 1252 2214 circuitum
1273 2156 1437 2235 descripsit,
1453 2157 1531 2234 quod
1546 2177 1632 2216 nemo
1644 2173 1712 2218 ante
1725 2161 1796 2218 istam

201 2251 267 2298 nata
292 2260 354 2298 esse
377 2240 493 2310 statuit,
515 2239 673 2298 corticibus
693 2242 818 2317 spinosis
838 2239 978 2310 obducta,
1027 2255 1137 2299 aetatem
1154 2243 1277 2300 traditur
1287 2243 1399 2303 secisse.
1411 2243 1522 2302 Etenim
1535 2244 1639 2304 Strabo
1654 2249 1716 2323 (aa)
1730 2250 1796 2304 testi-

232 2493 252 2554 (t
262 2491 281 2552 1)
292 2492 408 2550 Diogenes
421 2492 526 2540 Laertius
538 2490 578 2539 lib.
600 2492 632 2551 Il,
647 2494 656 2538 t
671 2505 677 2538 :
694 2492 766 2551 μέσην
779 2508 804 2539 τε
817 2492 858 2549 τήν
874 2496 916 2552 γῆν
932 2495 980 2538 νεῖ·
1057 2491 1106 2552 (tt)
1116 2490 1259 2540 Plutarchus
1271 2491 1333 2553 apud
1346 2492 1474 2541 Eusebium
1488 2497 1565 2556 Prap.
1578 2499 1668 2556 Erang.
1679 2501 1700 2554 Ι,
1714 2501 1727 2545 8
1740 2499 1796 2546 :hu
1842 2505 1843 2508 ’

201 2564 269 2622 σθαι,
284 2563 378 2622 κέντρου
393 2560 455 2616 τάξιν
477 2562 623 2621 ἐπέχουσαν,
637 2560 710 2609 οὖσαν
731 2563 933 2623 σφαιροειδῆ-τήν
956 2575 981 2608 τε
1028 2561 1378 2624 φησίν[θἉναξίμανδρος]ὃτι
1391 2565 1444 2612 κατ’
1456 2565 1528 2626 ἀρχὰς
1543 2566 1565 2620 έξ
1583 2565 1709 2614 ἀλλοειδῶν
1721 2571 1797 2629 <aare
1842 2575 1843 2578 ’

201 2632 299 2688 σελήνην
310 2632 446 2691 ψευδοφαῆ,
459 2631 500 2678 καὶ
517 2631 563 2678 ἀπὸ
579 2631 645 2688 ἡλίου
665 2632 801 2692 φωτίζεσθαι
814 2632 872 2678 ἀλλὰ
892 2633 982 2680 καὶτὸν
1028 2635 1146 2696 ἀνθρωπος
1156 2635 1251 2695 ἐγενήθη
1261 2670 1267 2694 ,
1278 2635 1305 2682 ἐκ
1320 2640 1362 2682 τοῦ
1382 2636 1411 2682 τὰ
1430 2636 1470 2696 μὲν
1483 2637 1540 2683 ἄλλα
1554 2637 1583 2683 δι’
1594 2639 1686 2685 έαυτῶν
1703 2643 1796 2701 ταχῦνέ-

201 2704 264 2760 ήλιον
275 2702 319 2749 οῦκ
334 2700 444 2748 ἐλάττονα
455 2705 494 2758 τῆς
509 2706 559 2760 γῆς,
569 2703 609 2748 καὶ
623 2702 787 2762 καθαρώτατον
799 2706 852 2763 πῦρ.
1031 2706 1130 2764 μεσθαι,
1146 2703 1250 2764 parotidi
1265 2703 1303 2750 τὸν
1312 2703 1434 2765 ἄνθρωπον
1448 2706 1600 2768 πολυχρονίου
1610 2708 1704 2756 δεῖσθαι
1718 2693 1796 2766 nim·

232 2771 281 2832 (12)
292 2771 432 2818 Plutarchus
442 2771 505 2831 aptrrl
519 2771 644 2818 Eusebium
656 2775 731 2832 Proep.
744 2775 832 2830 Erang.
843 2773 982 2830 1,8;Φησὶ
1028 2787 1103 2828 σεως·
1118 2775 1153 2821 διὸ
1168 2775 1207 2821 καὶ
1219 2773 1271 2820 κατ’
1286 2773 1360 2836 ἀρχὰς
1374 2775 1418 2822 οῦκ
1435 2775 1464 2822 eir
1480 2792 1535 2824 ποτε
1559 2783 1665 2826 τοιοῦτον
1685 2779 1741 2828 ὄντα
1757 2783 1797 2828 δια-

201 2842 227 2890 δέ
242 2843 268 2889 τδ
281 2841 307 2887 ts
316 2843 358 2887 τοῦ
366 2839 443 2888 ἀϊδίου
458 2839 553 2902 γόνιμον
568 2842 652 2902 θερμοῦ
665 2857 690 2889 τε
703 2843 742 2888 καὶ
755 2843 845 2901 ψυχροῦ
863 2842 926 2900 (leg.
940 2858 981 2902 γο-
1028 2846 1139 2900 σωθῆναι.

200 2909 269 2971 νίμου
283 2908 365 2971 θερμόν
379 2925 404 2956 τε
425 2910 465 2956 καί
482 2909 586 2970 θοχρὸν)
608 2909 670 2956 κατὰ
684 2911 726 2966 τήν
749 2911 837 2971 γένεσιν
854 2910 921 2958 τοῦδε
940 2913 982 2958 τοῦ
1059 2913 1108 2975 (18)
1126 2913 1267 2962 Plutarchus
1278 2911 1403 2962 Continet.
1416 2911 1572 2973 Dispositis.
1587 2917 1656 2976 itti,
1672 2920 1696 2976 8,
1713 2919 1767 2980 ίι(
1775 2921 1798 2967 ‘0

200 2979 293 3038 κόσμου
303 2979 454 3038 ἀποκριθῆναι
464 2978 504 3026 καί
518 2995 569 3026 τινα
582 2979 609 3026 έκ
621 2979 705 3026 τούτου
717 2981 799 3041 φλογὸς
812 2985 908 3041 σραῐροιν
922 2994 982 3040 nept-
1028 2983 1216 3044 Ἀναξίμανδρος)
1231 2984 1254 3030 έν
1273 2984 1364 3046 ἰχθύσιν
1383 2985 1514 3043 ἐγγενέσθαι
1527 2986 1553 3032 τὸ
1570 2992 1661 3047 πρῶτον
1678 2989 1798 3051 ἀνθρώποις

200 3048 431 3110 praetereatur
447 3053 491 3107 γῆν
505 3048 554 3110 ἀέρι
568 3051 600 3103 dic,
619 3053 654 3109 τῷ
670 3050 755 3110 δένδρῳ
768 3049 857 3110 φλοιόν·
871 3047 898 3108 tlt
923 3065 983 3103 τινος
1028 3052 1179 3114 &reperiretur
1191 3055 1232 3099 ναὶ
1248 3053 1370 3115 τραφέντας
1385 3055 1465 3114 ὥσπερ
1486 3056 1508 3101 ol
1527 3055 1638 3112 παλαιοί,
1653 3057 1713 3116 (leg.
1730 3062 1798 3107 ώσαεσ

201 3115 375 3180 ἀπορραγείσης
386 3118 426 3166 καὶ
440 3117 472 3172 είς
484 3133 547 3173 τινας
565 3117 756 3174 ἀποκλεισθείσης
767 3119 864 3174 κύκλους
880 3120 983 3176 inom-
1028 3125 1081 3180 τοῦς
1091 3121 1203 3179 πηλαίσυς
1215 3123 1251 3170 rel
1273 3123 1351 3183 ώσπερ
1363 3123 1403 3178 τὰς
1419 3123 1544 3185 φαλαίνας)
1559 3128 1599 3173 καί
1611 3129 1746 3186 γενομένους
1757 3111 1798 3176 ἰαί»

199 3204 238 3236 ναι
250 3189 290 3236 τὸν
299 3188 364 3244 ἥλιον
375 3189 414 3235 καὶ
424 3189 466 3245 τήν
476 3189 574 3244 σελήνην
586 3190 626 3236 καὶ
637 3191 689 3244 τοὺς
699 3189 804 3252 ἀστέρας.
1028 3193 1080 3249 νοῦς
1093 3195 1182 3248 ἑαυτοῖς
1194 3195 1286 3255 βοηθεῖν
1300 3193 1437 3248 έκάληθῆναι
1447 3199 1574 3250 τηνικαῦτα
1585 3199 1624 3243 καί
1638 3203 1680 3256 γῆς
1692 3199 1796 3246 λαθέσθαι.

232 3259 282 3320 (ta)
292 3258 406 3318 Origenes
419 3258 597 3320 ruitosophum.
615 3272 638 3321 p.
654 3258 724 3307 tted.
739 3260 824 3308 Miller,
835 3273 840 3305 :
850 3259 891 3316 τήν
902 3258 927 3305 tt
941 3261 983 3318 γῆν
1029 3263 1142 3320 Origenes
1156 3263 1339 3323 Philosophum.
1350 3275 1402 3322 pag.
1418 3268 1440 3310 tt
1458 3266 1497 3310 ed.
1515 3265 1600 3314 Miller.
1613 3285 1619 3313 ι
1633 3269 1662 3312 τα
1674 3267 1699 3314 δὲ
1711 3273 1755 3328 ζῷα
1767 3273 1798 3329 ρξ-

203 3329 263 3378 eleni
278 3329 394 3390 μετέωρον
409 3327 449 3376 ὑπ’
465 3330 555 3385 οὐδενὸς
573 3331 744 3392 κρατουμένην,
765 3330 878 3390 μένουσαν
890 3329 927 3376 διὰ
942 3329 983 3384 τήν
1028 3333 1121 3390 γνεσθαι
1132 3331 1296 3394 ἐξατμιζόμενα
1309 3331 1354 3380 ῦπὸ
1367 3337 1408 3379 τοῦ
1418 3333 1498 3388 ήλίον·
1508 3336 1548 3382 τὸν
1563 3336 1588 3383 δὲ
1606 3338 1724 3399 ἀνθρωπσν
1737 3342 1797 3398 ἑτερο

200 3398 283 3460 ὁμοίαν
297 3397 392 3446 πάντων
402 3399 545 3458 ἀπόστασιν.
558 3399 591 3448 Τὸ
605 3399 721 3460 δὲσχῆμα
733 3399 803 3456 αὐτῆς
822 3399 890 3459 ῦγρὸν
903 3411 984 3457 στρογ-
1029 3404 1084 3464 ζῴῳ
1095 3404 1227 3462 γεγονέναι,
1242 3401 1360 3449 τουτέστιν
1370 3403 1433 3463 ίχθὺῐ
1447 3405 1610 3463 παραπλήσιον
1626 3408 1678 3454 κατ’
1691 3409 1765 3471 ἀργας.

200 3469 270 3531 νύλον
286 3468 346 3531 χιόνι
364 3467 430 3530 (tege
441 3469 468 3516 τὸ
487 3469 511 3516 δὲ
526 3474 609 3531 σκῆμα
628 3468 698 3524 αὐτῆς
719 3467 830 3530 ὑπάρχον
844 3465 983 3526 στρογγύλον
1062 3471 1402 3532 (incruentorum.
1419 3475 1439 3532 t,
1462 3481 1504 3533 τος
1526 3475 1582 3522 tum
1607 3478 1715 3526 sioooeue
1727 3461 1796 3536 ’σασα

202 3541 297 3601 μέλανι)
314 3538 371 3598 λίθῳ
385 3537 651 3599 παραπλήσιον....είναι
664 3538 688 3586 δὲ
702 3537 742 3585 τὸν
756 3538 840 3584 κύκλον
858 3539 900 3583 τοῦ
917 3533 983 3589 ἡλίου
1030 3542 1099 3602 Phys,
1111 3545 1130 3601 1,
1147 3555 1198 3602 esp.
1212 3546 1273 3599 2,28
1287 3548 1346 3589 totn.
1362 3545 1372 3590 l
1389 3556 1412 3602 p.
1426 3547 1453 3591 21
1473 3543 1511 3591 ed.
1529 3545 1605 3593 Gaisl.
1620 3559 1626 3590 t
1640 3549 1797 3604 Ἀναξίαδρσς

200 3607 493 3656 ἑπτακαιεικοσαπλασίονα
503 3613 543 3666 τῆς
566 3609 678 3665 σελήνης,
692 3607 732 3654 καί
744 3603 858 3654 ἀνωτάτω
871 3605 912 3666 μέν
925 3603 984 3651 εἶναι
1030 3611 1163 3668 ἀπεφήνατο
1176 3609 1228 3664 τοὺς
1241 3611 1349 3672 ἀπείρους
1359 3612 1469 3674 οὐρανοὺς
1482 3613 1554 3668 θεούς.

200 3678 240 3726 τὸν
249 3679 327 3738 ἣλιον,
343 3677 473 3726 κατωτάτω
480 3679 505 3726 δὲ
516 3679 567 3733 τοῦς
577 3683 624 3726 τῶν
635 3679 744 3726 ἀπλανῶν
754 3676 857 3736 ἀστέρων
875 3675 983 3728 κύκλους·
1061 3681 1110 3741 (to)
1121 3680 1298 3729 Plutarchusde
1310 3681 1373 3730 Pleu.
1384 3681 1440 3742 phil.
1453 3681 1494 3729 lib.
1505 3683 1526 3730 1.
1537 3686 1550 3731 7
1561 3695 1567 3724 ³
1578 3681 1746 3746 Ἀναξίμανδρος
1752 3685 1798 3734 rei<

164 3772 171 3788 s
233 3749 283 3808 (tt)
297 3749 439 3796 Plutarchus
453 3761 491 3809 ορ.
503 3749 590 3798 Ettseh.
603 3752 678 3810 Proep.
693 3753 737 3796 h't.
750 3751 792 3806 l,8
807 3745 948 3808 εὝπέρχειν
960 3741 986 3791 δέ
1030 3750 1127 3812 ἀστέρας
1143 3749 1262 3811 οὐρανίους
1277 3751 1351 3804 θεοὺς.

200 3834 256 3878 φησι
272 3822 307 3880 τῷ
322 3819 363 3879 μὲν
374 3820 479 3880 σχήματι
492 3821 535 3876 τήν
549 3825 593 3879 γῆν
605 3819 777 3879 κυλινδροειδῆ,
789 3817 850 3880 ἔχειν
863 3818 888 3866 δέ
900 3819 983 3865 τοσοῦ·
1062 3819 1236 3880 (2ι)ί)ίοςςειιεε
1246 3821 1395 3878 λαετίίσείί,
1410 3824 1449 3868 1-2
1459 3833 1466 3867 t
1477 3819 1534 3882 Εὗρε
1544 3821 1568 3869 δέ
1578 3823 1618 3871 καὶ
1630 3825 1733 3883 γνώμονα
1744 3829 1798 3884 ,τρέε

202 3903 242 3933 τον
257 3885 343 3946 βάθος,
356 3888 411 3935 ὅσον
424 3891 452 3934 ἀν
470 3889 505 3944 είη
520 3890 595 3950 τρίτον
604 3889 660 3950 πρὸς
671 3888 798 3942 τδπλοίτος.
1030 3905 1068 3944 τος
1080 3891 1120 3937 καὶ
1139 3890 1236 3945 ἔστησεν
1258 3891 1295 3938 ἐπὶ
1310 3895 1356 3937 τῶν
1379 3889 1509 3950 σκιοθήρων
1524 3891 1547 3936 ἐν
1561 3892 1730 3950 Λακεδαίμονι,
1746 3893 1797 3937 zai:

233 3955 282 4014 (ts)
295 3956 437 4005 Plutarchus
444 3957 474 4005 de
485 3959 550 4006 Piae.
561 3959 619 4020 pltil.
634 3958 674 4006 lib.
689 3961 734 4019 ttt,
751 3963 777 4007 ts
790 3971 798 4004 τ
810 3954 982 4019 1λναξίμανδρος
1031 3977 1086 4023 φησι
1101 3962 1238 4023 Φαοωρίνος
1248 3961 1272 4008 ἐν
1282 3961 1419 4020 παντοδαπῇ
1429 3961 1534 4022 ἱστορίᾳ,
1545 3961 1633 4022 τροπάς
1643 3964 1714 4010 τεκαὶ
1727 3964 1797 4020 ἰσημε-

201 4027 243 4081 τήν
258 4024 377 4072 θάλασσάν
386 4043 454 4088 φησιν
464 4028 523 4076 εἶναι
534 4035 574 4086 τῆς
587 4029 680 4091 πρώτης
691 4028 803 4091 ὑγρασίας
817 4027 941 4088 λείψανον,
954 4025 981 4084 tit
1033 4033 1082 4095 ρίας
1094 4033 1251 4094 σημαίνοντα,
1263 4031 1302 4078 καί
1315 4029 1452 4091 ώροσκόπια
1465 4031 1635 4079 κατεσκεύασε.
1651 4035 1689 4079 καί
1707 4038 1744 4091 γής
1764 4034 1797 4078 καί

200 4095 228 4142 το
246 4096 287 4154 μέν
301 4096 379 4143 πλεῖον
394 4099 460 4159 μέρος
477 4099 600 4162 ἀνεξήρανε
609 4101 636 4149 τὸ
655 4105 709 4162 πῦρ,
723 4100 751 4147 τὸ
764 4100 788 4145 δὲ
801 4097 985 4155 insterstitia&
1032 4102 1150 4159 θαλάσσης
1159 4101 1293 4164 περίμετρον
1306 4105 1398 4162 πρῶτος
1410 4101 1515 4162 ἔγραψεν.
1529 4101 1588 4148 ἀλλὰ
1609 4104 1649 4149 καί
1662 4109 1752 4164 σςαῖραν
1762 4119 1796 4148 τε·

201 4166 242 4222 τήν
254 4165 509 4227 έκιιαυσινμετέθαλεν.
528 4169 565 4220 tt.
585 4169 629 4219 tto.
649 4173 680 4230 ll,
698 4177 727 4218 25
742 4182 747 4211 =
759 4167 931 4228 Ἀναξίμανδρος
942 4167 984 4213 οὗ·
1029 4172 1166 4221 τεσκειίασε.
1183 4173 1234 4219 Hoc
1244 4171 1368 4219 inventum
1382 4169 1515 4230 Babyloniis
1525 4171 1609 4221 tribuit
1621 4175 1747 4221 Herodotus
1760 4171 1795 4220 lib.

201 4233 256 4278 κλον
266 4232 324 4278 εἶναι
336 4231 387 4290 (τήν
396 4235 506 4293 σελήνην)
514 4236 792 4286 ἐννεακαιδεκαπλασίονα
798 4241 839 4292 τῆς
846 4238 896 4294 γῆς,
906 4235 985 4296 ὥσπερ
1031 4243 1063 4300 ll,
1078 4249 1120 4291 tos
1134 4261 1140 4290 ι
1154 4241 1231 4290 Πόλον
1247 4239 1289 4302 μὶν
1301 4240 1346 4302 γὰρ
1359 4241 1399 4288 καὶ
1409 4241 1518 4302 γνώμονα
1534 4237 1614 4290 καὶτὰ
1626 4243 1727 4291 δυώδεκα
1736 4245 1797 4303 μέρεα

200 4301 241 4384 τὸν
253 4305 295 4347 τοῦ
306 4300 459 4386 ολλέοοηπλήρη
468 4304 551 4367 πυρός·
566 4307 678 4354 ἐκλείπειν
688 4307 712 4354 δὲ
722 4306 783 4354 κατὰ
797 4305 838 4356 τὰς
848 4304 985 4362 immitit
1030 4319 1070 4371 τῆς
1081 4314 1165 4375 ἡμέρης
1176 4312 1238 4374 παρὰ
1248 4311 1403 4360 Βαὸυλωνίοιν
1411 4312 1495 4373 ἔμαθεν
1503 4315 1525 4360 ol
1537 4313 1657 4370 Ἕλληνες.
1670 4319 1711 4364 Pro
1722 4314 1796 4362 Anaxi·

200 4385 243 4417 τοο
256 4375 357 4432 τροχοῦ·
370 4387 451 4433 operor
461 4375 506 4438 rep
517 4377 575 4424 οἶοοο
591 4377 709 4440 maenio
720 4379 797 4438 τροχῷ
818 4373 898 4427 wilti
908 4373 985 4433 έκοοοο
1031 4383 1131 4431 mendro
1142 4383 1180 4430 cui
1191 4382 1269 4430 Graeci
1282 4383 1435 4443 gnomonices
1451 4383 1612 4442 cognitionem
1623 4385 1708 4432 debent
1719 4385 1795 4433 Anesi-

201 4439 243 4495 τὴν
263 4439 355 4522 diii«,
371 4441 412 4488 wi
432 4444 507 4506 πλήρη
521 4445 608 4507 πυρόε,
623 4448 700 4509 ἔχοντο
722 4446 777 4507 νέον
805 4443 913 4499 ἐκπνοήν·
929 4445 983 4491 5λο-
1030 4467 1123 4501 menem
1136 4452 1245 4500 nominat
1264 4452 1354 4501 Plinius
1365 4453 1426 4500 ilist.
1444 4457 1493 4500 nat.
1509 4452 1551 4500 lib.
1570 4455 1603 4512 tt,
1617 4457 1647 4502 itt
1662 4454 1698 4502 his
1712 4452 1794 4500 remis:

202 4507 268 4589 lineus
282 4509 332 4557 hel.
352 4514 361 4558 t
381 4525 404 4571 p.
425 4520 470 4562 sto
491 4529 497 4561 ι
514 4513 682 4577 Ἀναξίμανδρος
698 4517 766 4577 (τοὺς
787 4513 890 4594 ἀστέρος,
905 4513 982 4574 οἶνον)
1031 4523 1202 4572 «Umbrarum
1217 4522 1278 4570 hene
1295 4523 1412 4570 rationem
1425 4523 1449 4571 et
1465 4535 1538 4582 quam
1556 4526 1645 4572 recent
1656 4523 1796 4584 gnomonicen

200 4579 320 4661 etiarm
329 4580 396 4663 ἅοοοξ
411 4585 546 4646 οοοκοοοδῆ,
557 4587 628 4648 nume
638 4587 742 4648 taetre,
755 4584 846 4633 οοτοῖοο
862 4597 928 4642 tuith
938 4583 984 4632 ἀπὸ
1030 4593 1122 4642 invenit
1137 4593 1295 4641 Atrarimenes
1309 4592 1431 4651 Milesius,
1443 4593 1614 4642 Anaximandri
1629 4593 1728 4654 (dequo
1740 4592 1796 4639 dixi-

200 4662 305 4708 οοομοοοο
325 4648 453 4698 imvm
471 4653 565 4714 ολοιοε·
581 4657 616 4702 De
627 4657 678 4702 ⁸⁰¹0
694 4655 725 4703 cl·
747 4653 832 4704 hehill.
849 4653 902 4699 Τοί·
923 4655 984 4714 Ῑοοέ-
1030 4664 1098 4724 mus)
1109 4662 1258 4725 disciputus:
1274 4663 1415 4724 primusque
1430 4662 1594 4724 horologium,
1612 4665 1675 4724 qriod
1692 4663 1797 4724 appellant

201 4720 265 4766 arat.
286 4722 314 4766 19
329 4733 355 4806 ρ,
371 4725 415 4770 1³8
424 4722 464 4770 ed.
476 4727 556 4773 Peter.
566 4726 754 4774 Totumooelum
765 4721 923 4774 contendebat
932 4737 984 4774 esse
1030 4735 1203 4794 ςςςσιιισήσση,
1221 4733 1395 4782 Laeedaemone
1405 4733 1516 4781 ostendit.
1534 4751 1547 4775 ν
1563 4734 1600 4783 ct.
1618 4734 1701 4783 suidas
1712 4746 1732 4779 r.
1741 4733 1797 4790 γνώ-

200 4789 287 4844 πτηνδν
301 4793 573 4854 πυρος“μετέχοντα,ίιί,
586 4795 619 4842 th.
637 4801 699 4857 5,p.
717 4801 768 4846 128.
1031 4822 1082 4866 μων
1103 4807 1127 4852 et
1147 4803 1302 4866 ἡλιοτρόπιον.
1335 4801 1392 4852 vtd.
1417 4804 1489 4852 etiam
1512 4804 1616 4853 Salmas.
1643 4806 1701 4854 Plln.
1722 4806 1796 4852 litero

233 4861 281 4918 <tel
300 4860 774 4926 Ptotuetrmuentae.pt1tt.tth.v,ts
789 4879 796 4910 ι
812 4866 984 4928 Ἀναξίμανδρος
1029 4887 1084 4937 pag.
1101 4877 1146 4924 632
1162 4885 1199 4935 sq.

201 4927 226 4975 έν
253 4929 317 4990 δημῷ
332 4933 468 4990 γεννηθῆναι
496 4934 527 4982 τὰ
547 4941 630 4997 πρῶτοι
648 4939 711 4997 ζῷα,
726 4939 811 4998 φλοιοῖς
832 4936 986 5001 περιεχόμενα
1061 4942 1206 5005 (instratu
1224 4942 1265 4992 lib.
1283 4945 1294 4990 t
1309 4955 1361 5004 cap.
1377 4943 1545 5004 t,pag.7ed.
1559 4942 1661 4992 Casani).
1675 4963 1680 4991 ι
1696 4941 1737 4990 Ὧν
1748 4940 1796 4991 rota

201 5005 359 5084 ἀκανθώδεσι·
377 5011 547 5072 προδαινσύσης
557 5013 582 5061 δὲ
593 5018 633 5072 τῆς
652 5015 743 5070 ήλικίας
761 5015 895 5063 ἀποδαίνιιν
905 5017 942 5064 ἐπὶ
957 5017 984 5064 r'o
1030 5016 1134 5078 πρώτους
1146 5012 1197 5075 μεθ’
1210 5014 1314 5076 Ὅμηρον
1330 5013 1371 5061 δύο
1382 5015 1451 5076 φησὶν
1462 5013 1629 5074 Ἐρατοσθένης
1640 5011 1795 5073 'seminariam

200 5073 332 5139 aarum·
350 5081 389 5128 καί
408 5080 618 5146 περιρρηγνυμένου
630 5087 676 5132 τοῦ
685 5085 778 5147 φλοιοῦ,
791 5084 827 5133 ἐπ’
839 5085 917 5147 ὀλίγον
930 5086 981 5148 χρό-
1029 5103 1054 5133 τε
1068 5086 1147 5134 θαλοῦ
1158 5084 1270 5146 γεγονότα
1280 5084 1395 5146 γνώριμον
1405 5085 1444 5131 καί
1457 5084 1570 5144 πολίτην,
1584 5085 1623 5132 καί
1635 5083 1746 5132 Ἑκαταῖον
1758 5081 1794 5126 τὸν

202 5159 240 5192 *ολ
253 5149 402 5207 μοοοῧοοῗονοῑ·
1033 5157 1163 5214 Μιλήσιον·
1181 5159 1220 5204 τὸν
1241 5157 1282 5220 μέν
1300 5155 1340 5206 οῦν
1358 5156 1463 5206 ἐνδοῦναι
1491 5161 1583 5219 πρῶτον
1599 5155 1743 5220 γεωρραρικοι
1757 5151 1793 5198 σί·
