3740 5916
142 379 145 387 ’
239 424 296 476 ιιι
335 437 339 444 ·
848 391 1095 488 naissorects
1119 421 1232 482 urnas

239 544 372 626 βίλτιοτον
386 543 480 623 λύγων.
522 545 562 606 Οὐ
575 545 645 604 δοκεῖ
656 543 684 604 θλ
695 551 770 606 τοῦτο
783 546 852 606 suris
863 547 907 608 τθν
928 549 1015 628 νόμον,
1059 550 1123 632 πρὸς
1144 553 1231 633 ἕτερον
1252 551 1324 610 οὐδὲν
1339 551 1371 611 ἂν
1385 551 1481 613 κωλύοι
1497 552 1581 634 μὴτῇ
1605 555 1696 614 αὐτοῖν
1721 553 1834 634 ἔιιιεικείοΙ
1859 583 1860 640 i

239 632 307 691 αἰλλθι
320 631 405 692 πολλὰ
419 631 549 712 κρείττους
563 625 629 692 εἶναι
652 633 773 705 ἀλλήλων
791 637 815 694 oi
830 637 891 695 θεοί·
907 639 953 696 οὐκ
971 629 1014 696 ούν
1059 639 1105 699 καλ
1117 639 1345 719 ῥώμῃύπιρὲχειν,
1355 641 1587 714 amitteremus
1598 642 1860 707 ἄλλιονᾶσθένειαν.αι

198 740 224 780 au
237 723 266 780 ἐκ
278 729 323 782 τοῦ
337 724 469 790 δοκοῦντος
479 721 567 803 ιίληφε
582 722 679 793 ταύτην
691 723 760 784 κατὰ
771 729 815 784 τοῦ
828 729 885 784 θεοῦ
895 725 942 796 τὴν
954 730 1016 802 ὁμο·
1059 726 1140 787 Θέλοι
1153 729 1175 785 θ’
1191 727 1221 786 ἂν
1232 728 1314 792 οὐδεὶς
1325 725 1391 786 οὕτω
1401 726 1444 786 τὸν
1457 729 1513 788 θεὸν
1522 729 1602 809 φάναι
1613 730 1765 810 κράτιστον
1776 721 1837 802 εἶναι,

237 807 338 885 λογίαν.
380 810 420 870 Τὸ
435 809 461 868 δὲ
483 811 621 889 κράτιστον
642 802 709 871 εἶναι
729 812 773 871 τὸν
797 812 853 872 θεὸν
868 814 917 893 οὐχ
936 813 1016 879 οὕτως
1060 813 1118 872 ἀλλ’
1134 811 1174 872 ὅτι
1195 814 1270 880 αὐτὸς
1290 805 1459 892 ἔχειὼςοῖόν
1476 839 1505 875 τε
1519 815 1628 890 ἄριστα,
1642 815 1696 876 καὶ
1713 816 1788 874 οὐδὲν
1800 818 1837 874 ἕλ-

237 895 432 972 θπολαριύᾶνων
442 897 511 974 λέγει
520 920 568 971 τις,
581 901 617 964 ὡς
631 898 693 976 πρὸς
703 899 768 957 ἄλλο
779 921 805 957 τι
816 898 924 972 τοιαύτη
939 904 956 972 ἡ
969 905 1016 958 τοῦ
1059 899 1143 958 λείπει
1152 899 1198 959 καλ
1212 891 1240 958 εὖ
1256 899 1302 958 κοιλ
1317 903 1403 968 καλῶς
1416 900 1486 979 ἔχειν
1504 904 1589 982 αὐτῷ·
1604 901 1665 980 ἅμα
1680 903 1738 982 γὰρ
1763 906 1839 966 καλῶς

237 989 294 1043 θεοῦ
312 983 396 1064 φύσις,
411 984 479 1043 ἀλλὰ
492 985 555 1065 πρὸς
566 985 704 1057 τλναύτοῢ
728 987 854 1064 διάθεσιν,
869 987 926 1048 ἐπεὶ
943 987 973 1048 τό
986 1011 1016 1066 γε
1059 986 1146 1066 ἔχοντι
1157 991 1262 1047 κάκεῖνο
1274 985 1305 1044 av
1320 987 1468 1062 οομύαύνοι.
1508 988 1587 1048 Οὕτω
1601 989 1628 1049 δὲ
1638 993 1794 1048 διακεῖσθαι
1802 990 1839 1047 καὶ

213 1181 216 1188 ’
268 1177 306 1221 28.
320 1171 349 1220 ού
361 1172 538 1221 tumidissime
551 1173 613 1220 κατὰ
621 1174 661 1220 τὸν
675 1172 832 1234 νόμον,ἇλλθι
847 1174 922 1222 πολλὰ
939 1175 1015 1237 κρείτ·
1060 1175 1131 1234 tuigo
1144 1173 1349 1224 hominesitacde
1367 1177 1508 1226 assentiant
1521 1183 1545 1225 et
1563 1175 1621 1239 quid
1640 1175 1803 1238 iffiejradicei
1816 1179 1840 1224 si·

235 1242 362 1296 προτείνω
375 1241 480 1296 ἀλλήλων
491 1244 513 1290 ot
529 1242 584 1290 θεοί.
600 1241 739 1292 Karstenius
752 1241 782 1290 de
803 1243 914 1304 xenoptr.
931 1255 954 1303 p.
972 1247 1014 1292 116
1059 1243 1174 1306 guidoare
1192 1245 1254 1294 ruit.
1269 1247 1421 1306 Quapropter
1433 1247 1574 1294 Karstsnius
1588 1247 1733 1308 coniecerat
1743 1248 1838 1294 ῦπιλαει-

237 1311 299 1359 iuter
312 1310 371 1359 ἀλλὰ
386 1313 412 1359 et
426 1311 501 1360 πολλὰ
515 1313 588 1361 insert
604 1313 655 1360 stati
679 1312 749 1359 κατὰ.
768 1312 869 1362 Fallitur
884 1313 1015 1362 Felicianus
1059 1313 1337 1376 autemmonstruosi
1350 1315 1519 1376 ῦπολαμθάνων
1531 1318 1591 1376 λέγει
1607 1333 1641 1370 τις
1656 1313 1787 1376 suspicari.
1799 1317 1838 1363 stat

236 1377 298 1426 itanc
316 1379 505 1428 enuntiationem
521 1381 554 1429 ita
568 1380 743 1442 interpretans:
761 1399 773 1423 ι
784 1381 810 1429 id
825 1384 907 1431 etitem
919 1396 948 1432 ex
966 1382 1015 1442 tege
1059 1383 1119 1432 bens
1130 1384 1241 1444 uergttus
1253 1384 1280 1432 τό
1292 1400 1319 1445 γε
1334 1384 1389 1446 πρὸς
1402 1385 1476 1448 ἓτερον
1489 1387 1582 1446 posuit,
1597 1386 1638 1434 ubi
1651 1399 1667 1434 e
1680 1386 1839 1446 superioribus

236 1450 335 1498 minime
353 1451 456 1511 ridetur,
472 1449 514 1499 sed
527 1452 551 1498 in
574 1452 655 1500 multis
672 1453 848 1513 prestantiores
865 1463 917 1500 sese
930 1456 1015 1501 mirtno
1059 1453 1212 1514 repetendum
1224 1451 1332 1509 τοιαύτην
1348 1457 1388 1500 τοῦ
1400 1454 1453 1502 θεοῦ
1470 1453 1528 1502 εἶναι
1540 1455 1616 1513 φύσιν.
1637 1455 1836 1514 Καεε1ειι1ιιε1εφ·

236 1533 290 1570 esse
298 1521 331 1570 dii
341 1520 464 1569 dicuntur.
478 1541 490 1565 ν
502 1523 561 1570 Nam
570 1521 711 1587 κατθνὸμον
722 1522 818 1570 hicnon
830 1521 894 1570 natet
905 1533 939 1571 ex
953 1522 1014 1584 teca,
1056 1520 1159 1581 jusserat
1171 1539 1177 1569 :
1189 1521 1209 1568 st
1222 1522 1266 1585 γὰρ
1273 1527 1341 1570 τοῦτο
1351 1523 1360 1581 (
1369 1522 1418 1570 scii.
1432 1523 1534 1583 λέγοιτο)
1543 1524 1600 1585 πρὸς
1609 1523 1705 1585 ἕτερον,
1720 1523 1785 1584 qvod
1797 1536 1837 1570 nor

235 1591 277 1638 sed
290 1602 324 1639 ex
337 1592 442 1651 οιιίριιεί
452 1593 582 1651 opinione,
596 1593 628 1640 ct.
643 1592 772 1640 Democrit.
790 1591 899 1652 iragmm.
919 1605 943 1653 p.
959 1595 1013 1652 aut,
1060 1592 1145 1650 piacet.
1160 1591 1280 1639 Preterea
1300 1603 1314 1639 e
1334 1589 1388 1638 cod.
1409 1591 1522 1652 Lipsiensi
1543 1593 1640 1640 ἐλλείπει
1664 1591 1786 1651 Βεσρλίιιε
1802 1605 1837 1650 pro

237 1664 296 1720 atta,
307 1660 394 1708 deinde
405 1660 435 1708 ed
448 1662 494 1709 θεολ
510 1661 702 1712 subaudiendum
716 1663 824 1720 δοκοῦσι,
838 1661 903 1724 quod
920 1664 1015 1711 Karste·
1059 1658 1158 1707 ἐκλείπει
1171 1661 1290 1720 restituit,
1301 1673 1378 1722 neque
1391 1662 1471 1710 tamen
1488 1661 1512 1710 in
1528 1662 1689 1722 sequentibus
1702 1663 1768 1722 αὐτῷ
1780 1661 1835 1722 quot

234 1728 291 1778 nius
302 1729 351 1791 jam
366 1731 511 1779 observavit.
1059 1741 1087 1776 es
1101 1729 1198 1777 ἐλλείπει
1207 1735 1289 1791 aptum
1304 1735 1339 1778 est
1350 1729 1407 1778 satis
1421 1732 1485 1778 certa
1493 1731 1631 1790 coniectura
1641 1731 1668 1780 in
1684 1731 1759 1780 αὐτόν
1770 1735 1837 1778 mota·

267 1803 305 1848 29.
318 1801 363 1848 οὐκ
375 1798 415 1848 ott
428 1799 455 1848 ἐκ
464 1805 505 1848 τοῦ
519 1799 640 1856 δοκοῦντος
656 1800 733 1861 εἲληφε
742 1801 827 1858 ταύτην
838 1800 898 1849 κατὰ
908 1803 949 1849 τοῦ
962 1801 1014 1848 θεοῦ
1059 1800 1109 1858 rtt,
1122 1811 1198 1860 quum
1221 1798 1260 1848 itte
1276 1799 1372 1848 dativus
1392 1799 1446 1848 ttoet
1461 1799 1531 1861 panto
1547 1801 1662 1850 remotior
1683 1801 1717 1848 ab
1736 1813 1766 1849 εο
1781 1800 1836 1850 unm

235 1868 467 1931 sirmiensem
484 1869 672 1919 Βειιιιιισιιιιι
688 1871 808 1931 pterisque
825 1869 1015 1930 εοθι1.;11ωι1ε-
1058 1869 1144 1931 pendet
1163 1869 1238 1919 verbo
1258 1870 1374 1920 similibus
1393 1870 1509 1931 exemplis
1528 1871 1635 1920 excusari
1655 1874 1745 1932 queat.
1773 1869 1836 1926 Quod

234 1938 290 1986 nius
311 1951 335 2000 p.
350 1943 392 1988 tto
406 1938 562 1996 materniani
580 1939 766 1988 autiudicat
784 1940 917 2000 ὁμολογίαν.
936 1942 967 1987 at
988 1940 1013 1987 in
1058 1946 1138 1996 autem
1155 1942 1296 1991 Karstenius
1315 1943 1370 2002 post
1388 1941 1488 1990 ἐλλείπει
1501 1940 1594 2002 onerari
1610 1941 1693 1990 votuit
1705 1941 1747 2003 pi.
1759 1939 1784 1988 εῦ
1802 1942 1836 1986 :et

234 2005 351 2068 lipsiensi
366 2006 482 2068 reperitur
493 2007 579 2064 ταύτην
589 2013 630 2056 τοῦ
640 2009 693 2056 θεοῦ
702 2007 890 2070 τὴνθμολογίαν,
902 2005 967 2067 quod
980 2020 1013 2055 re·
1058 2013 1135 2066 καλῶς
1150 2025 1193 2072 pro
1203 2013 1243 2060 καὶ
1259 2009 1285 2059 εὖ
1302 2011 1343 2059 καὶ
1354 2011 1448 2070 καλῶς,
1468 2009 1491 2058 id
1506 2023 1521 2058 a
1537 2009 1656 2059 sententia
1670 2010 1793 2060 annones.
1810 2011 1834 2058 u

234 2075 390 2136 pudiendum.
408 2077 489 2136 Neque
507 2075 571 2124 enim
583 2077 666 2126 abesse
682 2079 758 2137 potest
775 2077 911 2138 praepositio
927 2091 956 2127 eo
972 2078 1018 2146 qui
1058 2082 1170 2130 extremis
1181 2094 1230 2129 τοι
1244 2080 1366 2141 captabat
1375 2081 1447 2128 ducta
1457 2082 1493 2128 est
1506 2091 1521 2128 e
1532 2078 1718 2141 oodbipsieusi
1732 2079 1834 2139 adquam

233 2143 272 2192 bic
296 2145 428 2206 requiritur
448 2157 537 2206 sensu,
556 2159 628 2206 quom
644 2147 668 2194 in
688 2147 753 2195 truno
780 2147 880 2196 tttodnm
902 2149 1014 2210 exprimit
1058 2151 1201 2212 scripturam
1210 2151 1319 2212 proxime
1327 2149 1419 2198 accedit
1431 2149 1519 2209 quode
1531 2148 1627 2198 duobus
1636 2149 1710 2198 tibris
1724 2148 1835 2198 deiterus

233 2215 385 2264 Felicianust
403 2233 415 2256 ι
431 2227 478 2263 non
497 2216 568 2277 igitur
593 2229 625 2265 ex
643 2229 672 2266 eo
692 2216 758 2278 qnod
784 2217 879 2268 ridetur
904 2217 964 2266 hanc
983 2218 1014 2268 da
1058 2220 1164 2268 enotavit
1177 2221 1218 2281 qui
1230 2220 1344 2268 mendose
1358 2218 1479 2278 eupsetet
1489 2217 1611 2268 etttibent.
1624 2219 1731 2278 tietiqua
1742 2231 1788 2266 non
1798 2229 1832 2264 ει·

232 2283 278 2332 ι1εο
290 2285 468 2333 consensionem
480 2285 576 2334 sumsit.
590 2304 602 2328 ν
617 2286 780 2336 natitantem
797 2287 859 2350 apud
876 2289 1012 2347 Platonem,
1058 2287 1149 2348 pedivit
1162 2287 1290 2349 Berginium
1301 2301 1358 2337 uam
1380 2288 1439 2336 atie
1450 2287 1494 2349 γὰρ
1507 2288 1567 2342 λοισι
1585 2285 1735 2348 1χοιτι1εει1
1751 2287 1832 2346 nequit

233 2356 386 2404 Aristoteiem
410 2355 517 2417 aliosque
538 2356 668 2417 scriptores
688 2356 734 2404 ioci
750 2356 904 2406 ostenduntur
926 2358 1014 2419 quibus
1060 2361 1100 2406 Est
1112 2360 1203 2418 sutem,
1214 2357 1235 2406 si
1246 2370 1349 2420 sequena
1358 2357 1509 2406 enuntiatum
1522 2356 1681 2418 adiunxeris,
1697 2356 1752 2406 bec
1766 2355 1833 2415 pitito

142 2477 143 2480 ρ
235 2424 287 2472 irasc
303 2425 388 2472 rocula
403 2425 509 2484 genitivo
523 2428 606 2484 iuncta
623 2425 687 2472 idem
697 2428 766 2474 sonat
776 2427 840 2487 quod
853 2426 903 2489 περὶ
921 2439 1013 2487 proepo-
1058 2428 1127 2488 sopiti
1146 2429 1342 2489 argumentatio:
1363 2431 1440 2476 Deum
1466 2427 1656 2487 potentissimum
1677 2428 1703 2474 et
1722 2426 1831 2484 optimum

233 2494 287 2542 sitio
299 2493 328 2541 ad
344 2493 446 2554 putrium
459 2505 541 2540 casum
557 2493 639 2541 rotata.
653 2494 714 2542 Ptat.
727 2494 827 2542 counit.
839 2509 862 2555 p.
877 2497 948 2542 111311
965 2496 1013 2554 :pii
1057 2497 1104 2546 dici
1122 2509 1164 2558 par
1176 2500 1214 2546 ost
1231 2509 1278 2546 non
1290 2497 1391 2544 aliorum
1403 2495 1484 2544 trahite
1497 2496 1603 2556 ratione,
1617 2495 1661 2544 sed
1670 2495 1748 2557 ipsius
1757 2507 1798 2555 per
1811 2503 1832 2540 ss

233 2563 310 2612 τοίνυν
325 2562 377 2610 κατ’
386 2562 514 2626 ἀνθρώπων
529 2561 612 2611 σκόπει
633 2562 703 2624 μόνον
715 2569 798 2623 τοῦτο,
821 2565 879 2611 ἀλλὰ
898 2564 938 2611 καὶ
953 2564 1014 2610 κατὰ
1057 2570 1163 2628 spectata
1174 2569 1268 2615 natura.
1282 2567 1375 2615 Etenim
1391 2565 1410 2614 si
1421 2565 1480 2614 aiios
1490 2569 1585 2614 1111111111
1603 2567 1746 2625 superaret,
1759 2563 1830 2624 posset

233 2633 298 2689 ζώων
311 2633 404 2680 πάντων
419 2634 458 2680 καὶ
475 2634 667 2693 φυτῶν.11ι1ειο1.
679 2632 806 2680 dedecima
821 2633 862 2680 tib.
879 2633 891 2681 1
905 2645 960 2695 cap.
980 2639 990 2682 1
1006 2645 1013 2676 ι
1057 2636 1154 2696 quidem
1170 2648 1218 2683 non
1230 2639 1326 2697 propter
1335 2634 1410 2697 ipsius
1422 2635 1534 2682 uirttrtem
1546 2637 1676 2695 praestare,
1690 2634 1733 2682 sed
1744 2633 1774 2682 ob
1784 2633 1828 2680 iiie

232 2702 286 2762 τάχ’
297 2701 325 2750 ἀν
336 2718 370 2762 τῳ
379 2701 450 2755 δόξειε
465 2701 507 2761 μία
515 2716 548 2756 τις
560 2701 619 2748 εἶναι
629 2699 724 2762 μέθοδος
734 2701 795 2748 κατὰ
809 2701 912 2750 πάντων.
1058 2717 1112 2752 rum
1124 2703 1309 2752 imbeciititatem
1321 2703 1446 2752 excellere.
1467 2705 1497 2752 at
1518 2703 1589 2751 trocs
1603 2702 1648 2751 deo
1660 2703 1770 2752 alienum
1786 2711 1830 2748 esse

264 2775 303 2818 31.
314 2770 347 2819 Τό
357 2787 382 2818 τε
394 2772 514 2833 κράτιστον
527 2771 586 2818 εἶναι
595 2770 635 2818 τὸν
647 2772 697 2818 θεὸν
708 2770 753 2832 οὐχ
761 2771 835 2824 οὕτως
844 2770 1013 2832 θπολαμὸάνωιι
1058 2772 1135 2830 patet,
1149 2783 1221 2831 quem
1251 2770 1304 2818 ideo
1322 2770 1513 2832 potentissimum
1533 2773 1558 2819 ei
1578 2768 1701 2830 optimum
1722 2768 1826 2826 nidmu,

233 2841 322 2898 λέγεται
338 2843 369 2896 ὡς
379 2841 435 2902 πρὸς
449 2839 504 2886 ἀλλο
513 2855 535 2886 τι
544 2841 639 2896 τοιαῦτα
654 2841 723 2896 ἢτοῦ
733 2841 786 2887 θεοῦ
795 2839 861 2900 φύσις
870 2875 876 2896 ,
886 2837 944 2888 ἀλλὰ
957 2839 1013 2898 πρὸς
1057 2839 1113 2900 quia
1124 2853 1174 2888 suae
1190 2845 1282 2888 nature
1303 2841 1470 2888 corrvenienter
1487 2837 1660 2901 quamoptime
1671 2839 1760 2888 meato
1772 2835 1828 2884 notia

232 2912 274 2967 τὴν
286 2909 358 2958 αὐτοῦ
374 2909 489 2969 διάθεσιν,
499 2908 549 2956 ἐπεὶ
559 2907 595 2955 τοί
609 2923 636 2969 γε
646 2909 701 2970 πρὸς
720 2909 871 2972 ἔτερονοὺδὲν
884 2909 912 2956 ἂν
926 2910 1013 2957 κωλύοι
1058 2921 1096 2956 tes
1113 2909 1143 2957 ad
1165 2910 1225 2958 bene
1240 2909 1356 2970 beateque
1378 2909 1508 2957 vivendum
1529 2909 1604 2958 deest.
1624 2909 1690 2956 Nam
1711 2908 1732 2956 si
1754 2906 1828 2954 beatus

233 2980 266 3039 μὴ
275 2984 303 3041 τῇ
313 2979 385 3027 αὐτοῦ
394 2977 507 3040 ἐπιεικείᾳ
518 2979 557 3026 καὶ
567 2978 634 3040 ῥώμῃ
645 2978 778 3040 ὑπερέχειν,
787 2977 846 3026 ἀλλὰ
856 2979 895 3026 διὰ
908 2979 949 3036 ris
966 2984 1013 3026 τῶν
1057 2980 1105 3038 cst,
1122 2977 1239 3036 optimum
1250 2990 1346 3038 quoque
1357 2979 1382 3026 et
1391 2977 1583 3038 potentissimum
1595 2989 1647 3025 esse
1656 2973 1778 3025 conuenit.
1788 2975 1827 3022 tte

233 3051 309 3100 ἄλλων
318 3051 438 3098 ἀσθένειαν
448 3062 453 3072 ·
466 3050 525 3096 θελοι
536 3049 557 3096 δ’
566 3049 594 3096 du
606 3048 679 3103 οὐδεὶς
692 3049 753 3096 οὕτω
761 3048 800 3096 τὸν
813 3049 863 3096 θεὸν
875 3047 943 3109 φάναι
955 3049 1012 3110 apat·
1057 3057 1104 3106 que
1117 3059 1174 3094 uero
1185 3046 1317 3108 quidquam
1325 3046 1421 3106 obstat,
1434 3047 1571 3108 quominus,
1582 3046 1678 3096 etiamsi
1689 3048 1768 3108 piures
1778 3045 1827 3100 siut.

232 3135 310 3168 τιστον
322 3119 394 3172 εἶναι,
405 3117 499 3166 ἀλλ’ὅτι
513 3118 581 3172 αὐτὸς
591 3117 639 3180 ἔχει
653 3120 685 3173 ὡς
694 3116 743 3165 οῑόν
754 3135 779 3166 σε
792 3119 886 3179 ἄριστα,
899 3119 938 3166 καλ
948 3119 1013 3166 οὐδὲν
1058 3115 1138 3163 cuncti
1154 3129 1183 3164 eo
1195 3119 1259 3165 statu
1278 3116 1396 3176 truantur,
1417 3121 1445 3163 ut
1455 3129 1539 3164 omues
1550 3129 1622 3176 quarn
1635 3117 1731 3178 optime
1742 3115 1787 3164 sint
1798 3114 1827 3162 at·

232 3190 331 3238 ὲιιλείπει
343 3191 383 3237 καὶ
393 3187 418 3237 εθ
434 3190 473 3236 καλ
483 3191 559 3245 καλῶς
572 3189 633 3250 1χειν
645 3190 724 3251 αὐτῷ·
740 3189 791 3252 ἅμα
801 3189 846 3252 γὰρ
863 3189 922 3243 λαως
936 3187 1012 3250 ἔχοντι
1057 3183 1121 3245 tecit,
1134 3188 1158 3233 et
1172 3199 1247 3247 quum
1270 3186 1361 3247 reliqua
1376 3187 1456 3234 omnia
1482 3189 1609 3248 superent,
1625 3186 1731 3236 invicem
1754 3189 1824 3233 tamen

232 3260 326 3310 ιθιιιῖνο
337 3258 487 3318 ᾰνσομῦαίη.
498 3259 544 3308 Hic
555 3257 1012 3319 nonnulisBettkeruseood.Lipsieusi
1056 3255 1101 3304 sibi
1122 3269 1170 3304 nou
1190 3259 1312 3317 praestant.
1338 3255 1427 3305 Ultima
1444 3256 1580 3305 Brundisina
1595 3269 1619 3318 p.
1641 3258 1672 3306 79
1689 3269 1737 3305 noo
1759 3254 1825 3304 mutto

232 3329 385 3390 emendarit,
397 3328 444 3377 atio
457 3341 514 3378 nero
528 3341 584 3390 qum
600 3328 721 3390 probanda
738 3340 786 3378 non
800 3331 858 3378 sunt
872 3328 972 3390 recepit,
984 3334 1012 3376 nt
1057 3324 1125 3374 aiiter
1139 3325 1309 3386 interpretatur
1330 3343 1336 3373 ι
1357 3328 1453 3374 cetera
1477 3325 1581 3387 quidem
1596 3328 1688 3374 omnia
1706 3327 1824 3386 repentes.

232 3399 285 3448 teet
294 3399 330 3448 τοί
341 3416 386 3461 γε,
400 3397 472 3458 cujus
482 3397 535 3446 ioco
545 3399 601 3447 otim
620 3399 670 3448 ἐπεὶ
681 3404 722 3448 τοῦ
742 3399 787 3460 γὰρ
802 3399 1012 3460 1ο11πελγὰρτοῦ
1056 3406 1106 3442 non
1123 3405 1182 3443 uero
1201 3405 1229 3443 sa
1251 3395 1366 3442 inuicem.
1380 3396 1435 3443 Janr
1453 3407 1510 3442 vero
1521 3393 1585 3455 quod
1605 3395 1725 3454 uergkius
1740 3392 1823 3444 censet,

232 3469 389 3518 scribebatur.
408 3469 543 3518 Feiicianus
555 3468 628 3518 vertit
643 3481 649 3512 ι
665 3487 679 3513 ι
691 3469 789 3518 accedit
802 3468 866 3530 quod
879 3468 950 3517 deum
961 3481 1012 3516 esse
1056 3463 1129 3512 verba
1143 3476 1195 3512 csse
1218 3463 1244 3511 in
1259 3477 1312 3512 eam
1333 3463 1475 3512 sententiam
1487 3464 1587 3523 scripte,
1607 3467 1637 3512 ut
1647 3467 1719 3513 saiva
1732 3462 1823 3511 eliorum

233 3540 455 3601 prestantissimuro
469 3552 517 3588 non
529 3551 558 3588 eo
567 3552 639 3588 sensu
653 3539 751 3598 dicitur,
763 3541 790 3587 ut
802 3551 856 3598 erga
867 3537 931 3586 atiud
944 3537 1011 3599 quip·
1056 3532 1168 3582 ieticitats
1184 3535 1242 3582 deus
1261 3533 1318 3582 telin
1338 3546 1392 3582 esse
1405 3533 1506 3592 dicatur,
1528 3533 1552 3580 id
1571 3533 1659 3582 trustra
1677 3534 1719 3582 hic
1731 3540 1821 3594 quaeras

232 3610 296 3671 piem
306 3609 441 3671 hujusmodi
457 3609 489 3657 sit
499 3609 537 3658 dei
553 3609 702 3668 natura,sed
715 3611 831 3670 quantum
845 3609 1012 3658 tantummodo
1055 3607 1130 3654 Porro
1142 3605 1200 3660 1σωι
1209 3603 1285 3667 ἔχοντι
1298 3603 1431 3665 exposuisti
1444 3606 1483 3652 καὶ
1495 3606 1572 3661 καλῶς
1581 3605 1659 3666 aqam
1671 3604 1732 3658 1σιις
1744 3601 1822 3656 tuoe,

231 3679 263 3728 ad
280 3692 349 3727 snam
364 3678 439 3740 ipsius
454 3679 606 3728 affectionem
624 3679 710 3730 attinet
729 3697 736 3727 ι
758 3691 814 3726 nam
828 3677 847 3726 si
864 3677 893 3725 ad
909 3677 1011 3726 aiterum
1055 3673 1118 3734 quod
1140 3673 1160 3721 ai
1180 3678 1244 3722 recte
1264 3686 1292 3722 se
1312 3673 1425 3731 liaberet,
1445 3684 1623 3733 supervacanea
1640 3673 1707 3720 esset
1731 3677 1823 3746 sequens

230 3751 381 3808 spectemus,
394 3747 453 3810 quid
469 3748 606 3809 probibeat,
619 3748 691 3798 iteum
708 3761 756 3797 non
773 3761 817 3796 sun
837 3748 911 3810 ipsine
933 3749 1010 3810 neqni-
1054 3741 1195 3790 enuntiatio.
1208 3742 1281 3792 Panto
1293 3745 1380 3792 rectius
1394 3742 1535 3792 Karstenius
1545 3742 1578 3791 ita
1586 3741 1684 3802 scripsit
1699 3754 1705 3784 ι
1726 3741 1772 3801 apa
1785 3749 1821 3796 qap

230 3818 281 3868 tate
295 3823 319 3866 et
331 3816 484 3877 tortitudine,
495 3817 536 3866 sed
550 3830 581 3866 ειι
593 3819 695 3868 stiorurn
708 3817 869 3868 imbecillitate
879 3817 1010 3868 erectiore?
1053 3811 1155 3873 tao;·(t.
1168 3825 1190 3860 ιι.
1204 3812 1334 3873 nimirum)
1344 3811 1406 3860 τοῦτ’
1418 3812 1459 3871 (τὸ
1469 3811 1495 3860 εὖ
1505 3813 1545 3860 καὶ
1555 3811 1821 3874 καλῶιλέχοιιιιᾰιιῑιι

232 3889 264 3935 At
280 3885 351 3935 deum
371 3888 405 3936 ita
424 3899 475 3937 esse
500 3889 723 3948 praestantissimum
739 3888 848 3948 intelligit
865 3899 936 3936 nemo
943 3923 951 3947 ,
968 3889 1010 3938 sed
1056 3880 1098 3943 (τὸ
1112 3882 1233 3944 mistaten
1246 3882 1357 3942 εἶναιλᾰν
1374 3881 1491 3942 συμὸειὶη,
1510 3881 1552 3930 sed
1564 3880 1640 3929 mutto
1654 3877 1822 3943 simplicior&

234 3955 351 4016 quiaipse
362 3968 436 4016 quam
450 3957 539 4017 optime
559 3958 608 4006 deri
622 3959 715 4019 potest,
726 3957 827 4006 attentus
842 3960 893 4016 est,
904 3957 1011 4020 nitriiqoa
1055 3952 1164 4000 Feliciani
1178 3951 1262 4011 tectio,
1282 3952 1312 3999 ad
1334 3964 1407 4012 quam
1424 3951 1562 4001 Braudisius
1584 3947 1818 4001 commensuret

231 4024 393 4085 siquominus
407 4025 467 4074 bene
477 4030 502 4074 et
513 4030 637 4076 ractssese
650 4026 736 4075 babent
746 4025 828 4087 deest,
838 4027 925 4087 qnippe
935 4040 1010 4088 quum
1055 4034 1078 4081 p.
1092 4025 1122 4070 79
1140 4034 1166 4070 so
1181 4021 1310 4083 appticsrit
1332 4021 1382 4082 ἅμα
1395 4023 1439 4084 γὰρ
1457 4022 1531 4071 otro:
1547 4021 1633 4083 ἔχοντι.
1651 4024 1734 4079 Quum
1750 4019 1819 4094 atteia

232 4093 266 4142 ita
281 4105 332 4142 sess
346 4093 443 4143 iubenti
461 4094 534 4143 simut
549 4096 609 4144 ittnd
624 4097 695 4144 etiarn
710 4096 807 4145 eueniat
828 4105 924 4144 necesse
942 4097 981 4146 sit.
996 4115 1009 4140 ι
1054 4090 1267 4146 111ιιθοῦσωιιιίΙιῑΙ
1282 4091 1370 4139 sithoc
1381 4092 1433 4141 loco
1446 4091 1492 4140 nisi
1505 4091 1529 4140 εὖ
1541 4093 1580 4139 ast
1594 4093 1689 4152 καλῶς,
1702 4089 1818 4140 torsitanu

231 4167 328 4225 Exque
344 4163 538 4225 interpretatione
550 4166 608 4228 qnid
621 4166 673 4228 ipse
686 4166 711 4214 iu
720 4165 903 4227 suoesemptori
916 4165 1009 4215 intene-
1053 4160 1112 4215 1οωι
1129 4160 1165 4208 val
1177 4161 1250 4214 οὕτως
1267 4160 1345 4220 iatum
1359 4163 1435 4216 mid:
1451 4161 1561 4218 latuerit,
1575 4160 1640 4222 (111ού
1662 4161 1689 4209 m
1705 4159 1817 4232 ttrb⁰si¹¹¹

231 4235 277 4292 rit,
292 4232 418 4282 manifesto
433 4239 540 4295 apparet.
557 4235 670 4297 Bergiius
681 4235 767 4297 corrigi
787 4235 1009 4298 νιι11τὸδλιιριίιι-
1054 4229 1162 4278 ordinem
1175 4230 1279 4291 recipere
1291 4243 1339 4278 non
1362 4229 1480 4279 dubitari.
1502 4232 1585 4292 iisque
1599 4231 1680 4278 iocum
1696 4232 1731 4280 sic
1746 4227 1819 4276 distru-

231 4320 286 4352 ατον
295 4304 354 4352 εἶναι
364 4303 403 4352 τὸν
413 4305 464 4353 θεὸν
473 4305 517 4367 οὐχ
534 4305 607 4362 οὕτως
619 4307 718 4356 beroia
725 4306 797 4369 pdn'u
805 4323 843 4355 ων
861 4306 963 4366 λέγει,
978 4310 1009 4362 ὡς
1053 4311 1101 4359 8110
1116 4315 1122 4341 ³
1136 4299 1169 4348 Τὸ
1181 4299 1206 4347 δὲ
1217 4300 1338 4360 κράτιστοι
1351 4300 1409 4349 ῑῖναι
1418 4301 1459 4348 τὸν
1468 4301 1519 4348 θεὸν
1528 4302 1572 4361 οὐχ
1581 4302 1655 4355 atros
1662 4295 1817 4370 ὀιτολαμύίιιθ1

230 4374 286 4437 πρὸς
300 4373 516 4432 auroresceret
529 4376 634 4424 ιιολισῦ
651 4377 735 4438 φύσις,
747 4376 871 4440 ἀλλὰπρὸς
882 4376 924 4433 τὴν
937 4377 1010 4425 sares
1053 4369 1114 4430 λέγει
1126 4385 1174 4428 τις,
1191 4371 1222 4424 ὡς
1232 4370 1288 4432 πρὸς
1302 4369 1359 4417 ἄλλο
1379 4386 1401 4418 τι
1415 4369 1511 4426 τοιαύτη
1522 4372 1538 4428 ιλ
1551 4373 1593 4416 τοῦ
1612 4371 1665 4418 θεοῦ
1677 4369 1755 4431 φύσις,
1766 4363 1814 4412 etta

230 4445 345 4493 διάθεσιν·
357 4443 408 4491 ἐπεὶ
420 4442 489 4504 τόγε
498 4445 554 4506 πρὸς
562 4445 638 4508 Ιτερον
647 4447 712 4495 scats
722 4447 749 4494 ᾰν
760 4446 846 4494 κωλύοι
855 4446 887 4506 μὴ
898 4449 926 4507 τῇ
939 4447 1010 4494 αὐτοῦ
1053 4439 1108 4497 πρὸς
1123 4439 1164 4496 t'dt
1175 4438 1246 4488 αὐτοῦ
1255 4437 1368 4500 διάθωιν,
1383 4439 1433 4487 inei
1448 4437 1475 4486 τὸ
1482 4454 1510 4499 tt
1517 4438 1573 4500 πρὸς
1587 4438 1663 4500 ἕτερον
1672 4439 1738 4486 οὐδὲν
1746 4437 1817 4510 butu

230 4511 343 4574 ἐπιεικείᾳ
355 4513 395 4560 καὶ
408 4512 474 4576 ῥώμῃ
483 4514 617 4577 ῦπιρίχιιν,
629 4515 734 4564 attasi&
748 4516 790 4572 rto
803 4520 848 4562 τῶν
858 4514 933 4564 ἀλλων
942 4513 1008 4563 aett-
1052 4506 1102 4554 λύοι
1116 4508 1147 4568 μὴ
1161 4511 1190 4570 τῇ
1203 4507 1273 4555 αὐτοῦ
1283 4507 1394 4568 ἐπιεικείᾳ
1407 4508 1446 4555 καὶ
1455 4509 1523 4570 idun
1532 4507 1666 4568 ὑπερέχειν,
1677 4506 1737 4554 ἀλλὰ
1745 4503 1815 4580 aisn

230 4599 292 4631 νειαν
301 4617 308 4640 ,
318 4583 378 4632 θελοι
387 4582 407 4631 δ’
417 4583 444 4630 aa
457 4583 530 4640 οὐδεὶς
538 4585 600 4633 οὕτω
611 4586 650 4634 τὸν
664 4585 715 4634 θεὸν
725 4584 794 4647 φάναι
804 4584 926 4647 κράτιστον
940 4584 1008 4645 εἶναι,
1052 4582 1099 4626 cdv
1107 4577 1182 4628 ἄλλων
1198 4576 1325 4626 &adimat-
1342 4579 1409 4626 θίλῠῑ
1424 4577 1444 4624 ti’
1456 4577 1484 4625 dt
1496 4576 1569 4630 οὐδεὶς
1581 4577 1643 4624 οὕτω
1652 4577 1693 4624 τὸν
1704 4577 1751 4624 5th
1760 4582 1815 4633 peon

230 4651 280 4700 ἀλλ’
294 4651 329 4700 ὅτι
343 4651 411 4706 αὐτὸς
427 4649 475 4712 Ιχει
491 4654 523 4708 ὡς
540 4652 589 4702 otas
602 4670 627 4702 τι
637 4654 721 4716 apsqu
733 4655 773 4701 mi
790 4653 856 4706 οὐδὲν
871 4651 1008 4701 &tissime
1052 4645 1174 4708 κράτιστον
1187 4647 1261 4706 εἶναι,
1276 4645 1324 4694 ἀλλ’
1337 4646 1372 4695 ὃτι
1390 4645 1458 4701 αὐτὸς
1471 4646 1519 4706 ἔχει
1532 4647 1563 4700 ὣς
1579 4645 1628 4693 οῑόν
1643 4661 1669 4693 τε
1682 4645 1774 4710 ἄριστα,
1784 4651 1815 4718 1111

230 4723 270 4771 καὶ
280 4721 305 4771 εὖ
319 4723 359 4770 καὶ
373 4721 448 4778 καλῶς
458 4721 519 4785 ἔχειν
529 4723 637 4772 αὐτόν·
655 4724 733 4773 ἀλλὰ
745 4723 800 4786 γὰρ
810 4724 867 4779 λαως
881 4723 957 4784 ἔχοντι
965 4721 1009 4772 κά·
1053 4715 1118 4763 οὐδὲν
1129 4715 1227 4766 tusam
1240 4717 1280 4764 καὶ
1295 4714 1321 4764 εὗ
1331 4717 1370 4763 καὶ
1380 4717 1457 4770 καλῶς
1470 4715 1532 4777 ἔχων
1549 4715 1626 4776 αὐτῷ·
1640 4714 1691 4776 ἅμα
1700 4715 1743 4776 γὰρ
1752 4709 1814 4758 tffl'i

230 4797 293 4840 κεῖνο
307 4791 336 4840 θν
353 4791 529 4852 septetum.
543 4793 612 4852 Quod
631 4793 699 4842 mitto
714 4793 808 4854 scripsit
822 4791 863 4850 di,
880 4789 1007 4851 elegantia·
1052 4785 1128 4848 Ιχοντι
1140 4785 1270 4837 attestato
1282 4785 1413 4847 ονμθαίνοι.
1776 4847 1781 4860 ,

231 4873 282 4908 rem
304 4859 380 4910 sitisti
398 4861 545 4921 orationem,
566 4862 610 4910 etsi
635 4877 661 4910 τι
683 4861 783 4911 tortasse
803 4857 955 4911 tolerandum
984 4860 1008 4908 in
1084 4857 1201 4904 assum
1220 4856 1393 4905 δεδανεῖσθαι
1412 4852 1660 4909 ναὶπλείουςαῦτοῦς
1681 4843 1814 4905 suendi

231 4930 346 4991 scriptore
369 4929 411 4992 qni
436 4929 510 4980 incise
529 4930 729 4993 membratimque
751 4931 852 4993 ioquens
874 4942 1009 4990 praegressoe
1051 4929 1264 4984 suacensem
1273 4931 1305 4985 ὡς
1317 4927 1367 4978 οῑόν
1378 4945 1403 4976 τε
1414 4927 1499 4990 ἄριστα
1509 4927 1681 4988 διακειμένους,
1704 4926 1742 4974 sai
1751 4915 1811 4982 spart·

230 4999 469 5049 mendacemiam
483 5001 603 5058 annectit,
621 5003 648 5050 ut
665 5014 714 5050 non
735 5001 797 5049 mals
810 4999 1009 5050 Felicianuabauc
1052 5012 1120 5053 στοις
1136 5003 1184 5046 τῶν
1195 4997 1286 5056 ἄλλων,
1298 4999 1343 5060 οὐχ
1360 4999 1436 5046 aaron
1448 4997 1522 5052 ὄντας.
1533 4996 1583 5043 ἔστι
1604 4995 1639 5056 θ’,
1655 4999 1688 5050 ὡς
1703 4982 1812 5046 teneaat

230 5069 395 5119 transitionem
411 5069 490 5118 verbis
509 5069 609 5121 accedit
621 5070 690 5134 quod
703 5071 837 5120 reddiderit.
850 5069 941 5120 Deinde
952 5083 1008 5119 raro
1051 5069 1118 5118 ἄλλα.
1130 5071 1166 5117 ru
1184 5067 1310 5128 Βελλοιιιῖι,
1331 5067 1374 5128 qui
1398 5069 1506 5116 veterum
1524 5065 1657 5114 editionum
1668 5067 1700 5120 ὡς
1717 5061 1812 5126 sanct

230 5137 399 5198 θιτολιιμθάνων
408 5141 467 5200 λέγει
481 5141 654 5190 conconvenit
670 5139 726 5190 huic
741 5140 810 5202 ioco,
822 5141 879 5201 quia
893 5141 1008 5190 Adstotc-
1051 5137 1106 5188 cod.
1121 5139 1185 5200 Lips.
1202 5151 1231 5187 ac
1242 5137 1343 5186 torbace
1355 5149 1384 5186 en
1398 5135 1451 5185 attis
1462 5148 1558 5198 quoque
1568 5133 1634 5183 tibris
1645 5135 1716 5183 tacite
1727 5120 1811 5198 ιοιιιξύ

230 5205 323 5272 isaiam
337 5220 384 5258 non
395 5209 547 5273 xenopbauis
558 5209 676 5274 iudicium
693 5209 934 5268 commemorabam
949 5207 1006 5274 quid
1051 5207 1235 5265 1οῦιολόντε.
1255 5206 1302 5260 Sed
1320 5207 1345 5256 in
1359 5205 1475 5272 Lipsioust
1494 5204 1580 5268 tegitur
1598 5206 1714 5266 proterea
1732 5195 1775 5252 οὐδὲ
1789 5201 1810 5236 “¹
