3708 5916
220 341 279 393 m
426 381 428 384 .
743 329 950 396 flluuoctts
966 329 1278 395 COMMENTARIUS

219 460 294 542 ὀρίδν
306 458 392 540 λόγον·
408 463 463 528 πῶς
476 457 527 542 ηάρ
543 461 558 519 ό
571 457 665 526 κακίας
675 449 743 519 ιίναι
764 461 880 542 καρποίνς
893 462 927 521 sd
948 465 997 522 ἀλ-
1044 461 1082 541 μλ
1096 463 1131 532 είς
1141 467 1226 523 ταῦτα
1240 462 1376 544 ἀναφίροιν
1392 460 1441 536 τὴν
1456 464 1592 542 παρῶσαι
1611 467 1727 540 μοῖραν
1734 445 1751 532 ,’
1764 461 1825 516 subn

218 545 291 624 γοινά
304 545 445 624 τιθίμενος,
455 548 485 606 οδ
499 544 676 627 polimitis
689 549 725 615 τίς
736 551 820 607 ταῦτα
832 549 997 628 κατάγουσαν
1044 555 1091 609 τοῦ
1103 549 1194 630 πράως
1207 550 1293 629 φίριιν
1306 547 1387 620 ubils
1401 547 1448 616 τάς
1465 548 1585 630 ἀφορμάς
1596 549 1750 629 λήψεταις
1765 547 1827 604 πολιν

219 635 297 696 αὐτὸν
314 635 409 708 αἰτίαν,
420 633 480 709 καί,
494 636 516 694 εἰ
529 637 568 693 δεῖ
579 632 749 714 χαλεπαίνειν
760 636 785 694 ἐν
799 640 853 704 τοῖς
862 637 998 716 λυπηροῖς,
1045 638 1072 698 δί
1090 643 1134 698 τοῦ
1148 639 1236 696 ἰᾶσθαι
1249 636 1297 708 τὴν
1311 636 1404 716 τέχνην
1415 657 1425 710 ;
1437 639 1484 696 οὐκ
1500 635 1571 694 ίστιν
1585 637 1692 696 cineis.
1741 636 1831 714 Εὗαρι-

218 725 303 802 {susq
322 725 422 796 μᾶλλον
437 722 557 794 οίήσιεαι
574 723 625 782 διῖν
650 721 839 801 χαλεπαίνειν,
862 721 931 803 ἥτῷ
945 746 998 784 κιο·
1044 730 1142 796 στῆσαι
1154 724 1202 802 μίν
1214 723 1265 804 γάρ
1280 724 1386 784 αὐτόθεν
1406 730 1459 792 τοῖς
1479 725 1603 791 εοιοιίτοις
1624 725 1681 784 viz
1704 721 1832 800 ἀοτιν,ν”ι;

218 809 307 869 λύοντι
318 812 366 883 clv
380 810 507 892 πονηρίαν
521 811 572 890 θεῷ
587 809 631 869 διδ
649 813 701 870 τῶν
713 811 830 890 ὀργάνων
848 814 894 882 τῆς
907 811 997 886 δίκης,
1045 811 1249 892 ἀδιαφόροις,ἢ
1280 811 1326 872 καί
1349 810 1468 888 ἀμιίνοσι
1489 815 1540 871 τῶν
1565 810 1727 880 ἐναντίων,
1754 811 1835 883 ἐπειδὴ

218 898 253 957 δι’
271 888 309 957 ὧν
332 897 389 958 ίατι
409 897 525 958 συνιέναι
547 897 592 956 καί
617 898 878 974 ἀναμιμνήσκεσθαι,
901 888 954 958 οἷον
967 891 998 971 ’νίν
1044 899 1106 980 παρ’
1120 902 1222 959 ίαυτῶν
1234 898 1333 976 φιυοιτά
1344 889 1410 958 εἶναι
1424 898 1560 979 φαίνεται,
1573 895 1697 976 ἀλγεινάε
1713 895 1782 955 ὄντα
1799 900 1836 954 καὶ

218 984 271 1064 ἄρα
292 983 389 1063 ἀγαθὸν
405 983 443 1060 μὴ
463 984 625 1067 ἀφίστασθαι
643 989 695 1044 τῶν
719 985 794 1044 θείων
818 983 918 1062 νόμων,
931 977 998 1061 μηδί
1044 987 1165 1050 inlesos.
1197 988 1241 1050 Τὰ
1255 987 1283 1046 bl
1296 993 1402 1046 τοιαῦτα
1415 987 1445 1046 οδ
1461 985 1598 1064 προσίεται
1612 987 1705 1062 ἡμῶν
1723 985 1838 1065 ipim,

219 1069 325 1136 ἑκόντας
345 1071 515 1134 κακύνισδαι.
557 1072 598 1132 Οὗ
616 1070 668 1150 γὰρ
690 1073 726 1138 ὡς
740 1069 819 1154 ίτυχε
832 1071 867 1131 τά
891 1069 999 1150 ἀλγιινίι
1045 1077 1081 1142 ὡς
1093 1073 1128 1134 rb
1142 1075 1174 1133 δι’
1187 1072 1269 1133 taust
1283 1073 1394 1156 αίριτά,
1407 1075 1431 1132 el
1443 1072 1481 1150 μὴ
1494 1073 1545 1153 άρα
1558 1075 1660 1150 ἀγαθόν
1674 1097 1707 1133 τι
1726 1075 1837 1151 προσδο-

223 1157 272 1226 εοῖς
286 1157 430 1236 ἀνθρώποις
442 1158 610 1236 διανίμιται,
631 1157 706 1236 ιίπερ
721 1157 777 1225 uel<
795 1157 841 1216 καί
859 1157 932 1231 δίκης
944 1158 999 1237 ipos
1045 1162 1163 1240 κιιίμενον
1176 1160 1216 1232 τίη
1228 1160 1314 1240 ίπλτῇ
1328 1159 1476 1240 τληπαδείορ
1490 1165 1543 1219 τῶν
1555 1161 1713 1241 δυσχερῶν.
1725 1159 1837 1237 Ἀνάγκη

219 1241 411 1326 προεστήκασιν
425 1249 517 1325 ἡμῶν,
535 1245 583 1318 ele
601 1243 675 1315 ἀξίαν
691 1249 814 1328 μοῖραν
829 1248 868 1327 lp·
881 1245 1000 1312 Ικάστοιι
1044 1238 1089 1309 νίν
1105 1247 1292 1328 δνσριρνιίνιιν,
1310 1248 1357 1306 καί
1371 1247 1540 1326 incepistis<
1556 1249 1776 1322 ίμτίιιλασοαι,
1798 1248 1839 1305 sel

219 1333 367 1412 ἀπάγοντος
386 1332 443 1408 διό,
458 1333 504 1394 καί
520 1333 551 1392 τ“ο
568 1335 596 1393 οὗ
620 1332 697 1392 πάνυ
716 1341 781 1400 τοῖς
796 1337 943 1412 ἀγαθαῖς
961 1332 999 1392 τά
1045 1334 1249 1415 προσιπιτιίνιιν
1275 1333 1306 1394 αδ
1330 1331 1441 1409 ἀλγιινά
1463 1334 1494 1391 lx
1518 1339 1566 1406 τῆς
1580 1334 1645 1413 περὶ
1669 1333 1729 1404 τὴν
1751 1335 1836 1392 ὠσίαν

220 1420 553 1500 ἀλγεινδσυμπίπτιιν,
578 1419 696 1498 ιάλογον.
750 1423 860 1500 Πρῶτον
876 1419 924 1498 μίν
948 1419 1000 1498 γάρ
1045 1425 1120 1499 ἡμῶν
1136 1421 1312 1501 ἀγνοίας,καί
1324 1419 1398 1482 stols
1415 1418 1464 1497 μίν
1474 1413 1551 1492 ἧττον
1567 1421 1673 1480 διδόναι
1687 1419 1781 1487 δίκας·
1795 1424 1836 1492 τὴν

220 1505 374 1568 οίσουσιν
388 1507 456 1567 αὖτά
475 1506 590 1588 πράως
607 1508 793 1588 εῇιίναρεστίιρ
800 1512 847 1580 τῆς
860 1509 930 1576 Θείας
943 1507 1000 1586 κφί-
1046 1509 1175 1589 μεγίστηνΙ
1192 1509 1220 1570 δά
1240 1511 1396 1568 teneamur
1415 1508 1522 1580 κακίαν,
1542 1507 1588 1567 tls
1612 1509 1793 1589 ἀπρονόητον
1812 1510 1838 1566 τί

219 1593 401 1674 σοινς,καίτῇ
414 1597 461 1666 τῆς
481 1596 574 1674 όριτῆς
587 1595 806 1672 sponsalem&
821 1595 854 1668 ἣν
868 1595 999 1675 πραότιρα
1045 1605 1107 1669 πᾶν,
1124 1593 1245 1667 ηκακῶς
1267 1595 1481 1676 φροντιζόμινον,
1500 1597 1647 1672 οἰηθῶμεν.
1703 1595 1837 1657 Tosne*

220 1682 268 1760 μίν
282 1681 316 1742 sb
339 1680 446 1762 χαλεπά
459 1680 571 1761 γίνεται.
592 1681 648 1742 Καὶ
659 1680 762 1750 εὔελπις
777 1681 803 1741 δί
820 1689 866 1742 τοῦ
879 1685 971 1742 λοιποῦ
986 1685 1001 1740 ό
1044 1685 1138 1760 ταύτόν
1150 1687 1206 1744 iou
1217 1687 1254 1764 τῷ
1268 1683 1305 1760 μὴ
1317 1682 1417 1744 οίισδαι
1427 1674 1494 1744 εἶναι
1507 1683 1581 1755 θεόν,
1599 1682 1702 1755 δόντα
1720 1682 1763 1759 μὴ
1777 1707 1837 1760 προ-

221 1768 276 1850 βίος
291 1772 419 1846 μηδαμῶς
446 1769 599 1850 ίνοχλήσειν
626 1773 697 1846 ἡμᾶς
722 1770 757 1829 sl
783 1776 906 1842 τοιαῦτα,
927 1767 1000 1850 είπερ
1045 1781 1131 1845 νοιῑν,
1146 1772 1335 1852 inpermissa
1355 1772 1393 1848 psl
1410 1770 1508 1851 ἀγαθὸν
1529 1761 1607 1844 εἶναι,
1621 1771 1672 1830 καὶ
1689 1771 1835 1832 dinami

186 1871 188 1874 '
219 1856 326 1934 ἀγαθοῖς
338 1855 499 1934 γενομίνοις,
519 1854 589 1916 κατδ
612 1854 660 1934 μίν
677 1856 725 1930 τὴν
741 1857 888 1933 ἀκροτάτην
904 1855 999 1936 ἀρετὴν
1046 1858 1077 1930 δὴ
1090 1863 1136 1932 τῆς
1148 1859 1318 1930 παντοδαπῆς
1327 1857 1448 1924 ἀσιόείας
1461 1857 1518 1918 ίστί
1532 1856 1762 1917 mansuem
1770 1903 1781 1932 ,
1796 1859 1836 1916 ssi

221 1944 323 2004 τάθεία
340 1941 426 2020 siquid
447 1943 510 2020 ημῖν
532 1942 688 2016 ἀπόκιιται,
714 1945 782 2003 κατά
801 1943 829 2004 δί
853 1942 901 2015 τὴν
918 1945 1001 2020 μίσην
1045 1947 1109 2027 πρὸς
1121 1955 1210 2006 πᾶσαν
1221 1945 1317 2005 κακίαν
1337 1949 1500 2005 συνυιδοῦντα
1512 1943 1555 2003 τὸν
1569 1951 1624 2010 τοῖς
1643 1944 1781 2010 τοιούτοις
1795 1947 1836 2002 ία-

220 2029 288 2103 iles,
302 2028 335 2090 τίι
352 2029 512 2110 ἀνθρώπινα.
554 2030 671 2094 Ἔπειτα
683 2031 728 2092 καί
742 2031 1000 2092 ίάσονταικατά
1045 2033 1334 2106 λνικόταδοξάσμασιν.
1376 2033 1491 2112 Ὦςγάρ
1505 2036 1522 2104 ἡ
1537 2031 1663 2091 εὖσίόεια
1677 2032 1832 2110 pria-qvir

220 2119 369 2195 δύναμιν
383 2115 538 2178 τὰτοιαῦτα
558 2118 585 2188 ll
599 2121 679 2179 αὐτοῦ
693 2125 738 2178 τοῦ
752 2119 826 2201 φέρι
836 2142 862 2178 ιν
876 2120 1011 2200 προίινς,1
1046 2121 1145 2198 ἀρετῶν
1168 2120 1300 2200 ἀνεφάνη,
1314 2117 1382 2178 οὕτω
1395 2119 1441 2180 καί
1453 2119 1542 2189 πάσης
1563 2117 1663 2182 κακίας
1686 2117 1832 2194 impsiensi,

221 2201 270 2270 τδς
282 2205 405 2280 μιδόδους
415 2207 462 2275 τῆς
475 2205 613 2283 διρατιίας
627 2208 714 2265 αὐτῶν
727 2207 921 2284 διδασκόμενοι.
939 2209 1001 2272 Πῶς
1047 2211 1095 2279 τῆς
1105 2205 1241 2273 εὐσιόιίας
1255 2205 1416 2274 ἀπόπτυσις.
1447 2206 1536 2272 Μόνος
1551 2195 1596 2263 οὖν
1618 2205 1762 2282 ίὶευρησιι
1775 2203 1828 2262 τιν’·

221 2289 272 2371 qap
286 2281 338 2350 οἶόν
350 2314 379 2350 τι
392 2295 449 2358 ταῖς
461 2294 543 2372 ίιραῑς
556 2293 677 2360 ίκιτιίαις
685 2297 834 2372 διοπρεπῶς
842 2293 1001 2373 χρήσασθαι,
1045 2319 1097 2356 των
1110 2296 1157 2365 τὴν
1180 2293 1270 2354 ίασιν
1284 2299 1298 2355 ό
1311 2294 1423 2373 πράως
1438 2293 1505 2352 abab
1522 2292 1634 2375 φάρειν
1646 2292 1832 2368 &dederis-ppi-

222 2377 260 2454 μὴ
275 2377 397 2458 πρόνοιαν
412 2379 458 2438 καί
477 2378 552 2450 δίκην
566 2383 661 2460 ίφορᾶν
676 2382 709 2441 τά
732 2381 881 2460 ἀνθρώπινα
897 2381 1002 2458 τιδιμό·
1045 2407 1098 2451 νος.
1140 2385 1227 2444 Τοῦτο
1245 2382 1273 2440 δί
1293 2381 1336 2440 διδ
1361 2381 1512 2462 φιλοσοφίας
1536 2381 1619 2459 μόνης
1645 2379 1828 2460 παραγίνεται,

222 2487 295 2536 νους,
307 2465 353 2524 καί
376 2465 424 2537 τὴν
439 2463 527 2545 ψυχὴν
550 2473 626 2540 ἡμῶν
645 2468 774 2528 ἀθάνατον
787 2459 866 2526 oinos
880 2469 1002 2527 τοιούτων
1048 2468 1095 2538 τάς
1113 2470 1220 2530 πάντων
1239 2474 1291 2528 τῶν
1312 2469 1393 2528 όντων
1407 2469 1495 2535 οὐσίας
1509 2467 1626 2546 aspre&
1639 2468 1830 2543 ἐπισταμένας,

222 2551 348 2610 ίκάστοτι
361 2552 499 2630 τυγχάνειν
515 2559 567 2614 τῶν
578 2553 686 2628 ilerden,
697 2553 757 2614 οίιον
769 2554 802 2614 δν
817 2553 913 2627 ίαυτλν
928 2554 1002 2624 ἀξίαν
1048 2559 1093 2618 καὶ
1115 2556 1162 2624 τάς
1178 2557 1308 2633 ίπομίνας
1325 2560 1384 2623 ταῖς
1401 2555 1500 2622 odoini:
1513 2558 1599 2614 αιίαῶν
1621 2555 1777 2634 ίνεργιίας,
1798 2545 1830 2612 dv

222 2638 394 2719 παράσχηται
406 2643 436 2700 ἐκ
449 2644 501 2700 τῶν
513 2647 704 2724 προαιρετικιῗιν
720 2643 889 2718 κινημάτων;
902 2642 937 2704 Ὁ
953 2643 1003 2730 ηάρ
1049 2643 1136 2724 είρμδς
1149 2644 1194 2704 καί
1208 2642 1327 2712 σύνταξίς
1347 2644 1417 2702 ίστιν
1431 2648 1448 2715 ἡ
1462 2645 1513 2702 τῶν
1526 2639 1594 2700 ὅλοιν
1615 2641 1769 2714 διοίκησις,
1789 2643 1828 2718 ἀφ’

222 2834 294 2890 Cum
310 2833 397 2908 igitur
417 2835 457 2891 its
472 2831 528 2892 lixa
550 2836 587 2890 sit
604 2836 649 2891 lex
667 2836 821 2910 eademque
836 2855 948 2911 semper
961 2838 1003 2892 lo·
1049 2845 1170 2911 propter
1181 2853 1266 2908 quem
1283 2823 1397 2890 mitiora
1410 2831 1483 2888 iiunt
1501 2849 1534 2888 ea
1546 2851 1612 2906 qrsoe
1624 2833 1751 2890 molesta
1764 2844 1829 2888 nint.

223 2931 338 2994 quatur,
358 2923 382 2976 's
394 2939 454 2976 non
481 2941 592 2996 semper
616 2923 714 2978 eadem
738 2925 931 2998 consequitur,
957 2927 1006 2998 qui
1050 2924 1127 2995 Quin
1138 2934 1167 2978 et
1177 2923 1255 2978 bona
1267 2939 1330 2996 spes
1343 2931 1394 2991 est,
1410 2922 1533 2977 talerniu
1546 2932 1698 2994 posterum
1712 2933 1829 2983 uosbau

222 3006 389 3082 dignitatem
411 3002 489 3064 suam
515 3009 636 3066 subinde
657 3013 788 3079 mutavit3
814 3029 907 3084 neque
930 3013 1004 3067 euim
1050 3009 1112 3066 fore
1120 3011 1268 3084 vitam,ut
1280 3026 1462 3084 nequaquam
1471 3008 1699 3082 hujusmodires
1711 3033 1828 3090 nospes·

223 3093 296 3150 illud
305 3093 411 3165 justum
424 3105 510 3168 esset,
532 3115 625 3171 neque
648 3099 732 3154 nobis
747 3099 827 3154 utile.
840 3098 895 3155 Sed
904 3097 1006 3170 judicii
1051 3096 1181 3164 turbent,
1196 3095 1429 3170 quandoquidem
1440 3096 1524 3154 uobis
1536 3099 1632 3155 bonos
1648 3117 1751 3157 mores
1766 3121 1829 3156 asse·

226 3184 415 3239 mutationem
425 3183 494 3240 lucit
505 3183 565 3256 ejus
577 3173 626 3260 qui
635 3185 781 3258 judicatur
791 3187 911 3242 mutatio
927 3206 934 3242 ι
948 3204 1006 3260 quo
1052 3185 1142 3253 cutis,
1155 3185 1178 3239 si
1201 3201 1309 3239 summa
1323 3185 1412 3241 virtus
1425 3187 1557 3260 contigit,
1577 3187 1680 3243 divina
1702 3189 1827 3256 bonam

223 3271 300 3326 enim
321 3280 406 3344 pacto
423 3272 488 3342 ille,
518 3273 650 3345 quinon
673 3272 748 3328 idern
776 3285 885 3343 manet,
908 3273 1006 3330 iisdem
1051 3271 1163 3327 medius
1187 3273 1313 3342 babitus,
1333 3272 1458 3329 bumana
1476 3283 1671 3331 reservantur.
1698 3276 1828 3330 Praeterea

224 3355 327 3432 dignus
339 3358 438 3413 heberi
453 3360 560 3434 possiti
573 3361 665 3435 Igitur
676 3361 900 3433 leniterserenda
913 3365 1006 3416 estdr'·
1051 3360 1136 3414 etiarn
1151 3358 1343 3414 medebuntur
1364 3360 1467 3416 talibus
1485 3360 1583 3433 ε’φτιοοά
1603 3371 1763 3434 poterunt,
1780 3365 1826 3436 ipsa

224 3448 288 3498 elna
290 3441 491 3514 fortuna5nec
499 3447 643 3521 indignari
653 3459 768 3522 oportet
776 3465 841 3504 enm
850 3447 899 3520 qni
910 3467 1007 3522 poenas
1050 3447 1151 3502 leniter
1161 3445 1271 3502 ferendi
1286 3447 1395 3501 ratione
1408 3447 1542 3503 medendi
1552 3448 1629 3503 viam
1643 3449 1755 3505 edocti.
1764 3454 1828 3522 Quo

223 3530 278 3592 luit
291 3542 337 3598 et,
352 3533 447 3606 quoad
455 3545 549 3608 potest
560 3535 701 3606 judicium
711 3535 840 3590 divinunl
850 3575 857 3602 ,
868 3546 1008 3610 purgatur
1051 3531 1139 3588 modo
1149 3533 1224 3588 enirn
1244 3533 1265 3586 ii
1278 3535 1364 3588 sacris
1377 3533 1631 3607 supplicationibus
1647 3537 1687 3592 ud
1707 3538 1827 3592 dis-inum

223 3635 318 3693 perca
328 3635 390 3692 quae
403 3619 487 3692 hujus
500 3622 565 3676 vite
577 3618 773 3696 voluptatibus
784 3621 897 3678 obstare
912 3623 1007 3678 viden·
1051 3637 1158 3675 numen
1179 3619 1393 3676 accommodate
1406 3621 1447 3674 uti
1461 3632 1594 3694 possunt,
1611 3625 1663 3696 qui
1677 3626 1827 3698 providen-

225 3716 284 3761 tur.
302 3705 474 3778 Huiusmodi
487 3727 557 3764 vero
572 3707 761 3764 consideratio
782 3719 823 3764 est
839 3710 1006 3783 etpriorrrm
1053 3707 1121 3761 tiam
1134 3718 1163 3763 et
1170 3705 1307 3780 justitiam
1318 3725 1364 3762 res
1386 3705 1522 3761 humanas
1537 3708 1680 3780 inspicere
1694 3722 1725 3765 et
1741 3712 1827 3766 admi·

225 3791 396 3848 delictorum
415 3795 557 3850 medicine
582 3805 611 3850 et
637 3794 673 3850 ad
695 3806 818 3864 rectam,
839 3813 902 3869 qun
924 3797 1008 3852 nobis
1052 3797 1174 3850 nistrare
1195 3807 1315 3869 negant,
1338 3803 1367 3850 et
1389 3793 1512 3848 animum
1530 3805 1782 3870 nostrum,quom
1801 3801 1827 3852 sit

225 3879 315 3949 inest,
331 3881 472 3937 rationem
484 3883 632 3938 conversio
649 3902 655 3937 2
670 3886 720 3956 qui
734 3885 810 3939 eninr
823 3883 885 3940 lieri
896 3895 1003 3958 potest,
1052 3882 1236 3950 immortalis,
1256 3892 1370 3937 externa
1385 3881 1433 3936 illa
1445 3897 1557 3953 semper
1574 3883 1719 3954 nancisci,
1732 3886 1827 3956 quibus

225 3979 259 4022 nt
272 3969 294 4024 is
313 3970 363 4042 qui
382 3969 473 4026 credit
494 3969 632 4026 vitiorum
657 3969 764 4026 fructus
787 3989 845 4028 esse
873 3971 1004 4043 dolores,
1052 3985 1081 4026 se
1098 3987 1134 4024 ex
1152 3967 1450 4024 rolunmriismotibus
1461 3965 1581 4041 dignum
1591 3968 1826 4040 praebuet-imon

225 4070 286 4110 nou
302 4054 409 4110 devitet
420 4075 531 4112 causam
548 4057 612 4112 illos
625 4057 677 4130 ipsi
693 4057 872 4128 afferentem,
891 4053 1008 4127 σανίδα
1053 4056 1129 4110 enim
1142 4055 1179 4111 ad
1202 4055 1261 4110 haec
1283 4065 1388 4110 sortem
1413 4063 1579 4128 praesentem
1599 4071 1661 4108 non
1690 4055 1825 4123 retulerit,

227 4141 347 4197 miseriis
368 4141 450 4198 decet
465 4143 625 4218 indignari,
646 4143 702 4198 sibi
725 4147 826 4218 potius¹
843 4163 1004 4200 succenseri·
1053 4142 1129 4198 unde
1144 4159 1205 4197 earn
1219 4143 1321 4198 leniter
1332 4141 1439 4198 serendi
1457 4141 1619 4197 facultatem
1633 4145 1774 4216 consequi
1787 4153 1826 4198 ant

228 4227 299 4284 dum
318 4243 374 4282 esse
392 4227 555 4298 arbitretur,
582 4249 667 4304 quam
682 4233 761 4304 Deo,
781 4232 832 4304 qui
852 4233 950 4286 uitium
976 4233 1009 4288 iis
1054 4230 1130 4286 unde
1141 4229 1276 4287 medendi
1287 4240 1377 4284 artem
1391 4229 1501 4286 discere
1513 4230 1616 4302 possit,
1631 4230 1690 4284 dici
1703 4233 1825 4304 prolecto

225 4315 339 4394 justitia
353 4314 544 4372 instrumentis
560 4319 694 4394 castiget,
719 4320 795 4376 unde
817 4321 880 4393 quis
899 4321 1009 4375 intelli·
1054 4320 1164 4392 nequit.
1179 4319 1278 4391 Neque
1292 4318 1368 4372 enim
1389 4317 1421 4372 iu
1434 4317 1535 4372 talibus
1549 4317 1701 4372 confestim
1717 4321 1825 4391 acquie-

228 4419 297 4478 gere
310 4411 341 4457 et
355 4402 500 4457 recordari
514 4407 619 4476 possit,
630 4405 713 4478 quale
730 4404 816 4460 fuerit
828 4406 935 4460 bonum
950 4423 1008 4461 non
1054 4423 1132 4462 scere
1146 4407 1224 4473 licet,
1233 4405 1313 4478 qnnsi
1328 4403 1519 4460 indifferentia
1531 4405 1587 4458 sint
1602 4407 1748 4460 autetiam
1764 4424 1827 4460 con·

229 4487 385 4544 desciscere
400 4505 416 4542 a
433 4487 536 4543 divinis
556 4491 665 4564 legibus
686 4509 779 4565 neque
794 4503 894 4564 sponte
913 4511 962 4548 sua
980 4494 1010 4547 in
1055 4495 1150 4548 trariis
1160 4493 1294 4565 meliora,
1306 4492 1372 4565 quia
1383 4508 1435 4566 per
1446 4509 1475 4545 se
1485 4491 1619 4564 fugienda
1632 4509 1666 4547 ea
1676 4511 1735 4548 esse
1748 4509 1827 4566 appa·
1844 4557 1847 4568 Ι

230 4571 338 4650 flagitia
352 4592 381 4630 se
396 4575 587 4649 ingurgitare?
599 4578 665 4631 Non
678 4579 754 4631 enim
768 4577 886 4633 fortuito
901 4580 1011 4634 calami·
1055 4590 1115 4650 ret,
1130 4587 1162 4634 ut
1183 4597 1245 4652 quse
1267 4579 1366 4653 gravia
1391 4577 1447 4632 sint
1473 4587 1502 4631 et
1522 4578 1651 4632 molesta.
1669 4579 1710 4632 ra
1729 4587 1824 4645 autem,

231 4672 301 4718 tates
322 4661 532 4718 distribuuntur
560 4663 737 4739 hominibus,
765 4665 905 4738 siquidem
933 4669 1010 4722 Deus
1055 4684 1116 4739 quse
1128 4665 1267 4738 ejusmodi
1279 4675 1469 4735 sunt,natura
1482 4671 1579 4718 nostru
1592 4680 1671 4729 non,
1686 4674 1721 4718 ut
1739 4681 1825 4736 perse

228 4746 400 4826 justitiaeque
421 4750 496 4824 leges
505 4751 589 4806 nobis
599 4761 722 4826 prosunt
735 4753 901 4810 etmeritam
912 4755 1010 4828 singu·
1056 4754 1202 4828 eligenda,
1225 4752 1370 4823 admittit,
1392 4751 1446 4806 nisi
1467 4751 1539 4806 boni
1559 4749 1630 4822 quid
1658 4768 1675 4805 e
1698 4752 1822 4805 malorum

232 4834 267 4889 lis
277 4846 383 4892 sortem
399 4837 529 4892 tribuunt
550 4855 557 4892 ι
580 4837 766 4910 quamobrem
791 4850 1010 4896 consentaneum
1055 4843 1190 4916 patientia
1211 4849 1396 4915 exspectetur.
1420 4837 1561 4910 Quocirca
1585 4855 1701 4910 uerene
1716 4848 1770 4906 est,
1782 4854 1822 4890 ms

233 4931 289 4992 est,
312 4940 372 4978 uon
391 4925 430 4980 ita
453 4941 569 5000 magnas
586 4924 667 4980 bonis
680 4925 849 4982 calamitates
870 4927 1008 4988 accidere.
1056 4943 1089 4982 ea
1103 4943 1175 5001 aegre
1189 4925 1262 4982 ferre
1277 4943 1434 4999 eorumque
1456 4923 1541 4980 tedio
1561 4925 1705 4999 compleri
1724 4935 1752 4979 et
1767 4941 1821 4997 pm·

233 5009 361 5066 Primum
369 5013 445 5066 enim
455 5029 500 5068 cas
508 5009 719 5082 leniterfirent,
732 5013 800 5086 quia
813 5014 844 5068 in
857 5013 956 5070 divino
965 5013 1012 5086 ju·
1056 5024 1121 5088 pter
1127 5025 1234 5070 naturae
1247 5024 1350 5068 nostrae
1361 5013 1548 5088 ignorantiam
1561 5009 1677 5068 dolores
1690 5027 1821 5086 augerem

235 5091 311 5152 diuo
325 5097 507 5172 acquiescunt
517 5109 546 5156 et
555 5099 668 5155 virtutis
680 5101 855 5178 possessione
864 5100 1008 5177 gaudent,
1056 5103 1239 5160 nibilominus
1259 5119 1356 5180 poeuas
1376 5097 1462 5175 dare,
1476 5101 1507 5156 in
1522 5101 1679 5158 maximum
1700 5117 1767 5157 reno
1779 5099 1818 5156 im·
