3708 5916
571 330 612 394 ιιι
637 327 797 390 iuneun
821 326 994 390 einana.
1207 389 1214 402 ,
1522 330 1578 384 ιιι

11 470 134 554 διαφθείρει
147 466 185 547 ἐφ’
198 462 255 524 δσον
269 454 321 524 οἷόν
337 483 375 523 τε.
404 463 496 540 Φθορδ
512 460 539 520 δί
555 459 684 520 ἀθανάτου
698 460 767 542 πρά·
808 465 855 530 τῆς
868 457 977 540 κρίσεως
986 455 1081 529 πόνων,
1096 457 1137 516 Oi
1153 452 1273 532 βούλεται
1283 451 1334 532 γάρ
1344 454 1357 510 θ
1369 452 1448 518 κακὸς
1463 450 1593 511 ἀθάνατον

11 582 93 640 γαατος
104 558 179 613 κακία
189 597 197 626 ,
206 544 236 624 ἧς
250 549 360 610 άόουλία
376 548 462 627 μήτηρ
472 593 480 620 ,
490 548 523 620 ἣν
538 551 680 628 ἐκφυγεῐνθ
691 547 766 626 λόγος
811 537 877 606 ε’ίναι
890 546 938 614 τὴν
954 548 1033 603 αὑτοῦ
1056 543 1155 624 ψυχήν,
1167 541 1211 600 ίνα
1227 541 1264 617 μὴ
1281 541 1409 617 ὑπομείνῃ
1424 537 1593 616 τιμωρούμε-

11 620 114 725 ιιίιραινεῑ
127 643 214 707 ὅπως
230 639 270 716 μὴ
286 642 380 716 μῶρα
393 638 555 708 πέληται.
577 641 678 716 Μῶρα
693 636 720 694 δέ
733 635 767 695 τδι
810 659 862 701 νος.
881 635 934 694 Καὶ
956 633 1046 713 φθάνει
1067 633 1111 690 τὸν
1133 632 1186 688 ἐκεῖ
1209 631 1345 707 δικαστήν,
1369 630 1478 688 θάνατον
1500 632 1593 688 ἐαυτοῦ

11 739 74 794 itte
95 732 138 792 καί
169 729 247 790 κακά.
272 727 310 788 Τὸ
333 726 383 804 γάρ
413 725 525 801 λέγειν
551 724 570 797 ἢ
597 725 767 804 πράσσειν
810 724 927 791 παντελῆ
949 717 1207 798 καταψηφιζόμενος,
1229 720 1264 784 ὡς·
1286 717 1385 795 πρέπον
1409 714 1454 786 τὴν
1477 715 1594 794 πονηράν

11 822 115 892 ιἰνόητα
130 819 242 876 δειλοῦ
265 814 346 892 πρὸς
368 813 489 893 ἀνδρός
509 815 610 884 ἐστιν,
624 814 681 872 ἀντί
703 820 766 880 τεῦ,
812 810 897 889 ψυχὴν
921 808 988 882 μηδέ
1003 798 1080 866 εἶναι.
1098 804 1166 863 Ἀλλ’
1187 796 1259 870 οὗτος
1275 803 1334 880 μέν,
1350 806 1384 869 ὡς
1405 805 1515 882 άόοιιλίᾳ
1530 804 1594 883 πρὸς

11 907 177 982 κακοδαίμονος
198 901 261 962 ίδιον
276 899 424 980 ἀνθρώπου.
441 901 473 959 Ei
488 898 515 957 δέ
532 900 704 978 βουλεύοιο
717 897 769 979 πρὸ
811 896 906 957 κακίαν
931 893 1091 972 ὑπενεχθείς,
1106 891 1210 958 εἰκότως
1233 889 1404 972 άμετρίᾳτὴν
1426 895 1484 949 καθ’
1500 894 1593 949 ἑαυτοῦ

11 993 102 1072 ἔργον,
116 987 188 1048 οὔτε
203 989 293 1069 άρεῖς
305 1010 351 1060 τι,
363 985 437 1046 οὔτε
450 987 601 1068 πράξεις,
615 987 767 1059 ἀνόητον,
811 985 896 1062 ψῆφον
910 981 1028 1062 ἐκφέρει·
1040 983 1064 1038 ei
1083 980 1110 1038 δὲ
1127 981 1152 1038 ἐν
1169 977 1233 1058 ᾅδου
1248 977 1386 1047 δικασταί,
1399 977 1443 1036 lire
1465 978 1528 1057 πρὸς
1550 978 1593 1064 etp

11 1084 41 1159 ἐφ’
52 1071 84 1145 οἷς
98 1081 216 1136 ἀνιᾶσθαι
230 1075 331 1150 ἀνάγκη
348 1074 453 1155 robert]
470 1075 580 1154 αἰόουλίᾳ
601 1073 767 1140 ὑπευθύνους.
812 1075 859 1141 τῆς
873 1070 994 1140 ἀληθείας
1004 1068 1100 1128 κανόνα
1113 1066 1160 1138 τὴν
1171 1066 1254 1148 κρίσιν
1262 1065 1428 1140 ποιούμενοι,
1442 1067 1470 1125 οὔ
1479 1066 1595 1145 κρίνουσι

11 1167 41 1230 Ti
52 1166 98 1243 γάρ
110 1163 202 1243 σαθρόν
215 1166 261 1232 τῆς
276 1161 397 1240 αἱρέσεως
411 1167 445 1242 τῇ
461 1160 621 1241 μεταμελείᾳ
635 1161 770 1240 ἐλέγχεται
815 1157 851 1232 μὴ
867 1148 935 1217 εἶναι
949 1159 1001 1216 δεῖν
1016 1157 1062 1227 τὴν
1077 1155 1175 1236 ψυχήν,
1190 1153 1257 1212 titt
1269 1152 1386 1232 πονηράν
1403 1153 1439 1230 μὴ
1455 1143 1537 1226 εἶναι,
1549 1155 1595 1213 καί

11 1253 74 1332 πείρᾳ
85 1249 165 1317 δεῖξεν
187 1252 236 1321 τὴν
253 1248 364 1328 βλάόην,
378 1249 466 1326 ὥσπερ
481 1241 515 1306 αύ
534 1247 565 1306 τὸ
577 1252 623 1319 τῆς
636 1247 771 1314 εὐθουλίας
813 1244 883 1309 ὅπως
898 1242 929 1302 δν
944 1243 1072 1321 μετριάση
1095 1243 1124 1302 τὸ
1140 1241 1220 1300 κακδν
1245 1243 1323 1310 αὐτῆς
1347 1239 1595 1317 πραγματεύονται,

11 1341 109 1411 γενναῖον
122 1327 184 1406 πρὸς
199 1329 230 1388 τδ
246 1331 354 1405 μόνιμον
369 1329 426 1404 άγει
437 1332 484 1398 τῆς
497 1329 619 1405 ἐκλογῆς,
632 1329 673 1384 ἐπ’
686 1328 771 1386 αὐτῶν
814 1332 858 1392 ἐπί
868 1331 983 1412 σωτηρίᾳ
992 1336 1037 1404 τῆς
1048 1330 1148 1410 φύσεως
1157 1331 1204 1396 τδς
1218 1328 1336 1394 κολάσεις
1347 1327 1496 1407 ἐπάγοντες,
1507 1331 1596 1409 ἰατροῦ

11 1424 51 1477 τῶν
63 1417 161 1496 ἔργων
184 1417 232 1488 τὴν
252 1415 378 1494 ὠφέλειαν
403 1412 620 1491 ἐπιδεικνύμενον·
643 1412 771 1494 ὠφέλειαν
815 1419 900 1496 δίκην,
911 1421 1003 1494 τομαῖς
1015 1417 1098 1478 τεκαὶ
1112 1415 1222 1476 καόσεσι
1243 1413 1276 1472 εδ
1286 1413 1425 1493 χειρώνεια
1438 1413 1503 1486 ἐλκη
1519 1422 1596 1494 θερα-

11 1506 83 1576 iim&
102 1503 147 1575 τὴν
162 1509 209 1562 τοῦ
223 1503 360 1576 σώματος,
377 1502 435 1562 οὐδὲ
458 1501 506 1573 τὴν
530 1505 581 1560 τῶν
597 1502 688 1574 ἐκτός,
702 1501 772 1562 etti
815 1506 948 1572 πεύοντες·
962 1506 1007 1564 καί
1019 1509 1070 1564 τῶν
1085 1501 1278 1582 ἡμαρτημένων
1294 1501 1368 1568 δίκας
1382 1501 1596 1580 εἰσπράττοντας,

11 1593 47 1664 rip
59 1596 128 1669 ἡμῶν
141 1594 238 1668 αὐτῶν,
253 1583 291 1658 οἷς
303 1591 348 1650 καί
363 1591 393 1650 εδ
408 1590 633 1667 βουλεύεσθαι
649 1589 711 1670 πρδ
724 1589 773 1670 ἔρ·
817 1593 942 1673 μετανοίᾳ
954 1595 1042 1674 ψυχῆς
1061 1591 1109 1664 τὴν
1123 1589 1249 1670 πονηρίαν
1265 1589 1397 1668 ἀφανίζειν
1420 1587 1595 1667 πειρώμενοι·

11 1703 59 1757 γου
80 1679 302 1758 παραγγέλλεται,
327 1680 372 1738 καὶ
394 1683 477 1736 ταῦτα
494 1673 667 1754 Ιἐκτελεῖν,
684 1677 701 1738 θ
727 1675 771 1753 μὴ
816 1681 864 1740 οὐκ
879 1679 960 1750 αὖτὴν
974 1678 1023 1750 rip
1038 1678 1128 1740 οὐσίαν
1144 1677 1287 1746 ἐξιστάντες
1300 1682 1345 1735 τοῦ
1360 1667 1440 1748 εἶναι,
1452 1676 1509 1734 ἀλλ’
1524 1677 1557 1742 είς
1568 1677 1599 1736 εδ

11 1765 123 1837 ἀνιήσει
136 1770 220 1844 ἡμᾶς·
247 1773 317 1844 ἡμᾶς
332 1764 359 1823 δὲ
375 1766 452 1836 δῆλον
478 1763 518 1822 ότι
541 1763 589 1834 τδν
612 1764 710 1843 ψυχήν.
736 1762 773 1824 Τί
818 1759 883 1827 ε’ίναι
895 1771 994 1843 μᾶλλον
1007 1767 1180 1842 ἐπανάγοντες
1194 1768 1226 1842 τῇ
1238 1767 1290 1821 τῶν
1300 1765 1497 1840 λυμαινομένων
1507 1768 1598 1823 παθῶν

11 1856 52 1932 γδρ
65 1855 147 1934 όφελος
162 1853 321 1933 ἐπιαρκίσις,
337 1851 355 1924 ἢ
371 1851 469 1932 φόνοις,
483 1850 501 1923 ἐς
516 1851 608 1919 άλλαις
626 1852 680 1911 τισί
693 1875 773 1911 κακο-
818 1855 983 1934 ἐκκαθάρσει.
995 1854 1143 1914 Κινδυνεύει
1155 1852 1205 1932 γάρ
1217 1855 1252 1916 εἰς
1262 1851 1292 1910 τό
1302 1853 1338 1928 μὴ
1351 1842 1417 1910 εἶναι
1427 1851 1600 1932 ὑποφέρεσθαι

11 1937 269 2020 πραγίαιςληίοασθαι
287 1941 428 2019 χρήματα,
445 1938 493 1998 καί
505 1941 626 1998 πλουτεῖν
648 1939 683 1998 τέι
703 1939 772 2013 ἔξω,
818 1943 1000 2022 ἡάνθρωπίνη
1023 1941 1094 2023 ψυχὴ
1110 1941 1153 2001 διδ
1167 1943 1214 2010 τῆς
1228 1940 1263 2004 εἱς
1277 1938 1307 1997 τὸ
1329 1939 1402 2017 παρδι
1420 1937 1494 2018 φύσιν
1509 1943 1599 2018 ἐκτρσ·
1668 1961 1676 1982 ¹

12 2029 132 2103 πενόμενον
145 2029 192 2101 τὴν
203 2027 293 2107 ψυχὴν
309 2031 360 2085 τῶν
374 2026 568 2086 ἐπιόαλλόντιυν
588 2027 654 2106 αἰτῇ
674 2029 772 2086 καλῶν·
819 2034 887 2101 πῆς,
911 2033 944 2108 τῇ
968 2028 996 2087 δέ
1020 2031 1055 2097 εἰς
1077 2030 1107 2088 rb
1129 2027 1196 2086 κατδι
1218 2027 1292 2106 φύσιν
1308 2026 1451 2096 ἀνακλήσει
1468 2027 1532 2105 πρὸς
1552 2026 1599 2099 τὴν

12 2115 49 2170 καί
71 2116 127 2192 πρὸς
140 2123 214 2175 τοῦτο
234 2112 253 2184 ἢ
277 2113 438 2184 ἀναισθήτως
461 2111 542 2190 ἐχειν,
564 2113 609 2172 καί
631 2111 674 2172 διδ
698 2117 774 2172 τοῦτο
819 2115 908 2175 οὐσίαν
924 2113 970 2186 τὴν
986 2117 1067 2184 αὐτῆς
1088 2112 1264 2193 ἐπανάγεται,
1280 2115 1325 2172 καί
1349 2113 1534 2190 άπσλαμόάνει
1552 2138 1601 2173 κα-

14 2203 96 2276 grite
111 2200 247 2261 ἐπιτείνειν
264 2199 294 2260 τό
306 2198 421 2272 κακόν,ἣ
436 2203 471 2266 εἰς
486 2198 605 2272 αίαθησιν
619 2203 671 2260 τῶν
686 2203 775 2279 εέργα·
820 2203 897 2282 θαρδν
910 2202 940 2262 rb
954 2193 1034 2275 ε’ίναι,
1050 2202 1064 2260 δ
1077 2227 1110 2280 τη
1127 2200 1249 2277 συμμίξαι
1263 2204 1314 2260 τῶν
1332 2205 1422 2260 παθῶν
1437 2203 1599 2282 ἐκηραίνετο.

14 2288 99 2362 σμένενν
116 2289 163 2348 lini
184 2292 233 2360 τῆς
251 2287 420 2359 συνειδήσεως
436 2287 574 2362 ἑλκόμενον
590 2288 777 2367 ατρεόλοῦαθαι
821 2291 867 2350 Διδ
880 2294 1019 2368 πειρᾶσθαι
1035 2290 1073 2348 δεῖ
1087 2288 1202 2363 μάλιστα
1216 2286 1263 2361 μέν
1278 2285 1314 2362 μὴ
1331 2287 1501 2368 ἁμαρτάνειν,
1518 2291 1601 2372 ἁμαρ·

14 2373 51 2444 τίν
63 2377 151 2456 φυγήν,
165 2375 209 2434 καί
221 2365 363 2453 δειμαίνειν
378 2376 411 2435 εδ
428 2379 454 2435 ἐν
470 2375 531 2458 ᾅδου
544 2375 719 2454 κολαστήρια·
732 2375 778 2434 καὶ
820 2377 911 2443 τόντας
926 2375 952 2434 δέ
970 2375 1088 2434 σπεύδειν
1104 2378 1138 2440 ὡς
1155 2375 1198 2432 ἐπὶ
1214 2372 1332 2450 ἰατρικὴν
1347 2379 1395 2445 τῆς
1414 2374 1540 2452 πονηρίας
1554 2377 1603 2445 τὴν

15 2463 82 2538 μόνην
92 2462 155 2520 ίασιν
166 2461 321 2540 ἐξευρίσκειν
335 2460 380 2534 τὴν
392 2465 428 2529 εἷς
439 2462 469 2522 rb
483 2461 520 2538 μὴ
535 2453 601 2522 εἶναι
612 2463 777 2543 καταφυγήν,
823 2464 908 2536 δίκην,
932 2462 1164 2542 ἐπανορθουμένους
1196 2460 1243 2532 τὴν
1266 2459 1390 2520 άόουλίαν
1419 2467 1452 2542 τῇ
1477 2464 1603 2541 κρείττονι

15 2550 59 2610 tte
74 2554 136 2630 αὐτῷ
150 2550 312 2629 παρίσταται
326 2555 401 2632 κακῷ
425 2551 456 2609 τὸ
479 2555 559 2610 κακὸν
575 2553 680 2626 ἰᾶσθαι,
696 2558 778 2630 φθορᾷ
824 2551 939 2631 βοηθείᾳ.
955 2550 1033 2612 Ἐπεί
1054 2551 1105 2630 φδιρ
1118 2555 1164 2608 τοῦ
1187 2539 1254 2607 εἶναι
1270 2549 1362 2622 ἀγαθαί
1382 2549 1602 2628 ἐκπεπτώκαμεν,

15 2642 52 2707 τῆς
63 2641 140 2716 ψυχῆς
159 2637 205 2710 rip
220 2638 320 2698 κακίαν
336 2639 578 2721 παραμοθουμένῳ,
591 2639 637 2699 καί
651 2640 697 2710 τὴν
713 2639 779 2714 μετά
822 2643 867 2697 τοῦ
878 2639 994 2718 γίνεσθαι
1005 2645 1065 2716 γοῦν
1078 2636 1279 2712 άντιλαόόιμεθα
1289 2638 1451 2716 μεταμελείᾳ
1461 2640 1604 2716 εὐγνώμονι

16 2724 107 2783 θάνατον
126 2725 257 2786 οὐδένειαν
281 2729 373 2786 ἐαυτοῦ
397 2727 621 2808 καταψηφίζεσθαι
644 2733 712 2808 φυγῇ
726 2730 778 2784 τῶν
823 2727 871 2796 τὴν
885 2725 956 2784 θείαν
977 2723 1153 2803 ἐπανόρθωσιν
1175 2721 1359 2802 εἷσδεχόμενσι.
1374 2724 1409 2786 Ἥ
1428 2725 1455 2784 δὲ
1479 2726 1603 2804 μετάνοια

18 2930 161 2989 conservat,
179 2939 339 2996 pravorum
362 2930 455 2976 autem
478 2922 579 2977 electio
601 2940 663 2978 eam
685 2923 781 2996 quoad
823 2922 986 2978 consolatur
999 2931 1027 2976 et
1040 2921 1094 2975 sibi
1108 2932 1174 2994 post
1187 2921 1298 2978 obitum
1318 2925 1536 2979 exstinctionem
1551 2923 1607 2978 de-

17 3003 66 3061 fieri
86 3019 173 3081 potest
190 3009 362 3084 corrumpit.
379 3009 548 3064 Immortalis
566 3027 637 3064 vero
656 3011 697 3065 rei
714 3029 780 3064 coc·
824 3025 953 3078 cernere,
970 3019 1001 3063 nt
1016 3007 1117 3080 judicii
1130 3010 1270 3064 molestias
1283 3009 1606 3085 effugiatinequeenim

17 3095 98 3166 ruptio
112 3107 150 3150 est
162 3097 287 3165 malitia,
302 3096 381 3168 cujus
392 3114 494 3172 parens
508 3107 549 3151 est
562 3098 608 3152 illa
622 3099 779 3166 temeritas,
824 3096 884 3150 vult
896 3095 1046 3150 sceleratus
1057 3095 1180 3150 animum
1193 3114 1274 3150 aurun
1289 3096 1473 3152 immortalem
1484 3115 1559 3165 esse,
1570 3115 1607 3152 ne

19 3199 90 3252 quam
100 3184 184 3238 vitare
198 3201 254 3238 nos
265 3183 397 3239 hortatur
409 3203 537 3252 carmen,
548 3203 584 3239 ne
593 3186 672 3260 stant
683 3189 779 3242 stulta.
824 3183 1001 3256 sempiternis
1015 3183 1107 3254 poenis
1118 3181 1246 3237 addictus
1257 3194 1431 3256 permaneat.
1446 3186 1546 3256 ltaque
1556 3185 1606 3256 ju-

19 3267 63 3321 sed
75 3272 152 3323 stulta
173 3281 257 3340 sunt,
271 3290 334 3344 quae
348 3273 448 3327 misera
461 3281 490 3326 et
508 3272 592 3326 mala.
609 3273 680 3327 Nam
697 3273 782 3326 strtltn
825 3268 917 3323 dicem
932 3269 981 3341 qui
1005 3279 1046 3324 est
1067 3268 1145 3341 apud
1159 3269 1260 3324 inferos
1283 3272 1441 3342 prmrertit,
1464 3282 1607 3344 perpetum
1628 3301 1638 3322 ε

18 3355 94 3410 dicere
105 3359 263 3427 outfacere
274 3363 368 3414 miseri
379 3355 499 3412 hominis
511 3371 552 3412 est
559 3399 567 3425 ,
583 3359 613 3414 id
626 3367 681 3426 est,
696 3357 784 3412 insuli-
825 3356 911 3409 morti
921 3374 949 3410 se
959 3357 1017 3429 ipse
1030 3355 1203 3426 adjudicans,
1215 3359 1295 3428 quasi
1306 3358 1470 3431 improbum
1481 3359 1606 3413 animum

20 3443 781 3518 cisliominisproprium.Sinauternantropusdelibe-
825 3460 861 3495 ne
886 3459 943 3496 esse
967 3442 1083 3514 quidem
1112 3443 1272 3496 conveniat.
1300 3447 1393 3515 Atque
1420 3444 1467 3498 hie
1492 3445 1608 3516 quidem

19 3531 380 3604 raterienibilnequedices
391 3528 782 3606 nequesacies,quodstulteirn
826 3529 936 3584 consilii
952 3531 1050 3602 inopia
1064 3529 1094 3582 in
1106 3530 1206 3582 vitium
1218 3529 1368 3602 prolapsus
1385 3533 1487 3586 merito
1507 3533 1609 3586 intem·

20 3620 58 3680 τις·
65 3616 97 3668 ob
105 3635 280 3689 quaeneeesse
289 3628 328 3672 est
337 3619 501 3674 temeritatis
512 3637 576 3674 reos
586 3620 712 3674 molestia
726 3618 781 3674 att·
825 3626 959 3690 peranter
979 3617 1145 3672 sententiam
1170 3615 1303 3672 adversus
1327 3635 1356 3672 se
1379 3617 1435 3674 fert
1450 3637 1458 3673 :
1476 3620 1526 3690 qui
1538 3637 1608 3674 vern

21 3701 50 3758 ci.
60 3703 331 3776 Namqueelectionis
342 3700 632 3778 futilitaspueniten'tiic
642 3705 782 3780 arguitur,
826 3703 902 3778 apud
916 3704 1022 3758 inferos
1033 3702 1141 3775 judices
1156 3715 1221 3758 sunt
1236 3703 1273 3758 ad
1285 3706 1408 3760 veritatis
1421 3725 1549 3761 normam
1562 3706 1609 3778 ju·

20 3786 114 3858 damno,
120 3791 293 3864 experientia
304 3791 513 3860 demonstrato,
524 3793 597 3850 sieut
609 3811 625 3847 e
641 3794 783 3848 contrario
828 3791 935 3856 dicium
949 3791 1102 3865 dirigentes
1116 3809 1177 3845 uon
1189 3791 1345 3847 decernunt
1358 3795 1480 3849 animum
1492 3796 1610 3850 omnino

21 3877 113 3929 consilii
127 3888 201 3933 recte
220 3880 297 3951 capti
311 3879 439 3952 probitas
453 3879 489 3935 ad
504 3881 649 3934 electionis
661 3899 714 3935 nos
728 3892 782 3936 sta·
827 3896 886 3932 non
904 3895 977 3946 esse,
991 3878 1112 3934 sednon
1127 3879 1294 3932 sceleratum
1311 3897 1370 3934 esse
1385 3881 1505 3949 debere,
1525 3892 1611 3954 atque

19 3961 139 4020 bilitatem
153 3967 339 4040 perducit,in
352 3967 417 4042 ipsis
430 3967 510 4024 factis
524 3969 673 4024 utilitatem
688 3979 783 4026 osten·
828 3964 859 4018 id
881 3982 996 4038 Operam
1018 3965 1102 4033 dani»
1117 3975 1150 4019 ut
1168 3966 1274 4020 millum
1293 3985 1352 4039 (1¹¹⁰
1375 3969 1422 4023 ille
1444 3969 1556 4024 ίθῦθῑθῑ
1574 3987 1612 4024 ¹¹⁶

21 4045 91 4120 dens,
111 4055 260 4110 utilitatem
281 4070 350 4108 vero
371 4072 431 4108 non
451 4055 593 4128 corporis,
615 4073 668 4109 nec
689 4074 784 4110 retum
828 4052 945 4106 nimium
965 4053 1017 4123 sit,
1033 4052 1165 4108 adhibitis
1181 4052 1218 4108 ad
1235 4053 1401 4110 servandam
1421 4067 1552 4111 naturam
1565 4073 1612 4110 ea·

20 4147 197 4208 externarum,
212 4138 263 4195 sed
277 4139 405 4196 nostrclm
419 4141 562 4214 ipsorum,
576 4143 679 4214 quibus
701 4144 784 4198 etiam
827 4139 1039 4212 stigationibus,
1054 4139 1232 4194 medicorum
1245 4159 1343 4211 more,
1360 4143 1410 4215 qni
1430 4145 1612 4217 periculosis-

22 4232 75 4272 nnte
84 4243 145 4295 opus
154 4227 296 4279 consulere
305 4227 467 4299 precipitur
478 4237 563 4300 atque
572 4245 602 4282 ea
608 4223 711 4298 facere
721 4249 785 4300 (μιαν
827 4229 896 4282 sima
905 4228 1000 4282 ulcera
1010 4227 1131 4282 secando
1143 4238 1170 4282 et
1181 4229 1291 4284 urendo
1302 4241 1412 4299 curant,
1423 4242 1613 4304 atquepoenas
1630 4273 1632 4276 -

21 4307 87 4360 nolis
114 4330 166 4364 nnn
194 4318 252 4366 sint
283 4315 414 4382 molesta,
439 4313 522 4367 nobis
544 4331 631 4388 vero,
652 4316 785 4370 nimirum
828 4315 964 4370 scelerum
984 4314 1046 4370 itleo
1063 4316 1191 4388 exigunt,
1207 4324 1239 4370 ut
1258 4316 1345 4373 animi
1363 4320 1532 4392 improbitas
1549 4337 1612 4393 por·

22 4395 109 4451 animo.
124 4397 199 4468 Quid
210 4398 288 4453 enim
299 4397 408 4453 homini
421 4401 511 4472 prosit
529 4397 661 4474 perjuriis
675 4412 785 4456 autcae·
829 4402 947 4456 nitentia
969 4400 1106 4468 deleatur,
1127 4419 1186 4456 non
1205 4404 1295 4476 ipsam
1315 4405 1375 4477 ejus
1397 4408 1580 4463 substantiam
1597 4423 1613 4462 e
1644 4467 1649 4478 ‚

22 4477 94 4535 dibus
110 4493 156 4538 aut
169 4485 233 4540 aliis
250 4483 389 4556 ejusmodi
403 4485 548 4542 maleficiis
562 4487 671 4544 divitias
685 4507 786 4562 parare
829 4507 923 4544 rerum
933 4499 1034 4544 natura
1047 4490 1192 4558 tollentes,
1203 4491 1251 4544 sed
1262 4493 1356 4566 potius
1364 4495 1612 4565 perturbationum

21 4571 182 4642 externisque
197 4571 301 4646 opibus
314 4572 475 4644 abimdare‚
488 4574 521 4628 iis
533 4573 617 4628 bonis
630 4576 784 4650 indigenti,
830 4575 933 4650 quibus
948 4586 1100 4648 corruptus
1119 4587 1178 4632 erat
1192 4577 1360 4635 liberatione
1375 4580 1413 4635 ad
1430 4583 1514 4638 vitam
1528 4600 1613 4636 revo-

22 4665 74 4722 qua
81 4653 114 4708 ad
124 4657 250 4712 animum
259 4659 499 4734 pertinent,atque
506 4661 536 4715 id
544 4662 587 4716 vel
597 4665 787 4720 nouanimad·
831 4673 934 4720 cantes.
950 4663 1082 4719 Imminet
1097 4665 1173 4719 enim
1187 4664 1311 4720 humano
1327 4668 1422 4722 animo
1437 4669 1611 4742 periculum,

21 4748 116 4796 vertere
128 4741 254 4818 ideoque
265 4733 371 4801 malum
386 4763 500 4822 augere,
517 4747 562 4802 vel
576 4747 614 4804 ad
627 4748 786 4806 facinorum
830 4769 866 4806 ne
877 4752 906 4806 in
916 4761 1036 4807 mortem
1046 4751 1170 4826 incidat,
1182 4770 1270 4825 quum
1281 4753 1319 4810 ad
1328 4741 1358 4810 id
1369 4755 1450 4829 quod
1461 4766 1501 4811 est
1511 4765 1613 4830 praeter

21 4839 118 4882 aeneum
138 4833 311 4888 conscientia
334 4833 474 4908 perducto
497 4834 623 4910 torqueri
643 4837 738 4892 animo
759 4849 788 4896 et
831 4850 961 4896 naturam
984 4839 1123 4910 deflectit,
1149 4859 1237 4914 quum
1263 4853 1356 4898 autem
1381 4842 1418 4898 ad
1432 4842 1463 4898 id
1478 4843 1557 4916 quod
1570 4855 1614 4899 eat

21 4927 105 4982 ρετινετ
117 4918 193 4991 apud
205 4919 310 4975 inferos
326 4932 454 4977 metuere
467 4923 616 4997 solumque
629 4924 787 4981 remedium
831 4937 939 4983 nature
949 4929 1119 4984 conveniens
1132 4939 1294 4997 maneatur,
1310 4928 1349 4984 ad
1368 4947 1446 4985 snam
1460 4931 1547 5003 ipsius
1561 4947 1612 4988 na·

21 4995 133 5057 invenire
148 5005 309 5082 perfugium
317 5008 353 5064 ad
365 5019 500 5080 mortem,
509 5008 585 5065 unde
594 5012 698 5066 malum
711 5013 786 5068 malo
833 5023 926 5070 turam
935 5015 1082 5071 reducitur
1090 5033 1249 5090 puramque
1258 5016 1442 5072 substantiam
1453 5031 1613 5096 recuperat,

20 5097 107 5144 tanare
122 5093 229 5170 cogitat
248 5096 297 5170 qni
313 5096 400 5152 animi
414 5097 530 5154 interitu
549 5097 685 5154 malitiam
708 5118 786 5156 suam
833 5120 896 5174 quae
920 5104 1072 5160 affectuum
1101 5105 1180 5178 prius
1211 5106 1333 5162 mixtura
1363 5109 1611 5183 corrumpebatur.

1482 5208 1516 5251 κθ.
