3776 5926
269 434 1159 520 Ξίίὲθθλίίὲθὲλθέθθθίίίθίθθίίθθθθθίθθίὲ
1426 438 1470 508 ·ὲ“
1480 454 1500 481 ν

794 735 882 845 ou
922 685 1327 848 eruamur,

911 1005 1198 1042 ‘’w-

287 1231 447 1298 Cleanthes,
463 1227 562 1285 l‘hanii
579 1225 617 1306 (ι)
630 1226 720 1298 salius,
740 1229 832 1283 Assius
846 1225 902 1304 (a),
931 1226 1027 1282 adole·
1075 1225 1223 1282 Cleanthes
1239 1223 1342 1298 luerit,
1356 1221 1473 1279 diflicile
1485 1233 1541 1291 est,
1557 1219 1692 1277 omnibus
1706 1220 1765 1292 ejus
1779 1222 1852 1276 libris

246 1337 327 1374 scens
342 1319 464 1376 Athenas
478 1320 568 1388 venit,
585 1317 635 1372 ubi
645 1317 833 1391 philosophiae
857 1333 958 1370 arnore
984 1317 1029 1368 in·
1076 1317 1198 1384 amissis,
1213 1333 1248 1370 ex
1262 1333 1344 1388 aequo
1356 1324 1384 1369 et
1399 1314 1479 1368 bono
1491 1312 1526 1366 de
1539 1329 1573 1366 eo
1588 1309 1728 1382 judicare.
1748 1309 1783 1365 ld
1796 1322 1852 1364 tan-

247 1425 346 1460 censm
367 1424 420 1478 per
439 1405 616 1480 undeviginti
639 1422 729 1459 annos
747 1403 889 1461 Zenonem
910 1404 1031 1458 Citieum
1077 1415 1135 1462 turn
1154 1412 1272 1476 apparet
1289 1400 1453 1470 hominem,
1471 1398 1550 1471 cujus
1568 1399 1656 1453 animi
1678 1399 1751 1451 acies
1771 1399 1851 1469 paulo

250 1491 370 1548 audivit.
385 1492 441 1548 Sed
455 1512 542 1566 quum
555 1494 650 1547 subito
665 1492 790 1566 epugile
804 1491 948 1565 sapientiae
970 1501 1030 1544 stu·
1076 1489 1205 1544 obtusior
1216 1498 1288 1543 esset
1303 1485 1358 1566 (4),
1379 1490 1408 1542 in
1421 1487 1545 1562 magistri
1558 1485 1678 1541 decretis
1693 1487 1850 1559 perstitisse,

248 1579 345 1634 ‹liosrrs
361 1579 451 1634 lactus
465 1581 551 1634 vitam
569 1581 693 1652 primum
709 1579 739 1632 in
758 1589 880 1652 egestate
898 1579 1030 1652 degeret,
1076 1593 1168 1649 neque
1192 1576 1312 1629 multum
1334 1575 1371 1630 ad
1395 1576 1558 1630 Stoicorum
1588 1573 1749 1628 doctrinam
1770 1571 1850 1646 perfi-

247 1677 336 1722 noctu
350 1685 365 1720 c
377 1676 575 1742 puteoaqnam
587 1666 700 1721 haurire
712 1684 889 1720 armannum
901 1666 1032 1721 mercede
1076 1664 1205 1719 ciendam
1218 1663 1352 1721 attulisse.
1372 1663 1403 1720 ln
1423 1663 1504 1717 libris
1518 1681 1590 1736 quos
1610 1662 1646 1717 de
1661 1663 1715 1716 diis
1729 1661 1850 1716 consece-

248 1753 375 1826 inopiam
392 1753 514 1808 tolerare
528 1754 646 1807 solebat.
661 1753 729 1824 Quae
752 1771 797 1808 ros
814 1764 988 1808 contemtum
1006 1755 1032 1808 ei
1075 1764 1120 1807 rat
1135 1749 1187 1826 (5),
1201 1762 1269 1807 teste
1291 1751 1429 1807 Cicerone
1446 1751 1505 1825 (6),
1522 1761 1581 1807 tum
1606 1753 1701 1826 ipsum
1720 1749 1849 1804 mundun

248 1841 360 1910 attulit,
377 1851 409 1894 ut
421 1858 476 1914 pro
491 1841 626 1896 Cleanthe
639 1837 803 1895 Plareantles
816 1851 976 1898 vocaretur.
993 1843 1032 1896 At
1076 1841 1162 1896 deum
1172 1859 1230 1895 esse
1243 1839 1371 1908 dicebat,
1385 1849 1443 1894 turn
1453 1841 1540 1895 totius
1549 1849 1657 1894 naturae
1671 1840 1759 1894 menti
1773 1849 1850 1911 atque

243 1929 338 1982 multo
361 1927 469 1999 majore
495 1929 587 1995 malo,
603 1929 709 2000 ingenii
729 1927 861 1983 tarditate
875 1925 934 2004 (3),
950 1928 1031 1984 labo·
1075 1930 1169 1984 animo
1183 1928 1239 1982 hoc
1256 1946 1362 1982 nonrcn
1374 1927 1518 1983 tribuebat
1535 1947 1542 1984 ι
1561 1939 1620 1984 tum
1632 1928 1765 1982 ultimum
1777 1939 1804 1980 et
1815 1927 1850 1980 al-

250 2017 346 2085 rabat,
369 2033 454 2090 quam
474 2017 633 2072 studiorum
657 2017 805 2072 laboribus
827 2028 854 2074 et
874 2017 1033 2074 meditandi
1077 2018 1304 2089 tissirnumatque
1313 2015 1648 2088 undiquecircumlusum
1658 2025 1686 2069 et
1697 2025 1847 2069 extremum

248 2102 436 2159 diuturnitate
454 2103 567 2160 tandem
581 2106 620 2160 ita
633 2105 766 2179 vicit,ut
779 2107 913 2179 magistro
924 2105 952 2159 in
962 2124 1031 2179 por·
1077 2106 1228 2177 omniaque
1257 2105 1417 2178 cingentem
1446 2114 1475 2158 et
1506 2105 1686 2178 complexum
1709 2102 1849 2170 ardorem,

247 2191 306 2244 ticu
318 2191 483 2248 Atheniensi
498 2193 673 2249 succederet.
700 2195 801 2265 ltaque
826 2192 1032 2265 discipulorum
1076 2211 1159 2266 quem
1174 2193 1306 2248 aetherem
1318 2192 1514 2266 nominarent,
1526 2192 1710 2250 certissimum
1723 2191 1807 2248 deum
1814 2192 1850 2264 ju·

246 2277 331 2332 etiam
356 2277 516 2350 frequentia
538 2279 696 2333 celebratus
722 2290 779 2348 est,
801 2298 925 2352 quorum
947 2299 1032 2336 nemo
1076 2277 1199 2332 dicabat.

246 2362 354 2418 clarior
367 2365 421 2418 luit
432 2384 515 2437 quam
525 2366 705 2438 Chrysippus.
716 2367 814 2439 Neque
826 2385 895 2422 aero
910 2367 1032 2441 publicis
1117 2365 1194 2422 ldem
1208 2382 1277 2420 vero
1291 2365 1370 2437 quasi
1385 2363 1508 2421 delirans
1519 2366 1547 2419 in
1558 2364 1638 2420 libris
1651 2366 1850 2439 Epicureonun

248 2450 340 2504 solum
358 2450 598 2523 disputationibus
610 2452 744 2525 prodesse
755 2453 900 2526 discipulis
909 2454 1031 2526 studuit,
1075 2452 1215 2525 voluptati
1231 2450 1271 2525 (7)
1285 2453 1427 2525 oppositis
1440 2451 1528 2507 modo
1539 2453 1658 2507 sormam
1669 2453 1818 2526 quamdam
1829 2465 1851 2508 et

247 2535 298 2591 sed
317 2539 488 2611 scriptorum
516 2541 602 2594 etiam
620 2540 802 2594 multitudine
826 2558 858 2594 ac
881 2543 1029 2612 varietate,
1075 2541 1197 2613 speciem
1212 2539 1331 2594 deorum
1345 2537 1665 2610 linxit,modoomnem
1681 2539 1851 2594 divinitatem

246 2642 310 2696 quae
322 2643 340 2680 a
353 2626 482 2699 Diogene
497 2625 609 2684 Laertio
621 2626 687 2696 Vll,
704 2625 833 2696 ¹7l·¹75
848 2628 964 2700 aliisque
982 2648 1031 2685 re·
1076 2627 1156 2682 astris
1177 2627 1296 2696 tribuit,
1320 2625 1409 2682 modo
1425 2629 1495 2682 nihil
1517 2629 1628 2683 ratione
1651 2627 1780 2684 divinius
1801 2647 1850 2684 esse

246 2721 340 2766 terum
348 2715 593 2768 memorantur.ln
601 2714 704 2768 horum
715 2714 802 2768 titulis
810 2715 1031 2790 quisuntprope
1075 2717 1227 2772 arbitratus
1240 2728 1291 2772 cst.
1309 2715 1402 2785 Quid?
1413 2717 1494 2790 quod
1506 2719 1567 2772 aliis
1577 2719 1647 2772 locis
1660 2719 1752 2772 solem
1768 2718 1850 2773 domi-

246 2803 394 2876 sexaginta
418 2813 550 2858 accurate
577 2803 755 2859 recensendis
785 2819 902 2876 operam
923 2821 1031 2876 ponere
1075 2807 1136 2859 nari
1156 2816 1292 2860 etrerum
1313 2807 1401 2879 potiri
1422 2807 1519 2860 statuit
1534 2804 1588 2880 (8).
1607 2804 1663 2859 Sed
1677 2807 1781 2860 melius
1795 2823 1849 2860 eum

247 2901 314 2962 post
335 2891 362 2944 J.
382 2890 448 2948 Alb.
470 2889 634 2946 Fabricium
657 2890 730 2949 Bibl.
752 2891 841 2948 Graec.
866 2888 907 2945 lll
924 2910 954 2964 p.
973 2889 1026 2946 551
1076 2891 1112 2946 de
1122 2891 1240 2946 deorum
1253 2892 1368 2946 numine
1378 2893 1494 2947 sensisse
1505 2902 1671 2966 argarmento
1684 2903 1727 2947 est
1737 2893 1850 2968 hymnus

244 2995 305 3049 seq.
311 2977 357 3034 ed.
367 2977 446 3032 Harl.
459 2977 751 3052 nolumus,siquidem
758 2978 841 3050 hujus
851 2979 1030 3051 aliorumque
1076 2979 1105 3032 in
1119 2980 1134 3033 J
1137 2998 1219 3034 ovem
1230 2981 1352 3054 scriptus
1366 2979 1444 3054 apud
1456 2977 1601 3035 Stobaeum
1615 2980 1715 3053 Eclog.
1733 2977 1816 3054 Phys.
1829 2977 1848 3046 l,

243 3066 374 3119 uirorum
390 3063 542 3121 doctorum
557 3066 705 3142 diligentia
718 3066 790 3120 nihil
808 3067 867 3122 lere
880 3065 965 3122 nobis
983 3084 1028 3121 re·
1077 3087 1106 3142 a,
1120 3085 1165 3135 ra,
1179 3085 1264 3140 quem
1280 3066 1353 3122 infra
1367 3069 1463 3142 posui.
1479 3067 1617 3124 Caeterum
1630 3085 1689 3121 esse
1703 3069 1796 3122 Deum
1810 3067 1850 3120 di·

246 3151 357 3224 liqumn
371 3151 425 3208 hac
441 3153 470 3207 in
483 3171 515 3209 re
526 3153 603 3209 iecit.
1074 3156 1194 3230 ligenter
1222 3155 1414 3212 demonstrare
1446 3157 1616 3230 conabatur,
1641 3153 1849 3210 dialecticorum

286 3241 348 3294 lam
356 3241 377 3294 si
386 3241 550 3316 querimus,
559 3241 650 3314 qualis
658 3250 836 3314 quantusque
843 3241 1030 3315 philosophus
1075 3260 1156 3298 more
1169 3243 1338 3298 ratiocinans
1355 3243 1413 3298 sive
1427 3243 1606 3327 interrogans
1624 3242 1811 3320 (susspendio),
1824 3253 1851 3297 ut

279 3487 313 3546 (ί)
331 3487 447 3548 Diogenes
459 3487 567 3538 laertius
584 3490 638 3549 λἸί,
654 3493 695 3538 tte
711 3504 717 3537 :
733 3489 849 3546 Κλεάνθης
861 3489 966 3550 Φανίου,
978 3491 1031 3539 'Ao-
1076 3493 1240 3555 σκληροκήροις
1247 3491 1351 3554 δέλτοις,
1364 3493 1389 3542 αἳ
1401 3493 1465 3556 μολις
1477 3494 1519 3555 utu
1532 3493 1670 3556 γράφονται,
1679 3495 1813 3557 διατηροῦσι
1829 3497 1849 3544 δί

243 3569 304 3610 orac.
318 3556 392 3612 Ούτος
402 3563 494 3620 πρῶτον
508 3559 536 3618 ήν
548 3558 652 3617 πύκτης,
667 3561 698 3614 ὥς
710 3575 779 3620 φησιν
795 3559 936 3617 Ἀντισθένης
949 3560 972 3609 ἐν
983 3563 1032 3610 δια·
1075 3565 1105 3611 τὰ
1115 3567 1236 3627 γραφόντα.
1247 3564 1392 3614 Plulurehus
1402 3565 1462 3614 liltto
1474 3565 1580 3626 Πιρλτού
1588 3565 1682 3613 ἀκούειν
1691 3568 1766 3626 paulo
1776 3567 1848 3615 aliter:

247 3627 335 3688 δοχαῖς.
352 3627 498 3690 Ἀφικόμενος
514 3629 538 3676 δὲ
552 3629 826 3694 είςἏθήνας,τε’σσαρας
850 3631 911 3694 ίχων
928 3632 1032 3695 δραχμάς
1076 3632 1168 3694 Ὥσπερ
1185 3635 1198 3681 θ
1216 3632 1330 3690 Κλιύνθης
1345 3635 1386 3683 καὶ
1400 3636 1414 3682 δ
1428 3633 1573 3698 Ξενοκράτης
1587 3635 1721 3697 βραδύτεροι
1741 3636 1850 3689 δοκοῦντες

247 3695 322 3752 tuabi
342 3697 399 3757 φασί
409 3701 481 3758 τινες)
502 3701 541 3748 καὶ
554 3701 642 3756 Ζήνωνι
656 3701 798 3764 παραδαλὼν
816 3701 967 3763 ίριλοσόφηοε
980 3719 1030 3763 γεν·
1076 3701 1192 3750 εἶναιτῶν
1206 3704 1386 3765 συσχολαστῶν,
1400 3705 1444 3754 ούιι
1454 3704 1623 3768 ἀπεδίδρασκον
1636 3706 1662 3755 ta
1673 3710 1717 3754 τοῦ
1729 3707 1849 3767 μανθάνειν,

246 3766 374 3844 ναιότατα,
385 3767 425 3814 καὶ
437 3767 475 3815 lari
486 3774 533 3815 τῶν
545 3769 624 3818 αὐτῶν
636 3770 712 3830 ἔμεινε
732 3771 864 3832 δογμάτων.
880 3773 994 3831 Διεδοήθη
1008 3773 1032 3822 dl
1076 3771 1124 3818 οὐδ’
1136 3771 1279 3834 ἀπέκαμνον,
1291 3775 1349 3823 ἀλλὰ
1360 3775 1481 3838 φθάνοντες
1491 3777 1523 3831 είς
1535 3776 1632 3832 ἑαυτοὺς
1644 3777 1750 3835 δπαιζον,
1760 3777 1849 3836 ἀγγείοις
1861 3773 1862 3793 ’

247 3837 285 3881 επὶ
307 3837 443 3913 φιλοπονία,
457 3837 481 3890 ὃς
502 3855 529 3898 γε
548 3841 616 3897 πίνης
636 3842 669 3889 ὡν
684 3843 743 3903 όγαν
763 3845 858 3904 ὥρμησε
875 3844 1029 3906 μισθοφορεῖν·
1075 3857 1100 3890 τε
1113 3843 1283 3904 βραχυστόμοις
1295 3847 1335 3892 καί
1346 3847 1450 3896 πινακίσι
1461 3847 1559 3910 χαλκαῖς
1568 3847 1744 3906 ἀπεικάζοντες,
1755 3848 1861 3908 depilati

245 3906 287 3982 καὶ
299 3903 390 3966 νύκτωρ
403 3922 443 3966 μιν
456 3907 538 3963 ἐντοῖς
555 3911 637 3967 κήποις
648 3911 736 3973 ἤντλει,
749 3913 798 3973 μεθ’
809 3913 895 3972 ἡμέραν
912 3912 936 3960 δὲ
950 3913 974 3960 ἐν
985 3917 1032 3968 τοῖς
1076 3913 1118 3974 μὲν
1130 3913 1315 3976 παραδεχόμενοι
1326 3917 1379 3972 τοὺς
1389 3917 1485 3978 λόγους,
1495 3916 1605 3980 ἀσφαλῶς
1617 3917 1642 3966 δὲ
1656 3919 1696 3966 καὶ
1707 3919 1806 3980 §statar
1815 3933 1848 3972 rr.-

246 3974 324 4034 λογοις
343 3974 494 4036 ἐγυμνάζετο·
516 3978 566 4026 ὅθεν
585 3981 624 4027 καὶ
648 3981 779 4042 Φρεάντλης
800 3983 894 4040 ἐκλήθη.
916 3981 1003 4031 suidas
1025 4000 1032 4031 a
1076 3990 1176 4046 ροῦντες.
1859 3987 1860 4009 ¹

248 4042 373 4103 Κλεάνθης,
383 4045 483 4106 Φανίου,
492 4046 595 4108 Ἄσσιος,
606 4051 708 4110 μαθητής
719 4049 846 4113 Κράτητος,
857 4051 907 4099 εἶτα
917 4052 1032 4109 Ζήνωνος.
1107 4057 1141 4116 (5)
1154 4056 1272 4118 Diogenes
1284 4057 1393 4108 Laertius
1403 4058 1445 4107 lib.
1458 4061 1514 4120 Vll,
1527 4062 1571 4110 tta
1580 4060 1636 4122 llspl
1648 4059 1715 4108 θεῶν.
1728 4063 1848 4122 harmen-
1858 4055 1859 4117 l

246 4113 277 4198 ού
297 4115 337 4162 καί
351 4113 458 4200 διάδοχος
471 4117 716 4200 stramentorum
728 4123 752 4169 δὲ
771 4125 813 4170 τοῦ
832 4122 958 4182 φιλοσόφου
972 4125 1032 4184 xpc·
1076 4128 1858 4223 lionv.hique.Plutarchusdetilaudooerealienoc.7:1(lnirq

247 4185 439 4240 cinnamomo<
458 4201 567 4248 προτερον
588 4187 617 4248 ἦν
639 4190 740 4251 πύκτης,
754 4191 826 4241 ἐλθὼν
845 4193 870 4240 dl
886 4193 918 4246 είς
941 4191 1033 4249 Ἀθήνας
1076 4199 1117 4256 θην
1129 4198 1153 4246 et
1166 4199 1273 4260 βασιλεὺς
1287 4199 1413 4261 Ἀντίγονος
1424 4200 1518 4262 ἠρώτα,
1532 4201 1571 4249 διὰ
1585 4201 1670 4264 χρόνον
1683 4199 1848 4262 θεασόμενοτὶι

246 4254 337 4314 ἠράσθη
350 4254 484 4315 φιλοσοφίας
496 4258 537 4303 καὶ
549 4262 661 4307 τοσοῦτον
673 4261 753 4322 γίγονε
764 4261 899 4321 φιλόπονος,
912 4262 974 4309 ὥστε
983 4262 1032 4309 tra-
1075 4273 1126 4323 ταῖς
1138 4269 1251 4327 Ἀθήναις·
1263 4270 1324 4325 ἀλεῖς
1336 4271 1369 4318 tn
1384 4271 1510 4332 Κλέανθεςς
1527 4271 1590 4330 tto,
1603 4270 1713 4333 φησίν,ὦ
1730 4273 1828 4333 βασιλελ,
1836 4267 1857 4331 ll

246 4323 567 4410 τιοοιἨοαιλῆιρληθῆναι·
582 4327 805 4410 υθίκωνγὰοὸθεν
820 4330 1033 4393 ammirarentur
1075 4343 1137 4387 ποια
1150 4339 1219 4387 ἕνεκα
1240 4345 1282 4388 τοο
1301 4345 1351 4403 aas,
1372 4341 1442 4388 μόνον
1465 4341 1489 4389 tt
1505 4342 1635 4398 ἀποστῆναι
1651 4342 1709 4402 μνον
1726 4339 1856 4402 φιλοσοφίαι

246 4409 331 4448 νυκτας
343 4395 419 4452 ήντλιι
428 4395 501 4478 Ιυδωρ
520 4397 610 4457 μισθῳ,
622 4399 661 4445 καί
675 4399 724 4460 μεθ’
736 4399 823 4460 ἡμέραν
841 4405 889 4456 τοῖς
911 4401 1032 4461 μαθήμασι
1077 4409 1223 4472 βουλόμενος.
1238 4410 1313 4458 Ὀσον
1331 4419 1358 4460 το
1378 4414 1483 4474 φρόνημα
1498 4417 1540 4460 τοῦ
1552 4411 1647 4472 ἀνδρός,
1662 4411 1709 4459 ἀπὸ
1729 4394 1856 4472 rospaldi

246 4465 286 4512 καί
305 4467 354 4520 τοῖς
372 4464 469 4526 βιδλιοις
488 4465 621 4526 ἐσχόλαζεν·
639 4467 690 4516 ὅθεν
708 4468 862 4531 ἐπωνομάσθη
881 4472 921 4518 καὶ
941 4469 1031 4532 epesi-
1076 4483 1115 4530 καὶ
1135 4487 1174 4539 τῆς
1195 4479 1297 4544 μάκτρας
1310 4481 1432 4542 neumam]
1450 4481 1509 4543 χειρὶ
1523 4481 1564 4529 καὶ
1584 4481 1673 4542 ἀλούσῃ
1693 4481 1786 4543 γράφειν
1804 4479 1855 4547 περὶ,

247 4535 310 4589 tlat-
1076 4552 1142 4608 θεῶν,
1153 4551 1193 4598 καὶ
1208 4551 1318 4610 σελήνης,
1330 4549 1370 4598 καί
1382 4550 1473 4611 δια-τρων
1485 4551 1525 4598 καὶ
1534 4549 1609 4607 ἡλίου.
1731 4585 1733 4589 ,

278 4605 313 4663 (λ)
330 4605 466 4666 Stephanus
477 4607 606 4668 Byzantius
617 4620 637 4657 s.
654 4621 677 4657 τ.
688 4608 789 4670 ’Λσσός,
802 4610 868 4666 πόλις
879 4612 966 4667 Λυδίας
982 4613 1031 4660 κτλ.
1108 4621 1142 4682 (ο)
1159 4621 1241 4669 cicero
1253 4620 1282 4670 de
1293 4623 1345 4669 [tat.
1361 4619 1427 4669 deor.
1439 4620 1481 4669 ltb.
1493 4622 1513 4678 Ι,
1526 4625 1564 4670 tt.
1853 4601 1854 4655 l

247 4673 290 4758 [Es
308 4674 334 4724 δὲ
349 4680 390 4732 τοι
409 4674 491 4725 Ἀσσοῦ
509 4676 625 4762 Κλεάνθει
643 4677 672 4737 ἢν
690 4681 703 4728 θ
721 4681 821 4736 mutale
836 4681 970 4742 φιλόσοφοι,
984 4681 1032 4730 διά·
1107 4691 1142 4753 (7)
1161 4692 1276 4752 Diogenes
1295 4691 1403 4740 [sertim
1422 4690 1463 4741 tio.
1478 4693 1535 4751 vlt,
1554 4695 1583 4742 st
1597 4691 1621 4740 ει
1637 4691 1681 4739 175
1695 4691 1755 4752 Περὶ
1769 4691 1853 4763 θρονοί

246 4759 316 4805 sexos
336 4749 377 4802 τῆς
398 4747 484 4807 urolt<
504 4749 609 4805 Ζηνωνιι
632 4753 674 4797 τοῦ
695 4751 808 4808 Κιτιέως,
829 4752 857 4808 lv
880 4753 1033 4801 καταλέλοιπε
1077 4761 1171 4809 ctutur
1183 4761 1309 4810 cleanthes
1320 4773 1334 4809 ο
1346 4762 1470 4811 clemente
1482 4763 1572 4811 strom.
1582 4762 1604 4809 ll
1621 4772 1645 4821 p.
1659 4763 1703 4809 tlt
1719 4761 1744 4808 tv
1759 4765 1792 4822 τῷ
1806 4760 1852 4804 θεν

246 4813 387 4878 Χρυσίππῳ.
402 4817 436 4866 Τθ
447 4817 536 4866 ἐθνικόν
546 4817 637 4875 Ἄσσιος
653 4821 693 4868 ιιαλ
705 4821 807 4876 hereric.
827 4821 864 4870 el.
881 4822 960 4871 strab.
974 4825 1032 4872 xtn
1076 4831 1136 4892 τέρῳ
1151 4831 1202 4892 περὶ
1215 4831 1306 4888 ἡδονῆς.
1321 4829 1404 4880 Ltbros
1415 4833 1507 4880 contra
1520 4831 1681 4892 voluptatem
1694 4830 1796 4891 scriptos
1811 4787 1852 4886 apd

246 4895 273 4945 r·
287 4889 333 4933 νιν
343 4885 381 4966 ⁰3¹·
393 4887 448 4936 0⁸⁶·
1077 4901 1149 4962 μενοι
1160 4902 1243 4950 cicaro
1255 4899 1285 4950 ae
1298 4903 1381 4950 natur.
1392 4898 1459 4949 οων.
1471 4902 1492 4961 ι,
1508 4904 1544 4950 ιι.
1557 4899 1614 4949 vu.
1626 4900 1683 4948 aaa.
1697 4903 1736 4949 n.

280 4955 314 5037 llil
333 4958 449 5041 thtgenes
460 4959 576 5040 Vllqlld
590 4977 596 5008 ι
608 4957 655 5008 Ἦν
671 4959 699 5018 δή
711 4961 805 5018 πονικθς
820 4961 871 5025 μὲν,
882 4963 995 5025 ἀφύσικος
1007 4965 1032 5013 δὲ
1109 4971 1143 5030 (fl)
1161 4971 1245 5020 Cicero
1262 4973 1354 5028 Quaesl.
1369 4969 1442 5020 sud.
1461 4972 1493 5030 ll,
1506 4974 1544 5020 tt.
1560 4969 1678 5029 Diogene!
1694 4970 1800 5018 neruus
1813 4965 1850 5015 Ιίίι·

247 5039 287 5072 ιιι
303 5026 594 5106 ladislaum-uuus·
1077 5042 1130 5100 vlt,
1150 5045 1191 5091 tte
1208 5042 1260 5091 :Tt
1271 5042 1409 5104 ἡγεμονικὸν
1433 5045 1475 5090 τοῦ
1497 5041 1588 5104 κόσμου
1609 5039 1729 5098 Κλεάνθης
1750 5039 1801 5103 φησὶ
1814 5035 1849 5094 dr

281 5099 315 5156 (a)
329 5099 447 5158 Diogenes
461 5099 569 5148 Laertius
585 5099 627 5149 lib.
646 5101 702 5158 vlt,
718 5105 746 5150 37
771 5121 777 5151 ι
800 5101 928 5163 Κλεάνθης,
941 5102 1033 5152 Φανίου
1076 5114 1149 5170 qma,

245 5167 554 5232 ‘sacramentarium
575 5170 617 5228 τήν
638 5172 735 5233 σχολήν·
748 5172 774 5221 δν
792 5175 831 5222 καί
846 5173 968 5237 ἀφωμοίου
982 5181 1032 5231 ταῖς

1034 5279 1083 5328 148
