3838 5926
914 357 1222 420 COMMENTARIUS

267 509 283 546 a
307 491 451 548 lucernam
472 471 616 566 λαμπτῆρα
641 489 788 559 nominat,
811 487 860 546 sed
885 487 958 550 ibid.
983 490 1001 566 S
1024 509 1043 565 9
1088 489 1221 548 Plautum
1237 489 1302 548 Aul.
1321 488 1377 565 ΙΙΙ,
1390 492 1420 560 6,
1434 489 1471 546 30
1484 489 1623 548 laternam
1638 487 1766 552 Punicam
1776 511 1836 558 recte

266 578 384 634 eandem
400 596 459 635 rem
475 575 568 656 λύχνον
583 595 646 635 esse
660 577 732 638 vult.
747 575 893 645 Quocirca
908 596 966 634 non
986 595 1043 633 ma·
1089 577 1125 634 de
1141 576 1241 634 eodem
1264 576 1300 634 dc
1320 596 1380 653 quo
1403 576 1552 654 loquimur
1566 576 1733 636 laternamm
1754 601 1837 656 genere

266 665 311 738 gis
324 677 401 722 recte
421 663 515 740 λύχνον
530 661 621 720 ἅπτειν
633 681 719 739 quam
733 665 879 741 λαμπτῆρα
894 663 986 721 ἅπτειν
998 664 1042 721 rel
1088 665 1239 741 acceperit.
1260 663 1355 722 Poetae
1375 663 1465 722 rerba
1487 677 1577 722 sunt:
1597 689 1610 716 ι
1627 665 1667 724 ita
1690 667 1715 725 is
1735 670 1837 746 pellucet

270 371 309 419 tu

171 759 176 768 '
266 751 390 810 ἀνάπτειν
412 770 428 808 a
453 751 563 808 Graecis
588 751 722 827 usurpari
742 753 887 808 convenit.
912 749 1043 809 lnsolens
1088 753 1171 828 quasi
1187 752 1296 811 laterna
1315 752 1436 812 Punica.
1466 778 1479 804 υ
1505 752 1568 810 Huc
1591 755 1836 831 spectantejusdenr

264 857 334 896 vero
353 851 397 896 est
417 837 496 916 quod
521 837 660 912 llerglrius
676 837 858 896 commendat
875 835 945 918 ἅψας
963 839 1043 918 πυρός
1089 839 1196 898 laeetiae
1208 839 1314 918 Amph.
1329 826 1354 912 Ι,
1372 860 1399 911 ι,
1417 839 1471 897 185
1487 861 1494 897 s

263 925 341 992 αελας
360 923 507 1000 αἰθομένοιο
527 945 533 980 :
553 943 611 980 non
635 925 712 982 enim
734 924 884 1001 splendor,
896 924 946 983 sed
966 925 1042 999 ignis

265 1012 441 1070 accenditur.
453 1009 486 1067 Ιιί
498 1024 591 1068 autem
604 1012 695 1087 liquet
707 1010 855 1069 cardinem
866 1013 910 1070 rei
923 1013 996 1069 verti
1011 1013 1041 1070 in
1149 995 1204 1052 ⁰⁰⁰
1224 995 1333 1045 'mlum
1345 997 1371 1046 ¹¹¹
1388 995 1431 1059 (δή
1445 995 1580 1046 V¹¹¹⁰⁸¹²⁰¹¹¹
1593 994 1618 1044 ¹¹¹
1634 1008 1708 1046 ⁰⁰¹³*
1720 997 1837 1048 ⁰⁰¹¹⁶¹¹¹⁸¹¹l¹

263 1102 457 1179 explicatione
482 1100 618 1158 vocabuli
646 1100 776 1178 ἀαοργούς
799 1101 877 1178 qnod
903 1102 1042 1177 berghius
1762 1066 1837 1130 [ΨΜ

264 1189 375 1264 l¹aliter
389 1209 422 1246 ³⁰
434 1188 628 1246 Schlffildellffi
642 1188 677 1245 ad
694 1190 841 1246 matellam
852 1233 859 1260 ι
872 1188 949 1246 unde
971 1209 1039 1246 ⁰⁰¹¹·
1085 1199 1280 1276 intelligendae
1288 1201 1325 1259 de
1338 1201 1453 1259 flamma
1462 1200 1587 1259 lucernas
1600 1201 1630 1259 in
1641 1202 1838 1261 comealaterna

264 1273 336 1332 lecta
345 1275 455 1333 laterna
464 1274 511 1346 sit,
522 1273 620 1331 refert.
628 1273 734 1332 Verum
746 1275 801 1332 hoc
810 1275 873 1332 fieri
886 1295 944 1332 non
955 1294 1041 1351 posse
1086 1285 1212 1347 finctum
1227 1289 1370 1346 proxim
1384 1288 1499 1346 cornei,
1518 1286 1699 1365 ponebantur
1712 1287 1837 1347 tatem„

262 1361 322 1437 jam
334 1379 422 1437 supra
433 1363 542 1419 monui.
554 1360 609 1418 Sed
624 1363 855 1438 operaepretium
868 1375 910 1420 est
926 1362 1038 1434 videre,
1085 1373 1191 1433 vesicis
1205 1374 1294 1448 sm,
1311 1395 1376 1452 (μω,
1386 1388 1415 1433 et
1428 1375 1500 1454 ipsae
1514 1387 1622 1432 rantum
1634 1373 1749 1433 luminis
1762 1387 1838 1434 ιηῃς.

264 1449 365 1525 quales
381 1449 490 1506 luerint
506 1461 634 1506 veterum
651 1449 786 1519 laternae,
799 1469 858 1524 quo
878 1449 991 1508 facilius
1004 1449 1041 1507 de
1084 1461 1252 1534 mittebant,
1275 1475 1307 1520 ut
1328 1481 1534 1539 nonnunquam
1554 1463 1605 1519 vix
1629 1473 1647 1518 ρ
1673 1464 1779 1520 cornei,
1794 1465 1833 1521 di.

219 1613 221 1618 Ι
263 1535 423 1611 llerghiana
436 1534 674 1612 interpretatione
686 1534 770 1593 liceat
782 1534 924 1611 judicare.
941 1535 1038 1612 Appa-
1084 1548 1192 1622 stingui
1206 1563 1332 1626 possem,
1347 1549 1379 1607 td
1390 1549 1528 1608 ptanjatts
1539 1548 1592 1607 tib,
1607 1547 1683 1621 xlv,
1697 1551 1732 1607 62
1744 1550 1788 1608 rati
1798 1571 1838 1609 εχ.

262 1636 306 1681 ret
324 1622 372 1681 bic
386 1641 447 1680 eam
463 1621 610 1696 designari
626 1621 781 1692 laternam,
797 1641 861 1698 quae
871 1634 980 1678 tantum
992 1623 1038 1678 lu-

262 1710 350 1768 minis
365 1709 489 1778 emittat,
507 1721 539 1764 ut
555 1708 604 1764 via
622 1727 658 1765 eo
679 1709 877 1767 collustretur.
900 1711 1037 1785 Apertum

260 1817 331 1855 vcro
342 1809 385 1856 est
397 1796 565 1873 hujusmodi
576 1795 715 1853 laternam
726 1815 742 1854 e
754 1815 844 1853 cornu
852 1796 1036 1872 potissimum

261 1886 362 1942 laetam
377 1883 524 1942 veteribus
534 1883 647 1941 saeculis
659 1885 688 1940 in
700 1883 796 1962 pretio
807 1883 902 1942 luisse.
914 1884 1038 1942 ductore

257 1973 369 2031 utimur
383 1972 480 2030 Plinio
494 1971 545 2049 qui
565 1971 626 2028 Nat.
642 1970 710 2030 hist.
728 1971 780 2028 lib.
807 1969 846 2028 itt
867 1973 977 2048 capti
1002 1972 1038 2030 de

258 2061 342 2118 vario
357 2078 499 2118 cornuum
514 2077 568 2116 usu
586 2059 646 2115 haec
661 2057 759 2134 prodit
777 2078 783 2114 z
807 2085 818 2108 ι
838 2059 924 2135 hpud
938 2078 991 2116 nos
1005 2059 1036 2116 in

255 2147 380 2206 laminas
404 2159 481 2205 secta
501 2147 697 2215 translucent,
722 2159 808 2221 atque
828 2148 913 2204 etiam
938 2147 1036 2204 lumen

257 2235 401 2292 inclusum
423 2233 510 2290 latius
525 2232 649 2290 fundunt
665 2234 827 2309 multasque
846 2233 918 2291 allas
932 2234 968 2291 ad
982 2232 1036 2290 de-

259 2321 341 2380 licias
352 2321 550 2379 conseruntur.
571 2345 582 2370 ι
598 2318 764 2377 Graecorum
781 2319 871 2394 igitur
883 2320 1000 2377 laternae
1012 2340 1032 2378 ι.

257 2427 284 2467 e.
295 2405 553 2485 λαμπτῆρες,ιιριιύ
568 2407 678 2464 Atticos
692 2407 776 2463 ctiam
792 2407 948 2485 λυχνοῦχοι,
958 2409 1035 2484 apud

257 2495 433 2571 posteriores
470 2491 557 2570 ρανοί,
582 2511 694 2550 corneae
718 2511 780 2550 esse
816 2491 957 2552 solebant.
990 2495 1037 2551 Sic

257 2580 390 2640 Graium.
406 2581 437 2638 in
451 2579 539 2638 Beklt.
556 2585 612 2638 An.
628 2580 785 2658 λυχνοῦχος·
796 2580 886 2645 σκεῦός
901 2602 924 2636 τι
940 2583 965 2638 ἐν
989 2603 1034 2638 xo·

258 2668 314 2747 κλῳ
330 2667 390 2746 ίχον
404 2666 521 2748 κέρατα,
536 2664 610 2725 ἔνδον
626 2665 652 2725 δέ
671 2666 765 2744 λύχνον
789 2664 905 2742 ἡμμένον
924 2666 967 2725 διὰ
982 2669 1033 2723 τῶν

256 2755 373 2832 κεράτιον
387 2753 418 2812 αδ
427 2756 480 2833 φῶς
490 2752 639 2829 πέμποντα.
648 2753 770 2811 Photius
782 2774 812 2830 p.
825 2755 881 2810 238
894 2773 902 2814 :
917 2757 1034 2832 Λυχιού·

258 2863 319 2920 χον,
343 2841 386 2899 τὸν
396 2841 539 2920 κεράτινον
554 2839 652 2918 φανόν,
677 2837 786 2898 ἀπὸτοῦ
805 2839 900 2918 λύχνον
920 2842 946 2898 ἐν
962 2842 1033 2920 αύτῷ

256 2929 440 3008 περιέχεσθαι·
456 2927 533 3002 φανὸς
551 2925 609 2998 δέἠ
633 2929 662 2985 ἐκ
681 2925 763 2994 ξύλων
784 2927 906 3002 λαμπάς·
928 2927 1034 2986 Φιλιπ-

257 3102 300 3160 ἐπΙ
314 3107 360 3173 τῆς
376 3102 531 3178 λαμπάδος,
552 3101 621 3161 ἀλλὰ
642 3100 678 3179 μὴ
696 3101 740 3160 ἐπί
754 3105 798 3158 τοῦ
811 3103 943 3176 κερατίνου
958 3100 1032 3178 λέγε,

255 3193 333 3248 τοῦτο
348 3189 373 3246 δὲ
388 3192 545 3267 λυχνοῦχον.
564 3187 623 3246 lloc
647 3188 734 3246 modo
759 3187 939 3266 Philippides
956 3189 1031 3267 apud

255 3275 421 3335 Athenaeum
434 3277 488 3335 lib.
503 3275 553 3336 XV
567 3295 597 3354 p.
620 3277 678 3354 699
691 3275 728 3333 F:

333 3433 386 3512 ἐγὼ
399 3433 425 3491 δὲ
439 3433 510 3514 δεξιᾷ
520 3457 550 3511 γε
561 3432 630 3492 τόνδ’
647 3431 702 3512 ἐχω
716 3401 788 3505 atrei,

334 3521 532 3601 σιδηρότευκτον
545 3521 653 3579 ἐναλίων
664 3523 749 3598 θηρῶν
765 3519 852 3598 βέλος,

332 3608 466 3688 κερατίνου
481 3631 508 3664 τε
523 3606 659 3687 φωσφόρου
671 3607 766 3686 λύχνου
779 3609 869 3672 σέλας·

252 3775 279 3820 ει
294 3761 502 3840 Aristophanes
520 3762 594 3822 ibid.
607 3763 636 3819 in
655 3761 835 3820 AEolosicone
851 3781 857 3816 ι

330 3913 375 3971 καὶ
391 3913 563 3971 διαστίλόονύ’
578 3915 693 3989 δρῶμεν,
781 3961 783 3971 ,

329 3999 417 4078 ὥσπερ
431 4003 457 4059 ἐν
475 4003 557 4080 καινῷ
577 4001 729 4080 λυχνούχῳ,

330 4089 478 4158 πάντατῆς
495 4087 629 4164 ἐξωμίδος.

158 4299 165 4323 ι
251 4239 435 4296 Pherecrates
451 4239 481 4296 in
498 4236 720 4295 Dulodidascalo
736 4235 809 4296 ibid.

287 4382 394 4441 Ἄνυσόν
410 4383 469 4441 ποτ’
485 4380 605 4450 ε’ξελύύιν·
621 4379 711 4447 σκότος
722 4379 773 4458 γὰρ
785 4379 914 4456 γίγνεται,

287 4470 385 4530 καὶτὸν
398 4475 538 4548 λυχνοῦχον
552 4468 648 4549 ἐκρερᾎ
666 4470 745 4534 ἐνθεὶς
759 4468 802 4525 τὸν
822 4469 925 4552 λύχνον.

249 4621 327 4681 ldem
342 4619 377 4676 dc
393 4618 529 4676 llomanis
544 4615 708 4676 dicendum.
725 4615 867 4676 Martialis
878 4613 931 4672 lib.
948 4614 1023 4682 itit,

248 4711 281 4764 h'r

308 4844 360 4891 hur
374 4843 464 4890 laterna
479 4841 524 4889 rire
537 4841 626 4889 eisrrsis
637 4841 699 4890 teror
708 4853 779 4890 aurea
793 4839 910 4897 flammis,

336 4915 423 4960 citata
437 4913 474 4959 est
486 4911 575 4971 grentio
590 4924 662 4972 parra
675 4912 772 4960 lucerna
787 4923 852 4964 uico,

1084 1636 1185 1710 prirnit
1199 1637 1420 1714 epigrammate:

1145 1794 1238 1842 cornea
1252 1793 1272 1842 ri
1286 1805 1334 1842 non
1347 1807 1418 1853 ιιιιιι,
1439 1792 1555 1854 numquid
1574 1805 1628 1842 sum
1641 1792 1749 1843 iussim?
1761 1799 1796 1844 sut
1810 1809 1840 1844 nte

1176 1864 1279 1912 vesicam
1296 1869 1378 1912 contra
1392 1863 1513 1924 quirenit
1523 1875 1577 1912 esse
1590 1864 1678 1926 puutr

1084 2013 1190 2071 llarum
1212 2014 1320 2070 mentio
1338 2013 1369 2070 ht
1384 2011 1461 2089 apud
1478 2011 1659 2072 Aristotelem
1682 2013 1749 2069 llisr.
1764 2015 1837 2070 anim.

1083 2099 1134 2159 lib.
1147 2099 1194 2170 lV,
1206 2119 1267 2176 cap.
1279 2100 1296 2156 5
1313 2120 1320 2154 ι
1333 2098 1402 2156 κατὰ
1414 2099 1462 2173 μὲν
1473 2089 1516 2158 σύν
1529 2098 1576 2172 τὴν
1586 2099 1670 2178 ύρχὴν
1685 2099 1839 2166 καλτιλευτλν

1082 2185 1187 2267 συνεχές
1199 2186 1229 2243 τὸ
1241 2189 1318 2260 σῶμα
1334 2193 1379 2245 τοῦ
1393 2184 1479 2263 ἐχίνου
1492 2184 1567 2258 ἐστί,
1579 2185 1649 2244 κατὰ
1663 2186 1692 2244 δέ
1707 2185 1750 2255 τὴν
1765 2187 1841 2264 impti-

1014 2322 1021 2334 .
1082 2297 1151 2333 rerer
1165 2277 1194 2334 ού
1216 2273 1330 2351 συνεχές,
1346 2275 1404 2331 ἀλλ’
1425 2274 1513 2348 ὅμοιον
1523 2271 1662 2350 λαμπτῆρι
1679 2273 1715 2348 μὴ
1727 2273 1802 2350 ἔχοντι
1817 2273 1840 2328 το

1016 2379 1019 2388 ’
1081 2363 1169 2441 κύκλῳ
1180 2359 1274 2440 δέρμα,
1287 2362 1307 2418 i.
1318 2381 1344 2418 e.
1355 2362 1471 2418 laternae
1484 2363 1530 2418 cui
1543 2359 1712 2418 membrana
1722 2373 1841 2438 pretenta

1081 2469 1139 2508 non
1153 2451 1202 2508 sit.
1217 2447 1322 2506 Rarior
1331 2449 1449 2506 videtur
1459 2449 1616 2505 vitrearum
1627 2467 1699 2506 usus
1708 2448 1801 2516 luisse,
1811 2446 1841 2502 de

1012 2578 1019 2599 ,
1081 2535 1191 2610 quibus
1206 2535 1334 2594 isidorus
1352 2534 1415 2607 llll,
1435 2556 1469 2592 ιο
1489 2534 1536 2593 his
1550 2535 1649 2593 verbis
1664 2536 1724 2611 agit
1748 2556 1755 2589 ι
1772 2561 1782 2584 ι
1798 2537 1840 2590 La·

1081 2636 1161 2680 terna
1175 2622 1266 2694 dicta,
1280 2641 1345 2700 quae
1360 2622 1452 2681 lucem
1467 2622 1591 2680 interius
1605 2621 1693 2680 habet
1708 2623 1838 2680 clausam:

1081 2711 1111 2767 lit
1125 2711 1202 2768 enim
1215 2729 1252 2767 ex
1266 2711 1360 2782 vitro,
1375 2711 1453 2767 intus
1465 2709 1578 2766 recluso
1592 2702 1721 2780 lumine,
1732 2722 1762 2766 ut
1774 2707 1839 2764 renti

1080 2797 1164 2855 flatus
1175 2797 1257 2856 adire
1271 2816 1330 2854 non
1346 2797 1455 2874 possit,
1467 2796 1539 2854 etad
1554 2795 1741 2873 praebendum
1759 2796 1841 2852 lumen

1081 2883 1279 2962 laeileubique
1290 2883 1521 2945 circumferatur.
1533 2909 1546 2935 ν
1558 2883 1718 2942 Utcorneae
1728 2883 1840 2940 omnium

255 3017 340 3085 πίδης·
356 3017 434 3073 Adde
444 3013 600 3092 Phrynich.
613 3034 678 3092 pag·
693 3014 730 3090 59
738 3014 784 3072 ed.
798 3013 912 3072 Lobeck
923 3035 930 3070 2
940 3015 1031 3093 φανός,
1079 2971 1296 3074 pretiosissimas
1306 2970 1422 3028 luerunt
1432 2988 1439 3028 :
1451 2971 1491 3027 ita
1501 2969 1651 3028 vilissime
1666 2969 1749 3027 lineae
1766 2968 1841 3024 luisse

1079 3058 1280 3119 existimanda
1301 3071 1378 3118 sunt
1397 3057 1513 3135 Quippe
1537 3058 1566 3114 in
1587 3056 1662 3114 hanc
1687 3053 1840 3113 sententiam

1077 3147 1180 3205 Cicero
1194 3147 1279 3224 epist.
1295 3145 1331 3202 ad
1346 3144 1431 3205 attic.
1448 3144 1499 3203 lili.
1516 3142 1564 3214 lV,
1581 3144 1646 3203 31«
1661 3141 1755 3200 Clodii
1767 3139 1841 3197 resti·

1078 3233 1178 3292 bulum
1204 3250 1325 3290 vacuum
1350 3249 1417 3288 sane
1438 3229 1510 3288 mihi
1534 3227 1724 3287 nuntiabatur
1744 3248 1750 3282 :
1768 3223 1840 3303 pauci

1078 3320 1212 3396 pannosi,
1228 3319 1306 3376 linea
1319 3319 1445 3387 laterna,
1458 3342 1470 3386 ιι
1484 3314 1534 3373 ubi
1550 3315 1601 3372 alii
1614 3321 1675 3371 sine
1688 3319 1791 3370 laterna
1804 3310 1840 3366 le-

1077 3419 1158 3481 gunt.
1173 3405 1228 3463 Sed
1243 3416 1403 3462 contemtus
1417 3417 1536 3480 apparet
1547 3403 1632 3460 etiam
1649 3402 1680 3459 in
1693 3401 1740 3459 his
1758 3396 1840 3456 Plauti

1077 3493 1175 3552 verbis
1188 3491 1320 3550 llaccbid.
1334 3489 1388 3562 ΙΙΙ,
1403 3491 1432 3563 3,
1445 3499 1481 3558 ta
1498 3509 1506 3546 ε

1136 3665 1158 3712 lt
1172 3661 1284 3724 magister
1293 3660 1468 3724 quasiluoema
1480 3663 1553 3707 uncto
1563 3659 1692 3720 exspreius
1707 3657 1785 3714 linteo,

1075 3816 1097 3873 i.
1113 3833 1138 3873 e.
1157 3811 1217 3870 abit
1230 3811 1366 3886 magister
1383 3821 1497 3886 spretus
1512 3817 1646 3882 tanquam
1663 3804 1781 3862 lucerna
1793 3805 1841 3862 cir·

1074 3901 1206 3958 cumdata
1220 3897 1320 3966 linteo,
1336 3895 1415 3972 quod
1429 3914 1487 3970 quo
1501 3891 1677 3970 pellucidius
1691 3905 1765 3950 esset
1783 3892 1841 3948 oleo

1077 3987 1196 4045 tinctum
1209 3997 1282 4044 erat.
1295 3982 1367 4040 Vide
1376 3980 1417 4038 ibi
1430 3977 1614 4038 Lambinum.
1627 3977 1751 4037 'salibus
1761 3979 1842 4052 igitur

1073 4091 1215 4153 pauperes
1234 4069 1391 4148 aliquando
1410 4069 1454 4126 usi
1474 4067 1620 4136 videntur,
1638 4085 1705 4140 quae
1719 4067 1842 4144 quamvis

1073 4164 1142 4221 satis
1158 4159 1277 4219 luminis
1288 4155 1463 4236 praeberent,
1476 4154 1572 4212 minus
1585 4167 1679 4210 tamen
1692 4157 1784 4211 ventis
1801 4171 1842 4209 eas

1074 4250 1211 4308 restitisse
1225 4265 1310 4324 quam
1326 4263 1390 4320 quae
1408 4261 1424 4298 e
1449 4260 1540 4298 cornu
1555 4240 1601 4300 rel
1625 4242 1724 4296 vesica
1746 4237 1842 4294 fiebant

1073 4335 1224 4413 probabile
1235 4345 1287 4390 cst.
1301 4332 1433 4406 lienique
1441 4349 1477 4386 ne
1485 4327 1579 4386 surdae
1590 4326 1708 4403 quidem
1720 4326 1842 4393 laternae,

1072 4425 1158 4481 hodie
1173 4419 1286 4479 iuribus
1300 4419 1425 4496 propriae
1437 4435 1470 4473 ac
1485 4415 1661 4493 peculiares,
1680 4413 1759 4491 apud
1773 4428 1843 4468 rete·

1072 4531 1118 4570 res
1132 4509 1294 4568 defuerunt.
1312 4506 1455 4564 Nimirum
1471 4504 1507 4560 de
1522 4503 1568 4560 his
1581 4501 1771 4580 intelligenda
1786 4519 1845 4576 que

1071 4598 1157 4656 habet
1176 4595 1341 4668 Ducangius
1364 4593 1395 4651 in
1417 4591 1510 4649 (ilos's.
1537 4590 1611 4646 med.
1636 4601 1664 4645 et
1685 4589 1739 4645 inl.
1762 4607 1842 4662 grac.

1071 4705 1133 4762 pag.
1150 4685 1206 4759 788
1227 4701 1262 4740 ex
1279 4681 1409 4737 Philonis
1426 4677 1596 4754 llelopoeicis
1611 4695 1691 4749 mss,
1708 4675 1760 4734 ubi
1780 4694 1844 4732 usus

1071 4775 1121 4830 τῶν
1139 4770 1247 4839 ξυλίνων
1261 4766 1425 4843 λαμπτήρων
1437 4767 1477 4822 ita
1492 4763 1669 4821 describitur
1690 4783 1697 4822 τ
1720 4761 1845 4824 ἐκκοιτίας

1070 4861 1156 4918 τεκαὶ
1176 4857 1278 4935 testie<
1292 4853 1476 4934 προσηκούσας
1495 4849 1614 4934 ποιητέον
1636 4848 1681 4907 καί
1703 4847 1792 4908 δοτέον
1807 4837 1845 4911 αΙς

1071 4949 1143 5025 (leg.
1158 4937 1210 5024 οἷς)
1229 4945 1374 5022 χρήσονται
1392 4940 1501 5008 ξυλίνοις
1523 4939 1707 5016 λαμπτῆρσιν,
1720 4935 1767 4994 ἵνα
1781 4935 1844 4993 κατὰ

245 5041 296 5100 nbi
311 5059 396 5098 niuea
408 5052 530 5096 roratur
541 5039 650 5097 laterna
662 5059 766 5098 cornea
777 5052 930 5118 propterea
944 5038 1021 5114 ιμιοιί
1068 5036 1127 5104 τοὺς
1138 5035 1220 5100 πόδας
1232 5033 1309 5110 μόνον
1322 5030 1465 5111 φαίνωνται
1475 5027 1520 5086 καὶ
1531 5025 1568 5104 μὴ
1582 5029 1744 5105 καταφανεῖς
1754 5027 1845 5080 ποιῶσι

245 5129 388 5204 pellat-ida
402 5141 453 5184 cst.
471 5126 568 5202 Neque
582 5125 703 5184 dubium
717 5130 788 5205 quin
803 5127 931 5200 Scaliger
945 5125 1021 5201 apud
1041 5101 1045 5156 Ι
1067 5123 1126 5190 τούς
1137 5121 1309 5202 ἀροδιύοντας
1325 5125 1375 5183 τοῖς
1385 5115 1554 5180 ὑπεναντίοις.
1567 5114 1659 5186 Quum
1675 5125 1774 5170 autern
1791 5129 1845 5167 me·
