3708 5916
558 347 598 408 tn
619 345 783 411 AUREUM
803 345 973 410 clausa.
1507 358 1566 411 trs

19 467 517 558 ;’ἔπευῳημοδνται,οἰικίκθνητῆς
526 478 661 546 συνουσίας
672 478 746 538 abael
791 469 859 540 ῐίίτα
873 476 992 557 χωρίζων
1005 473 1085 543 oded<
1096 477 1147 536 τών
1160 476 1234 560 picti
1250 475 1388 552 δαιμόνων,
1403 476 1470 540 οἰτδ
1489 479 1569 560 μίσον

19 587 133 640 ενοι,
146 566 450 642 ἄλλ’ἐκτῆςμονοειδοδς
461 567 546 626 αὐτῶν
554 565 746 646 αἰτίαςπροϊόν·
790 566 862 645 γένος
868 567 1011 646 πληροῦσι,
1023 563 1209 644 καταχθονίους
1220 573 1371 647 προσεῖπεν,
1381 570 1416 634 ώς
1426 567 1571 645 δυναρίνας

19 677 53 710 ιν
73 651 458 733 φῶςπῇοῦσίρτῶρωτιινοῦ
466 651 587 728 σώματος
595 651 747 732 σίνδρομον·
791 651 835 711 tsi
856 655 905 730 γῆς
929 649 1108 711 πολιτεύεσθαι
1131 653 1178 714 καί
1199 654 1277 732 γήινα
1297 656 1408 730 σώματα
1430 655 1571 717 ίπεισιίναι

42 738 204 821 ὕπαιθρον
221 740 266 798 καὶ
279 738 403 819 καθαρόν,
419 743 476 816 μεθ’
489 739 504 799 δ
517 740 658 799 ἐπινοεῖται
678 740 707 798 τὸ
721 742 748 798 ἰν
791 740 920 800 selected
935 744 983 820 γῆς
997 741 1086 811 οἰκεῖν,
1101 739 1144 801 len
1160 745 1198 822 τῷ
1212 743 1261 819 μίν
1275 740 1398 818 δαίμονας
1413 745 1494 803 alneis
1512 766 1572 824 χω-

19 829 85 892 ῶς
108 827 157 884 καί
171 825 393 905 seiromasten<
406 826 490 907 σκότῳ
503 825 646 904 γινόμενον·
659 826 758 908 πρδςθ
793 827 852 910 ρίσῃ
873 833 925 888 τῶν
940 826 1045 908 ραιίλων
1063 827 1108 888 καί
1129 828 1344 906 δνεπιοτημόνων
1366 830 1519 910 ἀνθρώπων,
1536 834 1572 898 ὡς

19 915 174 992 ιιιλογίαν
189 913 245 993 ἔχει
259 915 288 972 τὸ
299 913 385 992 τρίτον
400 912 445 972 καί
457 912 615 992 ἀνθρώπινον
626 913 698 994 γίνος
711 919 749 995 τῷ
793 915 949 991 ἀδαημόνων
960 918 1037 974 τινῶν
1050 917 1095 975 καί
1107 917 1136 974 οὗ
1149 911 1289 992 δαιμόνων,
1298 919 1335 996 τῷ
1349 917 1375 980 δί
1388 919 1574 998 καταχθονίους

19 1002 111 1057 τίαν
126 997 193 1060 noel
206 998 252 1058 καί
264 999 347 1071 λήθην
357 1000 492 1082 ἰπιρριπίς
505 993 587 1073 εἰναι,
598 991 636 1069 οἰς
648 1003 692 1060 καὶ
704 1007 750 1060 τοῦ
793 1007 945 1081 προσθιῑναι
958 1002 1086 1082 διαστήσῃ
1101 1005 1154 1061 τῶν
1168 1002 1209 1062 tel
1223 1005 1360 1080 δαημόνιον
1373 1004 1417 1062 καί
1427 1001 1573 1080 ἐπιστημό-

19 1091 76 1146 εῖν
105 1088 153 1146 τὸν
170 1087 226 1146 θεὸν
249 1087 391 1165 ἀφίσταται
413 1087 562 1168 ἄνθρωπος,
576 1091 629 1147 τῶν
648 1087 695 1164 μδν
710 1091 751 1148 del
793 1112 845 1147 νων
860 1089 914 1166 tat,
928 1087 973 1148 καί
987 1089 1031 1150 tsi
1042 1094 1090 1167 γῆς
1101 1089 1281 1150 πολιτεύεσθαι
1295 1089 1332 1166 μή
1344 1092 1494 1171 περυκότων
1507 1089 1574 1168 μηδὲ

19 1198 86 1232 των
115 1175 328 1252 ἀπολιιπόμενος
348 1177 386 1254 τῷ
410 1175 474 1234 ποτί
498 1175 536 1254 μή
560 1181 637 1252 νοεῖν,
651 1181 703 1236 τῶν
724 1175 751 1237 δί
794 1173 891 1253 γηΐνοις
905 1179 985 1254 συζῇν
1001 1176 1135 1252 σώμασιν.
1153 1174 1188 1236 Ἡ
1203 1176 1254 1256 γὰρ
1266 1181 1311 1235 τοῦ
1330 1177 1500 1256 καταχθονίου
1515 1178 1575 1236 δαί-

19 1288 48 1320 is
70 1262 259 1335 αἷναὸεὸηκιίις
273 1265 309 1344 τῷ
321 1261 384 1322 ποτί
400 1273 466 1322 νοεῖν
482 1264 527 1322 καί
542 1263 607 1345 πρὸς
618 1262 667 1336 τήν
680 1263 751 1324 θείαν
796 1284 872 1340 μονος
885 1262 1029 1344 πρόσρησις
1052 1263 1135 1322 οδδινί
1153 1261 1227 1343 ἄλλῳ
1250 1261 1478 1346 προσήκει,ήτῷ
1501 1263 1576 1342 φύσει

19 1350 117 1426 ήμην
130 1351 341 1425 ἀνακαλεῖσθαι,
351 1349 394 1409 δτι
408 1349 452 1409 καί
464 1355 501 1431 τῷ
512 1350 572 1430 θείῳ
585 1351 753 1412 συντοίττιται
796 1348 843 1427 μὲν
858 1348 912 1408 δντι
922 1348 1066 1429 ἀνθρώπῳ,
1079 1349 1169 1428 σχίσει
1179 1349 1206 1408 δί
1216 1349 1347 1431 γινομένῳ
1358 1351 1473 1427 δαίμονι,
1484 1349 1574 1419 ἐπειδὴ

41 1439 107 1497 τὸν
133 1437 225 1497 ὑλικὸν
246 1439 338 1519 ρθόνον
358 1437 499 1518 ἀποφυγὼν
521 1437 566 1496 καί
585 1438 634 1510 τήν
658 1437 753 1510 θνητήν
796 1437 827 1496 ab
841 1435 926 1516 τρίταν
944 1437 1016 1511 γε’νος
1037 1435 1141 1516 χθόνιον
1156 1436 1225 1503 ἰδίως
1243 1437 1407 1514 lli-(scande
1425 1440 1535 1516 ἔσχατον
1549 1439 1576 1494 ἐν

19 1526 153 1585 addeins
174 1524 386 1600 ἀποσεισάμενος.
403 1525 471 1586 Τίτε
483 1517 527 1584 οὖν
538 1524 582 1584 καί
594 1530 672 1602 τιμῆς
686 1523 755 1596 ᾅξιος
796 1526 912 1600 λογικαῖς
934 1523 1032 1590 οὐσίαις
1056 1523 1101 1581 καί
1126 1524 1232 1602 χθονίας
1260 1527 1327 1596 ζωῆς
1349 1524 1576 1605 ίπιστρερίμενον.

19 1617 123 1689 ἡνιῶν
137 1615 153 1671 δ
165 1617 213 1685 τῆς
226 1612 295 1679 θείας
306 1613 439 1692 ἀποδοχῆς
449 1612 608 1690 ἠξιωμένος,
620 1613 695 1681 diceb
708 1616 756 1685 τῆς
797 1602 838 1663 Tb
859 1601 910 1681 γδρ
932 1606 1036 1682 πρῶτον
1060 1602 1177 1681 οὐράνιον
1191 1594 1223 1675 ήν
1238 1602 1283 1662 καί
1304 1601 1335 1661 πθ
1355 1603 1434 1678 μίσον
1455 1604 1577 1682 αἰθέριον.

19 1725 55 1768 τις
89 1701 154 1760 ἴσον
177 1704 211 1780 τῇ
228 1703 275 1758 τοῦ
295 1698 439 1778 κρείττονος
462 1700 586 1779 μετουσία
607 1699 753 1778 κοσμήσας,
799 1690 913 1750 litam
927 1681 971 1748 ode
985 1690 1127 1770 ἀνθρώπων
1142 1689 1222 1749 δντοιν
1236 1689 1304 1749 κατὰ
1316 1693 1391 1748 τοῦτο
1400 1691 1579 1769 καταχθονίων

19 1788 107 1858 ,ἤχει
116 1787 172 1868 γὰρ
180 1788 306 1867 τρμᾶντῷ
315 1789 411 1865 ἐραστῇ
422 1791 466 1846 τοῦ
476 1791 534 1846 θεοῦ
541 1785 627 1846 χαλαρὰ
636 1791 755 1848 ὁπωσοῦν
798 1778 921 1855 λογικῶν,
935 1779 964 1836 Οὖ
978 1777 1083 1837 πάντων
1098 1776 1125 1836 δὲ
1140 1777 1280 1853 dntptdtutt,
1292 1774 1349 1836 οὗθδ
1364 1779 1461 1858 σοφῶν,
1474 1778 1580 1844 bladini<

19 1874 128 1950 ωμένα
145 1876 235 1954 αὐτῷ,
252 1873 304 1933 εἴτε
315 1873 341 1942 εξ
356 1874 439 1932 ἀιδίου
456 1871 504 1944 τήν
518 1873 641 1948 ὁμοίωσιν
655 1873 696 1946 ιῐη
711 1896 757 1932 aa·
800 1865 963 1944 ἰπισυνάψεο
985 1855 1042 1923 tls·
1062 1864 1247 1943 καταχθονίους
1269 1862 1393 1940 δαίμονας
1411 1862 1470 1930 τοὺς
1488 1863 1580 1942 σοφοὺς

19 1962 97 2032 522,
111 1960 167 2019 ,ἴῃ
180 1961 233 2020 ἀπό
244 1984 311 2029 ,Μς
322 1959 549 2040 maiomam
563 1959 661 2032 ταύτην
672 1960 756 2034 ing.
800 1951 960 2032 ἀνθρώπους.
977 1949 1048 2013 Οὗτι
1064 1950 1115 2031 γίιρ
1137 1952 1232 2018 πάντις
1254 1950 1385 2031 ἅνθρωποι
1408 1950 1482 2030 σοῳοί
1506 1953 1580 2022 εἰσιν,

19 2071 58 2104 α·
77 2039 136 2106 οἷοί
148 2048 214 2104 εἰσιν
228 2048 252 2104 οἰ
264 2048 343 2126 ἀρετῇ
355 2047 526 2125 διινεγκόντες
538 2046 669 2128 ἅνθρωποι
679 2092 687 2120 ,
698 2047 758 2127 πιρί
800 2036 860 2097 Οὖτῑ
869 2038 964 2105 πάντες
973 2041 997 2099 οἰ
1009 2038 1096 2120 wid,
1107 2039 1250 2119 fftfliwl'
1263 2039 1331 2099 M
1340 2039 1385 2098 καὶ
1395 2037 1478 2116 ἥρως
1487 2037 1581 2115 ἆγαυοί

19 2133 77 2205 ξῗῆ
92 2139 110 2193 ὁ
122 2131 218 2215 παρών
231 2133 305 2212 λόγος
314 2139 458 2210 νομοθετεῖ.
802 2122 847 2182 καί
861 2123 986 2183 ἀθάνατοι
1007 2123 1076 2202 θεοί,
1091 2125 1166 2206 piso
1179 2126 1321 2206 κρείττονες
1341 2124 1483 2204 ἀνθρώπων
1496 2124 1581 2197 ὄντες,

315 2265 357 2324 lv
803 2213 877 2296 οοροί
900 2239 930 2274 τε
952 2217 1003 2276 εἰσι
1027 2215 1073 2276 καί
1106 2218 1208 2294 ἀγαθοί.
1266 2217 1335 2285 Τοὺς
1358 2208 1403 2276 οδν
1426 2219 1479 2284 τοῖς
1506 2216 1582 2282 θιίοις

360 2305 367 2321 '
393 2273 420 2324 ³⁸
802 2301 887 2379 γίνεαι
901 2304 1120 2382 συντεταγμένους
1140 2303 1288 2385 ἀνθρώπως
1308 2303 1393 2364 σίδιιν
1414 2303 1523 2378 θλόγος
1533 2327 1584 2361 πα·

19 2375 376 2441 Τώςπῑᾱῑῖλίθθίθυέσίθί
385 2377 494 2439 &sim
506 2376 590 2438 ΜΨ
602 2377 681 2441 delm-
746 2399 749 2404 '
803 2391 905 2468 ραινεῖ,
928 2387 989 2456 τοὺς
1010 2391 1175 2468 ἰσοδαίμονος
1203 2391 1249 2450 καί
1281 2390 1432 2470 ἰσογγίλοος
1463 2388 1509 2448 καί
1532 2399 1584 2457 τοῖς

19 2473 60 2541 ’ἃς
85 2471 256 2554 ἀνθρωπίνας
270 2470 355 2554 ψωχδς
375 2473 484 2554 ἀληθεία
497 2472 544 2533 καί
559 2475 638 2554 ἀρετῇ
661 2497 760 2552 κοσμη-
804 2479 910 2553 ἀγαυοῖς
931 2476 1031 2557 ἥρωσιν
1053 2477 1166 2555 ὁμοίως.
1212 2479 1259 2552 Μή
1284 2477 1335 2558 γδρ
1358 2478 1457 2559 ραθλόν
1479 2500 1505 2536 τι
1526 2479 1584 2538 δαι-

19 2585 50 2628 ας
65 2563 203 2636 δαίμονας
215 2562 306 2636 καλεῖ,
318 2563 354 2628 ὡς
365 2559 499 2640 δαήμονας
511 2559 556 2620 καί
570 2561 757 2637 ἰπιοτήμοιας.
804 2565 890 2642 μόνοιν
911 2562 984 2643 γίνος
1006 2563 1181 2642 θπολοίθωμιν
1196 2569 1355 2644 εἰσηγεῖσθαι
1370 2564 1424 2624 δτῖν
1437 2571 1530 2641 τιμᾶν,
1550 2568 1586 2632 ὡς

19 2779 25 2816 ι
42 2780 51 2815 :
69 2761 128 2816 lux
141 2777 212 2815 vero
225 2777 325 2815 mena
337 2769 366 2814 et
378 2777 469 2834 pure,
482 2770 549 2835 post
562 2779 646 2834 quarn
662 2762 758 2816 consi·
807 2779 899 2836 genus
915 2761 1035 2837 implent
1051 2774 1190 2818 terrestres
1203 2763 1342 2836 appellat,
1364 2763 1471 2836 qnippe
1483 2763 1535 2836 qui
1556 2765 1586 2819 in

18 2859 92 2903 atur
108 2848 160 2902 lux
169 2845 302 2902 umbrosa
315 2846 493 2920 tenebrisque
507 2849 652 2923 paululum
664 2849 759 2919 mixta,
808 2850 890 2904 terris
903 2850 1008 2904 vasari
1023 2860 1189 2922 terrenaque
1201 2867 1324 2923 corpora
1338 2849 1456 2904 iuduere
1467 2859 1496 2904 et
1506 2848 1587 2924 (sub-

19 2954 51 2990 ns
67 2936 150 2990 lucis
160 2935 297 2990 rationem
313 2936 427 2990 tertium
441 2936 653 3010 humanumque
673 2955 762 3011 genus
808 2933 870 3010 ter)
888 2947 994 2992 terram
1018 2937 1141 3002 incolere
1167 2939 1277 3011 possint
1286 2979 1294 3006 ‚
1316 2936 1389 2991 adeo
1402 2946 1435 2989 nt
1448 2935 1588 2992 &monas

19 3025 74 3080 boc
88 3023 200 3092 habet,
224 3022 304 3096 quod
325 3023 355 3078 in
379 3025 481 3079 vitium
502 3021 657 3097 aliquando
677 3035 762 3098 atque
806 3023 937 3079 vocando
951 3041 1000 3078 eos
1015 3025 1232 3098 aprnvisatqne
1245 3024 1353 3080 stolidis
1366 3023 1589 3080 bominibussc-

19 3111 157 3168 lirionem
167 3111 345 3185 prolabatur,
356 3110 433 3167 unde
447 3122 476 3167 et
485 3129 502 3166 a
511 3113 644 3167 continua
654 3113 706 3169 Dei
719 3113 762 3167 in·
804 3110 921 3186 jungat,
934 3123 1035 3188 utpote
1046 3115 1096 3187 qui
1106 3132 1165 3168 non
1173 3115 1329 3180 daemones,
1344 3111 1394 3167 sed
1405 3112 1414 3188 (
1425 3107 1586 3187 δδαήμονες)

19 3199 135 3273 igentia
145 3200 231 3254 bomo
246 3199 384 3270 discedit,
397 3201 447 3273 qui
458 3199 573 3274 quidem
584 3199 618 3254 iis
629 3201 678 3274 qui
690 3219 761 3256 sem·
809 3199 957 3256 inscientes
972 3200 1087 3274 quidam
1104 3201 1176 3272 sint,
1190 3214 1330 3258 terrestres
1341 3211 1434 3256 autem
1455 3199 1587 3256 addendo

19 3305 28 3340 r
40 3287 208 3359 intelligunt
218 3303 253 3340 eo
265 3295 306 3339 est
314 3285 442 3354 inferior,
453 3287 532 3359 quod
540 3287 693 3361 aliquando
703 3306 763 3342 non
808 3286 843 3341 ab
859 3287 893 3342 iis
905 3287 1059 3358 discernat,
1068 3288 1136 3362 qui(
1148 3283 1296 3359 δαήμονες)
1307 3289 1423 3344 scientes
1431 3306 1544 3362 semper
1555 3299 1584 3343 et
1647 3299 1648 3304 ’

19 3373 144 3447 alligat,
166 3371 257 3428 brutis
270 3390 339 3428 vero
354 3375 493 3448 superior,
512 3375 591 3448 quod
608 3375 763 3450 aliquando
810 3391 920 3448 semper
933 3375 1122 3449 intelligentes
1135 3387 1216 3444 sunt,
1233 3388 1262 3432 et
1274 3375 1396 3449 quorum
1411 3376 1450 3431 ita
1472 3393 1590 3450 compa-

19 3461 123 3534 elligat
158 3469 188 3514 et
211 3459 248 3514 ad
278 3459 402 3516 divinam
430 3461 573 3517 scientiam
600 3473 763 3534 revocetur,
809 3471 869 3516 rata
885 3472 926 3516 est
946 3472 1062 3532 natura,
1081 3473 1113 3517 ut
1127 3480 1177 3517 nec
1202 3473 1305 3517 terram
1327 3463 1468 3531 incolere,
1492 3463 1588 3516 necin

19 3547 98 3602 ando
115 3556 147 3602 et
157 3547 260 3602 evitata
270 3547 410 3602 materiali
429 3551 614 3624 corruptione
633 3567 763 3604 excisso·
811 3549 928 3602 terrenis
941 3537 1112 3622 corporibus
1131 3548 1221 3603 vitam
1245 3547 1347 3621 degere
1374 3548 1490 3620 possint.
1512 3548 1589 3602 Nulli

19 3651 35 3688 e
59 3634 179 3690 mortali
203 3632 309 3689 ellectu
342 3633 441 3689 divino
471 3637 560 3691 choro
589 3636 762 3712 adjungitur.
810 3636 885 3690 enim
911 3635 958 3690 alii
982 3639 1114 3692 convenit
1143 3639 1280 3692 terrestris
1313 3639 1393 3707 genii
1415 3634 1586 3708 appellatio,

19 3738 59 3774 mc
70 3720 193 3794 igituris
204 3738 320 3793 quoque
330 3719 430 3794 dignus
440 3732 481 3777 est
492 3723 542 3796 qui
554 3740 570 3778 a
580 3723 662 3778 nobis
672 3723 767 3778 hono·
811 3739 896 3794 quam
910 3723 936 3777 ei
957 3725 1006 3797 qui
1019 3735 1119 3779 natura
1132 3725 1221 3780 homo
1233 3731 1287 3794 est,
1300 3721 1398 3778 babitu
1413 3739 1481 3777 vero
1502 3721 1590 3776 factus

19 3815 71 3880 tur,
86 3824 176 3879 quem
192 3809 268 3862 Deus
282 3807 431 3863 admittere
445 3827 503 3862 non
523 3819 564 3863 est
582 3809 766 3883 dedignatus,
810 3810 918 3882 genius,
926 3811 1277 3885 quandoquiderntertium
1286 3827 1374 3884 genus
1385 3819 1588 3880 terrestrepro-
1688 3845 1689 3850 κ

19 3903 83 3964 pote
97 3894 292 3967 quinntnrarn
304 3905 406 3951 nostrae
420 3896 555 3969 aequalem
567 3897 767 3970 praestantioris
812 3897 876 3971 prie
898 3895 1013 3968 dicitur,
1030 3910 1063 3954 nt
1085 3900 1165 3972 quod
1190 3909 1355 3954 naturarum
1376 3896 1590 3970 intelligentium

19 3983 191 4036 immaniore
212 3984 400 4040 exornaverit.
422 3985 513 4039 Decet
532 3985 608 4038 enim
623 3984 701 4038 illum
717 3986 766 4058 qui
811 3985 942 4040 ultimum
951 3987 1079 4060 sitatque
1087 3989 1210 4042 terrestri
1221 3989 1285 4042 vitae
1295 3985 1450 4042 addictum.
1463 3981 1591 4041 Primum

19 4085 74 4121 euin
91 4078 188 4137 amat,
210 4084 243 4123 ea
263 4069 346 4124 etiarn
367 4087 428 4142 quae
450 4071 477 4125 ei
497 4079 642 4143 utcunque
664 4071 767 4127 similia
811 4071 885 4128 enirn
897 4073 1008 4127 coeleste
1018 4075 1211 4141 est,n1edium
1220 4085 1313 4130 autem
1323 4073 1485 4129 aethereum.
1496 4073 1591 4144 Quum

19 4163 51 4206 nt
71 4155 235 4223 honorare,
255 4156 312 4210 sive
326 4173 388 4211 eam
405 4156 616 4212 similitudinem
632 4157 667 4212 ab
689 4159 767 4212 omni
813 4175 910 4214 omnes
922 4159 1008 4232 igitur
1019 4161 1148 4216 homines
1162 4147 1195 4215 in
1207 4163 1263 4217 hoc
1274 4163 1330 4217 sint
1344 4173 1483 4216 terrestres
1494 4169 1523 4216 et
1543 4179 1593 4216 ra-

19 4242 144 4297 ternitate
162 4241 301 4311 habeant,
323 4243 382 4297 sive
396 4244 598 4299 exercitatione
614 4244 650 4298 ab
670 4245 767 4319 aliquo
812 4244 890 4300 tione
904 4247 1027 4319 praediti,
1041 4265 1098 4302 non
1113 4265 1209 4302 ornnes
1224 4259 1316 4303 tamen
1324 4251 1483 4314 daemones,
1500 4266 1594 4321 neque

19 4343 115 4399 uapore
125 4346 188 4383 eam
198 4330 341 4383 consecuti
353 4330 426 4399 sint3
440 4333 538 4403 quales
549 4341 615 4387 sunt
625 4331 666 4385 illi
678 4333 770 4388 bomi-
812 4333 967 4406 sapientes,
979 4335 1082 4388 merito
1096 4335 1155 4389 bec
1167 4334 1338 4409 conjungens
1349 4337 1490 4412 sapientes
1500 4336 1592 4391 homi·

19 4427 54 4478 rs,
78 4415 131 4486 qui
153 4415 258 4469 virtute
278 4417 490 4488 excelluerunt,
505 4417 541 4473 de
563 4415 707 4491 quibusin
724 4439 769 4476 se·
813 4439 862 4474 nes
877 4421 990 4475 vocavit
1003 4433 1144 4476 terrestres
1161 4426 1267 4494 genios.
1288 4422 1387 4495 Neque
1408 4425 1482 4478 enim
1496 4439 1594 4478 ornnes

19 4499 144 4558 uentibus
157 4521 270 4558 carmen
282 4505 422 4579 praecipit.
814 4507 944 4563 homines
967 4510 1106 4584 sapientes
1125 4520 1204 4578 sunt,
1226 4528 1320 4584 neque
1335 4529 1431 4566 ornnes
1452 4511 1592 4583 sapientes

325 4626 367 4686 lv
406 4628 422 4685 3
816 4595 961 4665 homines,
977 4596 1123 4653 sedetiam
1135 4599 1255 4652 illustres
1274 4597 1370 4653 demes
1384 4607 1413 4652 et
1425 4597 1594 4650 immortales

373 4673 379 4688 ⁸
427 4668 435 4686 '
817 4683 870 4749 dii,
895 4685 945 4757 qui
961 4695 1061 4740 natura
1075 4694 1208 4760 prestant
1223 4685 1401 4752 horninibus,
1419 4693 1448 4738 et
1460 4683 1595 4755 sapientes

84 4756 119 4803 δῦ
131 4755 256 4805 mm
265 4754 461 4843 θωίθθίθὸῑίἰωθ
472 4755 673 4807 mmmm·
817 4781 881 4824 sunt
905 4781 933 4826 et
949 4772 1030 4830 boni.
1056 4773 1176 4828 Carmen
1190 4773 1277 4846 igilur
1298 4788 1350 4826 nos
1367 4769 1448 4842 jubet
1468 4771 1595 4824 homines

35 4851 174 4914 llumanos
185 4861 293 4916 animos
307 4863 426 4918 veritate
437 4875 466 4919 et
474 4865 579 4919 virtute
591 4875 708 4920 ornatos
720 4884 773 4920 νο-
817 4856 920 4913 divinis
931 4858 1082 4932 genesim!
1092 4857 1375 4931 οθῑὶίἮῐῑῦῑῡὸΰθίθΓθν
1387 4868 1419 4911 ¹¹2
1428 4858 1477 4930 ‘1¹¹3
1490 4857 1594 4912 dm·

19 4939 144 5006 algentia
154 4939 213 4995 sive
224 4939 367 4996 daemones
378 4942 459 5015 quasi
473 4939 640 5018 (δαήμονας)
654 4945 773 5000 scientes
816 4945 900 4999 nibus
916 4956 944 5000 et
966 4947 1072 5021 angelis
1086 4965 1168 5022 pares
1183 4957 1268 5020 atque
1291 4941 1446 5000 illustribus
1461 4944 1596 5000 heroibus

19 5025 29 5068 t
47 5019 235 5099 intelligentes.
260 5027 351 5082 Porro
376 5039 470 5084 autern
491 5048 539 5085 eos
554 5029 590 5084 ab
613 5029 668 5084 illis
680 5049 772 5088 secer·
816 5033 918 5088 similes
936 5034 1293 5108 sint.Neputemiueni1n
1303 5048 1415 5092 carmen
1430 5031 1476 5086 hlc
1489 5029 1595 5086 malurn

19 5119 80 5176 θυι,
94 5113 142 5188 qui
167 5122 267 5170 natura
290 5114 431 5176 daemoms
449 5125 514 5174 nint
538 5127 623 5196 atque
645 5117 770 5175 medium
815 5119 933 5194 aliquod
943 5121 1101 5177 daemonum
1109 5118 1592 5198 genusbonorandumessetlocere,
