3838 5926
279 337 335 390 128
968 335 1206 402 trutinantis

333 450 485 532 Πρώτεστον
498 451 546 532 μέν
564 451 671 534 Ἔρωτα
687 457 752 514 θεῶν
770 455 901 533 μητίσατο
914 455 1030 520 πάντων.
1103 467 1317 533 Ρνίοοοεοοοίθεοτ
1328 469 1549 524 omuinmdaorum
1562 471 1674 526 tornavit
1687 478 1820 530 Δωοτεαο.
1882 491 1883 516 t

331 712 401 792 Είσῃ
417 713 440 771 δ’
454 713 572 796 αἰθερίην
587 737 615 774 τε
632 713 709 794 ρθσιν
723 714 757 776 τοί
771 718 796 774 τ’
809 719 835 776 ἐν
847 715 931 798 αίθέρε
950 717 1037 778 πάντα
1098 725 1323 787 commaerentem
1335 728 1361 776 et
1373 725 1499 778 arteriam
1509 731 1618 780 naturam
1628 735 1653 780 ct
1662 745 1836 798 quascumque

330 801 439 878 σήματα
452 802 498 861 καί
509 807 624 882 καθαρᾶς
636 802 741 880 εθαγέος
752 802 849 874 ήελίοεο
1098 814 1155 861 runt
1166 812 1190 860 in
1198 811 1363 876 etherasigna
1376 814 1402 864 et
1414 813 1487 866 clara
1499 815 1557 866 tacis
1566 817 1665 868 rotundi
1675 820 1733 871 eolla

271 907 310 950 rat
330 888 468 966 λαμπάδος
481 888 536 968 ἔργ’
550 887 646 962 ἀίδηλα
659 890 704 948 καί
721 889 833 951 ὁππόθεν
847 889 1007 970 έξεγίνοντο,
1100 897 1192 948 itbortt
1203 899 1311 950 occultos
1324 903 1349 950 et
1357 900 1421 950 trude
1431 901 1483 952 iraet
1494 903 1640 966 exstiterint,

328 975 394 1056 έργα
407 999 436 1034 τε
450 975 587 1043 κύκλωετος
598 977 683 1055 πεύσῃ
700 977 838 1058 περίροιτα
854 979 965 1052 σελήνης
1097 991 1211 1050 fletuque
1221 987 1331 1038 roluudre
1339 987 1417 1040 discet
1429 991 1582 1054 clrcuturaga
1594 993 1661 1042 luuae

328 1064 374 1123 καί
390 1062 479 1144 ρθσιν·
490 1063 600 1136 εἰδήσεις
615 1065 641 1124 δέ
652 1064 697 1124 καί
710 1065 818 1146 οὐρανὸν
833 1067 915 1148 ἀμφίς
929 1067 1036 1148 έχοντα,
1097 1078 1267 1138 naturamque
1280 1088 1406 1139 pernoscas
1419 1090 1517 1141 quoque
1527 1080 1615 1130 coelum
1625 1080 1706 1130 omnia
1715 1084 1834 1144 clangens,

328 1151 398 1210 ἔνθεν
410 1151 456 1232 ἔφυ
471 1151 556 1211 τεκαὶ
569 1150 604 1220 ὥς
617 1176 661 1230 μεν
678 1153 767 1230 ἅγουσ’
782 1153 908 1226 ἐπέθησεν
924 1155 1026 1232 ἀνάγκη
1096 1163 1193 1214 etuudc
1204 1165 1322 1216 exstiterit
1332 1167 1358 1215 et
1370 1167 1492 1230 quomodo
1505 1181 1589 1232 regens
1603 1170 1682 1232 ipsum
1696 1173 1834 1222 uecessim
1850 1171 1883 1226 illl

328 1237 432 1318 πείρατ’
447 1237 518 1318 ἔχειν
533 1238 647 1318 ἄστρων.
1097 1253 1124 1301 111
1133 1253 1252 1303 astrorum
1262 1253 1378 1304 terminos
1389 1255 1478 1306 ίαειααί.
1794 1259 1883 1324 [gant

478 1394 494 1429 ἣ
654 1397 669 1430 t*

269 1521 308 1563 rto
586 1507 642 1571 πῶς
655 1510 719 1584 γαῖα
728 1504 773 1564 καί
788 1502 860 1577 ήλιος
871 1503 918 1576 ἠδὲ
928 1503 1024 1577 σελήνη
1403 1516 1525 1580 quomodo
1536 1519 1600 1568 terra
1613 1520 1638 1572 et
1648 1520 1684 1570 sol
1696 1525 1771 1583 atque
1783 1521 1848 1572 luna

327 1588 403 1668 αἰθήρ
413 1613 443 1649 τε
456 1587 526 1658 ίυνθς
537 1589 607 1667 γαίλα
618 1593 642 1650 τ’
656 1591 775 1671 οὐράνιον
791 1590 837 1650 καί
851 1590 967 1668 dioptrae
1095 1603 1278 1665 communisque
1291 1602 1376 1664 rather,
1387 1602 1527 1667 lacteusque
1540 1604 1606 1656 orbis
1617 1611 1643 1656 et
1653 1607 1766 1672 olyrnpue

327 1675 493 1842 ξρχατρςαρήθ
507 1677 610 1758 ἄστρων
630 1679 723 1758 θερμθν
739 1679 814 1756 μένος
827 1678 990 1761 ὡρμήθησαν
1094 1701 1209 1826 ρρρρρμθιρί
1216 1694 1287 1753 atquc
1298 1695 1418 1742 astrorum
1431 1691 1521 1741 torrida
1532 1692 1568 1742 ris
1579 1694 1698 1754 ceperint

354 1789 416 1843 γνεσ
462 1810 470 1827 .
1211 1810 1216 1823 .

325 2025 473 2109 Νυκτεραίς
485 2027 546 2108 περί
559 2028 637 2108 γαῖαν
651 2026 786 2106 ἀλώμενον
802 2026 938 2106 ἀλλότριον
953 2029 1016 2107 φῶς.
1092 2038 1168 2088 ltocte
1180 2037 1263 2088 lucens
1271 2039 1359 2088 terram
1372 2037 1480 2090 ambiens
1488 2039 1569 2090 lumen
1582 2040 1696 2092 εθοοοεο.
1781 2051 1787 2060 ·

263 2421 405 2496 spicamur
413 2437 539 2490 nonense
550 2419 761 2476 sollicitandrun
771 2419 850 2493 quod
864 2417 1043 2493 deciperent,
1091 2414 1194 2489 κύκλος,
1208 2419 1318 2495 corrige
1338 2414 1502 2487 κυνελοεεδής.
1519 2418 1646 2494 Cognata
1665 2429 1733 2475 sunt
1746 2420 1878 2498 περιαγής

263 2517 296 2562 111
315 2507 476 2581 Simplicius
496 2507 615 2563 verbum
634 2505 748 2563 finitum
760 2525 843 2562 versu
854 2508 984 2579 sequenti
998 2507 1046 2562 de-
1091 2515 1120 2561 et
1133 2501 1270 2582 περιηγής.

263 2611 342 2648 mum
356 2611 373 2650 a
386 2603 473 2668 pocta
492 2602 557 2666 post
580 2590 660 2671 ἄρσεν
682 2589 815 2670 θηλοτίρῳ
836 2593 960 2668 positum
973 2593 1047 2648 omi·
1131 2595 1163 2652 V.
1181 2591 1247 2650 136.
1265 2589 1403 2670 περίροιτα
1423 2609 1440 2648 a
1460 2589 1604 2668 Scaligaro
1627 2593 1794 2654 restitutum
1817 2607 1875 2665 eet,

263 2682 340 2738 serit.
1090 2689 1173 2736 antea
1186 2680 1333 2754 legebatur
1348 2678 1410 2758 περί
1423 2677 1513 2758 ροιτά.
1882 2707 1883 2712 ¹

305 2770 339 2826 V.
358 2765 424 2824 132.
440 2768 570 2824 Laudant
590 2767 667 2822 hunc
684 2785 797 2822 versum
821 2769 892 2826 Plat.
909 2768 1042 2842 Sympos.
1129 2770 1160 2823 V.
1180 2765 1246 2822 138.
1266 2769 1350 2823 Hunc
1374 2786 1488 2824 versum
1512 2778 1541 2824 et
1553 2780 1720 2842 sequentem
1740 2789 1883 2850 quumpn

262 2873 292 2930 p.
314 2855 378 2926 178.
393 2855 433 2926 B3
447 2859 563 2913 aristot.
583 2855 705 2930 Metaph.
722 2856 746 2926 1,
766 2861 826 2930 lp.
843 2853 912 2923 646,
930 2857 964 2924 Er
981 2855 1044 2911 Plu·
1090 2853 1242 2913 Clementis
1258 2855 1322 2912 cod.
1336 2855 1403 2913 Par.
1419 2854 1584 2912 eruditione
1595 2853 1763 2914 Florentiae
1778 2859 1883 2915 tumba-¹

261 2943 353 3000 tarch.
374 2945 502 3000 Amator.
524 2961 555 3016 p.
588 2941 655 3012 756,
677 2940 804 3017 rttom.
822 2942 865 2998 IX
879 2960 910 3016 p.
929 2941 965 2996 32
993 2942 1041 3000 ed.
1090 2952 1134 2997 tos
1148 2942 1296 3016 reperisset
1307 2939 1576 3017 Stephanus,rrulla
1588 2945 1747 3002 mutatione
1762 2947 1804 3003 sic
1817 2947 1883 3003 cdr

261 3029 355 3086 nent.
363 3026 381 3104 ];
394 3030 493 3086 Sextus
504 3030 611 3103 Empir.
626 3028 693 3086 adv.
707 3029 792 3084 ltlatb.
804 3029 857 3099 nt,
867 3047 886 3102 9
896 3047 904 3098 ς
916 3026 1045 3085 Stobaeus
1088 3031 1131 3086 dit
1141 3032 1171 3086 in
1182 3031 1261 3087 Poesi
1275 3031 1383 3105 philos.
1401 3048 1468 3105 pag.
1489 3037 1525 3098 44
1544 3051 1551 3085 :

261 3118 322 3175 Ecl.
335 3118 419 3190 Phys
435 3119 460 3187 Ι,
479 3129 557 3192 top.
573 3123 645 3186 ορ4ς
659 3117 787 3190 Simplic.
805 3116 842 3172 ad
855 3118 941 3173 Arist.
962 3115 1041 3191 Phys.

260 3203 281 3261 θ’.
292 3223 322 3279 9,
337 3223 364 3262 a.
381 3208 516 3261 Amorem
528 3203 691 3260 Parmenidi
706 3204 827 3276 primum
841 3220 938 3258 rerum
949 3213 1042 3258 moto-

260 3309 322 3346 rem
337 3291 420 3348 fluisse
435 3293 512 3349 testis
524 3300 565 3346 est
575 3289 740 3345 Aristoteles
750 3289 875 3362 ltletaph.
891 3291 917 3359 1,
932 3295 960 3358 4,
972 3306 1043 3364 prae·
1882 3341 1883 3344 ,

261 3389 305 3434 ter
319 3397 406 3453 quem
420 3381 520 3437 Cicero
531 3379 639 3434 bellurn
654 3378 751 3446 etiarn,
765 3375 950 3448 discordiam,
964 3379 1042 3451 cupi·
1087 3375 1209 3429 Mettum
1232 3375 1354 3431 restituit
1373 3377 1501 3452 Scaliger
1513 3376 1586 3434 ibid.
1608 3394 1640 3449 p.
1657 3393 1727 3445 217,
1745 3381 1872 3434 servavit

260 3463 378 3521 ditatcnr
400 3466 553 3522 abeodem
574 3465 746 3540 philosopho
770 3465 855 3521 rebus
875 3465 1042 3540 generandis
1086 3473 1181 3518 tamen
1193 3475 1258 3538 post
1270 3460 1496 3541 iquparticulam
1509 3464 1590 3538 γηίει
1603 3460 1687 3532 cujus
1710 3464 1809 3520 locum
1823 3485 1872 3539 po·

259 3551 416 3609 adhibitam
436 3573 492 3611 esse
507 3553 609 3628 prodit
628 3552 665 3610 de
682 3555 751 3611 Nat.
772 3555 861 3609 Deor.
877 3554 901 3622 1,
927 3571 974 3610 11.
998 3552 1040 3612 Cf.
1086 3551 1217 3608 steriorea
1227 3551 1331 3607 horum
1342 3551 1499 3608 carminum
1513 3549 1637 3606 editores
1652 3552 1759 3607 rectius
1768 3553 1872 3609 substi-

260 3639 331 3700 Plat.
346 3642 465 3700 Conriv.
480 3659 509 3715 p.
524 3639 589 3714 195.
606 3643 669 3697 Huc
683 3642 769 3697 etiam
780 3641 924 3713 pertinere
940 3641 1042 3697 volunt
1086 3649 1200 3696 tuerunt
1213 3659 1253 3698 τε.

259 3726 642 3800 Aristotelisverballetaph.
654 3723 933 3794 I,5deParnaenide
945 3723 1037 3780 dicta:
1125 3727 1157 3782 V.
1177 3727 1329 3794 14ο-143
1353 3725 1424 3798 (πῶς
1441 3723 1682 3803 γαῖα-γίνεσθαι)
1705 3737 1820 3784 exstant
1844 3731 1871 3783 in

259 3811 304 3870 δίο
317 3809 364 3880 τθις
382 3811 469 3879 αἰτίας
482 3811 527 3870 καί
542 3807 589 3870 δυό
608 3811 656 3878 τὰς
671 3811 756 3890 ἀρχὰς
769 3809 872 3887 τίθησι,
888 3811 968 3887 quod
982 3831 1040 3868 non
1085 3811 1224 3888 Simplicii
1238 3813 1345 3870 Comm.
1361 3813 1399 3872 ad
1414 3815 1498 3870 Arist.
1514 3811 1550 3868 de
1570 3812 1648 3869 coeto
1662 3813 1705 3868 ΙΙΙ
1722 3812 1740 3871 i.
1768 3814 1870 3884 138,Β

260 3899 350 3972 liquet
363 3917 396 3954 ac
412 3901 457 3956 rel
469 3910 622 3974 propterea
636 3900 756 3956 dubium
776 3912 817 3956 est
826 3943 834 3970 ,
856 3903 923 3973 quia
945 3900 1040 3972 Stagi-
1086 3899 1149 3957 ard.
1162 3911 1190 3957 et
1203 3899 1280 3975 apud
1293 3903 1416 3973 Peyron.
1429 3919 1494 3976 pag.
1511 3897 1549 3955 55
1562 3901 1671 3973 aqq.1n
1683 3899 1870 3972 hisversibus

219 4056 221 4060 Δ
258 3987 312 4040 rita
327 3987 428 4041 Eleatae
445 3985 482 4042 de
500 3987 567 4042 visis
579 3986 611 4043 'et
629 3984 816 4060 opinionibus
836 3988 942 4062 placita
967 3987 1041 4042 male
1084 3998 1171 4060 poeta
1185 3988 1224 4042 ita
1235 3997 1354 4060 usurpat
1368 3988 1500 4042 voculam
1510 3981 1575 4055 καί,
1591 3996 1625 4040 ut
1637 4002 1670 4041 ea
1685 3984 1871 4062 sejungantur

232 4109 237 4125 .
259 4073 403 4147 explicuit.
415 4073 486 4130 Vide
509 4093 572 4149 quae
584 4076 745 4130 notavimus
766 4074 805 4130 ad
820 4093 847 4132 v.
864 4074 928 4129 113.
1085 4073 1209 4144 majores
1229 4072 1332 4128 mundi
1352 4085 1460 4148 partes,
1484 4074 1520 4130 de
1542 4073 1648 4146 quibus
1661 4071 1698 4128 ad
1719 4091 1795 4129 vers.
1816 4075 1868 4130 133

298 4162 330 4216 V.
349 4159 504 4234 133-139
530 4160 603 4237 (είσῃ
625 4158 647 4217 θ’
666 4159 940 4238 αίθερίην-σίστρων)
966 4161 1037 4216 aile-
1083 4161 1171 4217 locuti
1183 4161 1495 4234 snmus.1taqueverba
1509 4157 1554 4216 καί
1568 4155 1641 4228 ἥλιος
1652 4156 1700 4228 ήθί
1712 4157 1812 4231 σελήνη
1827 4161 1869 4217 Αί-

257 4257 361 4302 runtur
377 4265 393 4303 a
408 4248 551 4304 Clemente
572 4249 767 4305 Alexandrino
792 4247 899 4306 Strom.
919 4251 943 4304 V
963 4262 1036 4308 extr.
1084 4245 1133 4326 θήρ
1143 4270 1172 4305 τε
1181 4245 1252 4314 ξυνθς
1263 4246 1333 4323 γοίλα
1344 4249 1366 4304 τ’
1379 4245 1497 4325 οὐράνιον
1511 4246 1549 4303 ad
1562 4246 1691 4305 eamdem
1705 4247 1869 4305 referuntur

256 4353 287 4408 p.
299 4333 368 4404 614,
376 4336 408 4390 Α.
423 4335 572 4390 flisverbie
581 4335 764 4392 Parmenides
774 4348 906 4392 accurate
916 4345 1038 4406 terrena,
1084 4337 1239 4410 regionem.
1254 4338 1299 4391 Est
1311 4346 1407 4392 autem
1420 4337 1467 4391 hic
1480 4353 1547 4390 usus
1556 4351 1716 4409 congruens
1726 4335 1868 4408 primarie

257 4422 369 4478 aetheria
380 4433 409 4479 et
420 4424 544 4479 coelestia
555 4442 585 4479 se
600 4423 772 4480 traditurum
791 4423 951 4498 profitetur.
969 4428 1039 4482 Ter·
1084 4421 1167 4494 hujus
1180 4423 1258 4478 vocis
1271 4423 1422 4497 potestati,
1438 4421 1475 4479 de
1488 4439 1546 4496 qua
1560 4420 1627 4476 ride
1642 4422 1800 4476 Her-manni
1811 4421 1867 4478 die·

256 4528 325 4566 rena
344 4510 494 4585 probabile
514 4522 555 4568 est
575 4512 606 4566 in
619 4512 848 4569 antecedentibus
865 4531 929 4587 quae
941 4515 1037 4587 pecie·
1082 4512 1261 4586 putationem
1275 4529 1373 4584 opusc.
1389 4511 1432 4567 111
1445 4528 1477 4583 p.
1497 4507 1551 4566 151
1566 4527 1647 4582 seqq.
1747 4583 1750 4588 Δ

256 4608 324 4653 runt
333 4585 370 4653 ab
383 4617 417 4654 εο
432 4611 588 4655 memorata
605 4617 673 4657 esse.
689 4599 723 4657 111
735 4601 838 4656 aethere
853 4601 978 4656 collocat
988 4619 1035 4658 eo·
1124 4603 1155 4656 V.
1170 4605 1236 4666 141.
1252 4595 1367 4675 αίθήρτε
1382 4593 1471 4668 ίυνός)
1484 4597 1572 4652 aether
1592 4614 1611 4652 a
1628 4607 1716 4670 pocta
1727 4595 1796 4651 ideo
1816 4615 1865 4650 no·

255 4685 327 4755 lem,
348 4686 446 4742 lunam
470 4687 582 4760 aliaque
603 4686 712 4757 sidera,
736 4689 766 4742 in
791 4689 897 4744 coelesti
921 4689 1039 4762 regione
1083 4689 1209 4742 minatur
1223 4683 1389 4759 iuuo'c,quia
1407 4681 1496 4761 ipsius
1513 4683 1626 4756 judicio
1649 4684 1811 4740 communis
1828 4695 1867 4740 est

256 4790 341 4847 supra
361 4773 494 4828 aetherem
518 4774 611 4828 stellas
632 4775 798 4834 inerrantes.
824 4774 868 4834 Gi.
893 4775 1037 4834 Plutarch.
1082 4776 1150 4843 soli,
1166 4775 1239 4830 lunoe
1258 4785 1288 4829 et
1302 4774 1395 4829 lacteo
1407 4773 1484 4831 orbi.

256 4860 322 4919 adr.
336 4861 430 4916 Color.
443 4878 471 4935 p.
488 4867 573 4926 1114.
1122 4865 1156 4918 V.
1183 4867 1249 4927 144.
1272 4863 1327 4918 Hic
1353 4880 1447 4918 versus
1466 4879 1554 4935 quem
1573 4861 1696 4916 servavit
1719 4861 1861 4918 Plutarch.

295 4949 330 5006 V.
347 4949 412 5013 134.
437 4943 543 5021 εὐαγής,
568 4946 647 5018 cujus
669 4969 686 5002 α
711 4949 758 5003 bic
784 4947 966 5022 producitur,
989 4951 1037 5005 vix
1082 4948 1149 5007 adv.
1168 4950 1259 5005 Colot.
1274 4966 1304 5022 p.
1322 4947 1408 5016 1116,
1424 4952 1450 5004 Α
1470 4947 1546 5022 (ναί.
1572 4949 1600 5003 X
1619 4966 1649 5022 p.
1664 4946 1721 5023 590
1736 4947 1792 5022 tt.)
1809 4965 1862 5003 una

256 5035 338 5093 aliter
348 5037 535 5111 interpreteris
546 5053 631 5109 quam
641 5053 706 5091 curn
719 5037 885 5093 Heinricbio
895 5037 1036 5092 rotundus.
1082 5055 1148 5094 curu
1162 5037 1289 5110 sequenti
1308 5035 1346 5091 ad
1367 5035 1463 5090 lunam
1474 5033 1607 5104 retertur,
1625 5052 1713 5108 quarn
1733 5035 1861 5108 plerique

255 5119 355 5178 Suidas
369 5121 470 5200 εὐαγής·
484 5123 572 5189 καλῶς
592 5119 768 5200 περιηγμένος
788 5121 831 5180 καί
854 5125 1036 5203 μεταφορικῶς
1082 5135 1210 5180 veterum
1225 5123 1291 5178 solis
1303 5123 1367 5179 luce
1377 5122 1514 5179 illustrari
1529 5132 1707 5180 censuerunt.
1720 5121 1765 5180 Gi.
1780 5119 1857 5177 Stob.

1127 3155 1222 3216 Ἔνθεν
1238 3159 1286 3234 μέν
1302 3155 1353 3236 γὰρ
1369 3157 1451 3237 έρνγε
1466 3156 1512 3217 καί
1526 3156 1560 3224 ὥς
1581 3180 1625 3232 μεν
1641 3155 1733 3236 ἄγονσ’
1747 3159 1883 3233 ἐπέδησαν

1167 3241 1268 3320 οίνοίγνη
1284 3243 1388 3323 πείρατ’
1404 3243 1472 3323 ἔχειν
1484 3244 1600 3322 ἄστρων.
1657 3315 1661 3322 Ι
1882 3253 1883 3260 ’
