<?xml version="1.0" encoding="UTF-8"?>
<!DOCTYPE html PUBLIC "-//W3C//DTD XHTML 1.0 Transitional//EN"
    "http://www.w3.org/TR/xhtml1/DTD/xhtml1-transitional.dtd">
<html xmlns="http://www.w3.org/1999/xhtml" xml:lang="en" lang="en">
 <head>
  <title>
</title>
<meta http-equiv="Content-Type" content="text/html;charset=utf-8" />
  <meta name='ocr-system' content='tesseract 3.04.00' />
  <meta name='ocr-capabilities' content='ocr_page ocr_carea ocr_par ocr_line ocrx_word'/>
</head>
<body>
  <div class='ocr_page' id='page_1' title='image "./fragmentaphilos03mullgoog/fragmentaphilos03mullgoog_0116.png"; bbox 0 0 3838 5926; ppageno 0'>
   <div class='ocr_carea' id='block_1_1' title="bbox 432 386 1610 476">
    <p class='ocr_par' dir='ltr' id='par_1_1' title="bbox 432 386 1610 476">
     <span class='ocr_line' id='line_1_1' title="bbox 432 386 1610 476; baseline 0.03 -34"><span class='ocrx_word' id='word_1_1' title='bbox 432 386 473 446; x_wconf 85' lang='grc' dir='ltr'><strong>ΙΝ</strong></span> <span class='ocrx_word' id='word_1_2' title='bbox 494 387 730 452; x_wconf 83' lang='lat' dir='ltr'><strong>EMPEDOCLIS</strong></span> <span class='ocrx_word' id='word_1_3' title='bbox 751 391 964 458; x_wconf 79' lang='lat' dir='ltr'><strong>canutuutt</strong></span> <span class='ocrx_word' id='word_1_4' title='bbox 990 398 1204 475; x_wconf 78' lang='lat' dir='ltr'><strong>uettuutts</strong></span> <span class='ocrx_word' id='word_1_5' title='bbox 1574 425 1610 476; x_wconf 82' lang='lat' dir='ltr'><strong>ts</strong></span> 
     </span>
    </p>
   </div>
   <div class='ocr_carea' id='block_1_2' title="bbox 32 503 1620 614">
    <p class='ocr_par' dir='ltr' id='par_1_2' title="bbox 32 503 1620 614">
     <span class='ocr_line' id='line_1_2' title="bbox 32 503 1620 614; baseline 0.026 -50"><span class='ocrx_word' id='word_1_6' title='bbox 32 503 74 584; x_wconf 68' lang='lat' dir='ltr'><strong>rip</strong></span> <span class='ocrx_word' id='word_1_7' title='bbox 97 511 143 580; x_wconf 75' lang='grc' dir='ltr'>τῆς</span> <span class='ocrx_word' id='word_1_8' title='bbox 168 533 393 590; x_wconf 84' lang='grc' dir='ltr'>μιτσιιοσμησευις</span> <span class='ocrx_word' id='word_1_9' title='bbox 417 516 563 594; x_wconf 76' lang='grc' dir='ltr'>εἱμαρμένη</span> <span class='ocrx_word' id='word_1_10' title='bbox 584 519 629 577; x_wconf 80' lang='grc' dir='ltr'><strong>καὶ</strong></span> <span class='ocrx_word' id='word_1_11' title='bbox 652 519 726 600; x_wconf 80' lang='grc' dir='ltr'><strong>φύσις</strong></span> <span class='ocrx_word' id='word_1_12' title='bbox 750 523 801 582; x_wconf 75' lang='grc' dir='ltr'><strong>ὑπὸ</strong></span> <span class='ocrx_word' id='word_1_13' title='bbox 844 541 936 605; x_wconf 79' lang='lat' dir='ltr'><strong>poetae</strong></span> <span class='ocrx_word' id='word_1_14' title='bbox 954 529 1044 589; x_wconf 87' lang='lat' dir='ltr'><strong>verba</strong></span> <span class='ocrx_word' id='word_1_15' title='bbox 1059 531 1095 591; x_wconf 89' lang='lat' dir='ltr'><strong>ad</strong></span> <span class='ocrx_word' id='word_1_16' title='bbox 1107 535 1268 593; x_wconf 86' lang='lat' dir='ltr'><strong>animarum</strong></span> <span class='ocrx_word' id='word_1_17' title='bbox 1282 536 1395 614; x_wconf 90' lang='lat' dir='ltr'><strong>lapsum</strong></span> <span class='ocrx_word' id='word_1_18' title='bbox 1408 559 1444 600; x_wconf 83' lang='lat' dir='ltr'><strong>ex</strong></span> <span class='ocrx_word' id='word_1_19' title='bbox 1459 543 1620 606; x_wconf 79' lang='lat' dir='ltr'><strong>immortali</strong></span> 
     </span>
    </p>
   </div>
   <div class='ocr_carea' id='block_1_3' title="bbox 18 593 1624 2177">
    <p class='ocr_par' dir='ltr' id='par_1_3' title="bbox 18 593 1624 2177">
     <span class='ocr_line' id='line_1_3' title="bbox 32 593 1621 708; baseline 0.024 -56"><span class='ocrx_word' id='word_1_20' title='bbox 32 593 233 696; x_wconf 68' lang='grc' dir='ltr'>’Ἐμπεδοκλέους</span> <span class='ocrx_word' id='word_1_21' title='bbox 259 599 362 676; x_wconf 82' lang='grc' dir='ltr'>δαίμων</span> <span class='ocrx_word' id='word_1_22' title='bbox 386 602 563 681; x_wconf 76' lang='grc' dir='ltr'>ἀνηγόρευται·</span> <span class='ocrx_word' id='word_1_23' title='bbox 577 631 590 656; x_wconf 77' lang='grc' dir='ltr'>ι</span> <span class='ocrx_word' id='word_1_24' title='bbox 605 610 709 684; x_wconf 78' lang='grc' dir='ltr'>σαρκῶν</span> <span class='ocrx_word' id='word_1_25' title='bbox 723 609 801 668; x_wconf 76' lang='grc' dir='ltr'>ἄλλο·</span> <span class='ocrx_word' id='word_1_26' title='bbox 844 617 1011 676; x_wconf 84' lang='lat' dir='ltr'><strong>conditione</strong></span> <span class='ocrx_word' id='word_1_27' title='bbox 1025 621 1055 676; x_wconf 89' lang='lat' dir='ltr'><strong>in</strong></span> <span class='ocrx_word' id='word_1_28' title='bbox 1074 621 1239 697; x_wconf 76' lang='lat' dir='ltr'><strong>mortalem,</strong></span> <span class='ocrx_word' id='word_1_29' title='bbox 1253 636 1284 680; x_wconf 89' lang='lat' dir='ltr'><strong>ut</strong></span> <span class='ocrx_word' id='word_1_30' title='bbox 1303 643 1345 684; x_wconf 81' lang='lat' dir='ltr'><strong>vs.</strong></span> <span class='ocrx_word' id='word_1_31' title='bbox 1360 646 1415 683; x_wconf 79' lang='lat' dir='ltr'><strong>soa</strong></span> <span class='ocrx_word' id='word_1_32' title='bbox 1431 619 1496 708; x_wconf 76' lang='grc' dir='ltr'>αἶψα</span> <span class='ocrx_word' id='word_1_33' title='bbox 1508 629 1535 688; x_wconf 78' lang='grc' dir='ltr'><strong>δὲ</strong></span> <span class='ocrx_word' id='word_1_34' title='bbox 1550 633 1621 704; x_wconf 76' lang='grc' dir='ltr'>θνήτ’</span> 
     </span>
     <span class='ocr_line' id='line_1_4' title="bbox 32 684 1620 792; baseline 0.023 -52"><span class='ocrx_word' id='word_1_35' title='bbox 32 703 102 786; x_wconf 67' lang='grc' dir='ltr'>ςννντρ</span> <span class='ocrx_word' id='word_1_36' title='bbox 116 684 322 761; x_wconf 79' lang='grc' dir='ltr'>περιστέλλουσα</span> <span class='ocrx_word' id='word_1_37' title='bbox 331 690 447 765; x_wconf 82' lang='grc' dir='ltr'>χιτῶνιν</span> <span class='ocrx_word' id='word_1_38' title='bbox 463 691 509 748; x_wconf 78' lang='grc' dir='ltr'><strong>καί</strong></span> <span class='ocrx_word' id='word_1_39' title='bbox 519 692 742 772; x_wconf 81' lang='grc' dir='ltr'>μεταρπίσχουσει</span> <span class='ocrx_word' id='word_1_40' title='bbox 755 695 801 762; x_wconf 70' lang='grc' dir='ltr'>τὰς</span> <span class='ocrx_word' id='word_1_41' title='bbox 845 705 951 778; x_wconf 73' lang='lat' dir='ltr'><strong>lodoveo</strong></span> <span class='ocrx_word' id='word_1_42' title='bbox 969 703 1004 763; x_wconf 75' lang='grc' dir='ltr'>τὰ</span> <span class='ocrx_word' id='word_1_43' title='bbox 1026 706 1086 784; x_wconf 77' lang='grc' dir='ltr'>πρίν</span> <span class='ocrx_word' id='word_1_44' title='bbox 1107 708 1190 781; x_wconf 80' lang='grc' dir='ltr'>μόθον</span> <span class='ocrx_word' id='word_1_45' title='bbox 1207 709 1314 770; x_wconf 76' lang='grc' dir='ltr'>ἀθάνατ’</span> <span class='ocrx_word' id='word_1_46' title='bbox 1337 701 1415 769; x_wconf 84' lang='grc' dir='ltr'>ε’ίναι.</span> <span class='ocrx_word' id='word_1_47' title='bbox 1432 713 1505 772; x_wconf 89' lang='lat' dir='ltr'>Sunt</span> <span class='ocrx_word' id='word_1_48' title='bbox 1529 719 1620 792; x_wconf 82' lang='lat' dir='ltr'><strong>igitur</strong></span> 
     </span>
     <span class='ocr_line' id='line_1_5' title="bbox 32 769 1619 882; baseline 0.025 -58"><span class='ocrx_word' id='word_1_49' title='bbox 32 771 118 846; x_wconf 70' lang='grc' dir='ltr'>θνχας.</span> <span class='ocrx_word' id='word_1_50' title='bbox 144 769 243 846; x_wconf 84' lang='lat' dir='ltr'>Neque</span> <span class='ocrx_word' id='word_1_51' title='bbox 265 772 421 831; x_wconf 87' lang='lat' dir='ltr'><strong>obscurum</strong></span> <span class='ocrx_word' id='word_1_52' title='bbox 440 789 483 834; x_wconf 91' lang='lat' dir='ltr'><strong>est</strong></span> <span class='ocrx_word' id='word_1_53' title='bbox 507 778 591 853; x_wconf 92' lang='lat' dir='ltr'><strong>quod·</strong></span> <span class='ocrx_word' id='word_1_54' title='bbox 601 778 637 837; x_wconf 91' lang='lat' dir='ltr'><strong>de</strong></span> <span class='ocrx_word' id='word_1_55' title='bbox 661 799 696 837; x_wconf 89' lang='lat' dir='ltr'><strong>eo</strong></span> <span class='ocrx_word' id='word_1_56' title='bbox 715 783 802 842; x_wconf 81' lang='lat' dir='ltr'>tradit</span> <span class='ocrx_word' id='word_1_57' title='bbox 844 793 922 869; x_wconf 73' lang='grc' dir='ltr'>νεαρὰ</span> <span class='ocrx_word' id='word_1_58' title='bbox 945 791 1111 868; x_wconf 77' lang='lat' dir='ltr'><strong>Empedocli</strong></span> <span class='ocrx_word' id='word_1_59' title='bbox 1134 794 1267 854; x_wconf 88' lang='lat' dir='ltr'><strong>homiues</strong></span> <span class='ocrx_word' id='word_1_60' title='bbox 1292 797 1372 870; x_wconf 88' lang='lat' dir='ltr'><strong>vivi,</strong></span> <span class='ocrx_word' id='word_1_61' title='bbox 1394 803 1540 875; x_wconf 80' lang='lat' dir='ltr'><strong>mortales,</strong></span> <span class='ocrx_word' id='word_1_62' title='bbox 1559 825 1619 882; x_wconf 88' lang='lat' dir='ltr'><strong>quo</strong></span> 
     </span>
     <span class='ocr_line' id='line_1_6' title="bbox 33 856 1621 966; baseline 0.023 -53"><span class='ocrx_word' id='word_1_63' title='bbox 33 856 193 957; x_wconf 73' lang='lat' dir='ltr'><strong>Plutarchus</strong></span> <span class='ocrx_word' id='word_1_64' title='bbox 203 859 400 959; x_wconf 77' lang='lat' dir='ltr'><strong>deEsucarn.</strong></span> <span class='ocrx_word' id='word_1_65' title='bbox 415 862 442 920; x_wconf 92' lang='lat' dir='ltr'><strong>lt</strong></span> <span class='ocrx_word' id='word_1_66' title='bbox 454 885 482 941; x_wconf 87' lang='lat' dir='ltr'><strong>p.</strong></span> <span class='ocrx_word' id='word_1_67' title='bbox 498 867 557 940; x_wconf 89' lang='lat'><strong>998</strong></span> <span class='ocrx_word' id='word_1_68' title='bbox 570 868 639 941; x_wconf 79' lang='lat' dir='ltr'><strong>(vol.</strong></span> <span class='ocrx_word' id='word_1_69' title='bbox 651 867 685 939; x_wconf 86' lang='lat' dir='ltr'><strong>X,</strong></span> <span class='ocrx_word' id='word_1_70' title='bbox 699 889 729 945; x_wconf 87' lang='lat' dir='ltr'><strong>p.</strong></span> <span class='ocrx_word' id='word_1_71' title='bbox 746 880 799 939; x_wconf 79' lang='grc' dir='ltr'>ῐθίι</span> <span class='ocrx_word' id='word_1_72' title='bbox 844 895 929 938; x_wconf 87' lang='lat' dir='ltr'><strong>sensu</strong></span> <span class='ocrx_word' id='word_1_73' title='bbox 944 878 1013 936; x_wconf 83' lang='lat' dir='ltr'><strong>Euri</strong></span> <span class='ocrx_word' id='word_1_74' title='bbox 1037 880 1098 938; x_wconf 88' lang='lat' dir='ltr'><strong>ides</strong></span> <span class='ocrx_word' id='word_1_75' title='bbox 1115 883 1191 958; x_wconf 88' lang='lat' dir='ltr'><strong>opud</strong></span> <span class='ocrx_word' id='word_1_76' title='bbox 1208 882 1353 942; x_wconf 77' lang='lat' dir='ltr'><strong>Stobaeum</strong></span> <span class='ocrx_word' id='word_1_77' title='bbox 1368 884 1454 958; x_wconf 87' lang='lat' dir='ltr'>CXX,</span> <span class='ocrx_word' id='word_1_78' title='bbox 1474 891 1520 961; x_wconf 88' lang='lat'><strong>18,</strong></span> <span class='ocrx_word' id='word_1_79' title='bbox 1540 909 1621 966; x_wconf 83' lang='lat' dir='ltr'><strong>quae-</strong></span> 
     </span>
     <span class='ocr_line' id='line_1_7' title="bbox 32 900 1621 1050; baseline 0.023 -50"><span class='ocrx_word' id='word_1_80' title='bbox 32 943 67 1000; x_wconf 74' lang='lat' dir='ltr'><strong>od.</strong></span> <span class='ocrx_word' id='word_1_81' title='bbox 80 943 202 1024; x_wconf 56' lang='grc' dir='ltr'>θεολ).</span> <span class='ocrx_word' id='word_1_82' title='bbox 211 951 266 1004; x_wconf 85' lang='lat' dir='ltr'><strong>Hrc</strong></span> <span class='ocrx_word' id='word_1_83' title='bbox 276 951 365 1019; x_wconf 90' lang='lat' dir='ltr'><strong>enim,</strong></span> <span class='ocrx_word' id='word_1_84' title='bbox 376 948 444 1008; x_wconf 90' lang='lat' dir='ltr'><strong>licet</strong></span> <span class='ocrx_word' id='word_1_85' title='bbox 455 953 564 1010; x_wconf 88' lang='lat' dir='ltr'><strong>omisso</strong></span> <span class='ocrx_word' id='word_1_86' title='bbox 570 967 661 1030; x_wconf 77' lang='lat' dir='ltr'><strong>poetae</strong></span> <span class='ocrx_word' id='word_1_87' title='bbox 674 957 801 1029; x_wconf 86' lang='lat' dir='ltr'><strong>nomine,</strong></span> <span class='ocrx_word' id='word_1_88' title='bbox 845 963 899 1022; x_wconf 84' lang='lat' dir='ltr'><strong>rit:</strong></span> <span class='ocrx_word' id='word_1_89' title='bbox 915 964 953 1031; x_wconf 84' lang='grc' dir='ltr'>τίς</span> <span class='ocrx_word' id='word_1_90' title='bbox 963 966 985 1022; x_wconf 83' lang='grc' dir='ltr'><strong>δ’</strong></span> <span class='ocrx_word' id='word_1_91' title='bbox 999 900 1067 1023; x_wconf 72' lang='lat' dir='ltr'><strong>oddar</strong></span> <span class='ocrx_word' id='word_1_92' title='bbox 1081 967 1103 1023; x_wconf 84' lang='lat' dir='ltr'><strong>sl</strong></span> <span class='ocrx_word' id='word_1_93' title='bbox 1115 970 1161 1045; x_wconf 80' lang='grc' dir='ltr'>ζῇν</span> <span class='ocrx_word' id='word_1_94' title='bbox 1175 971 1243 1026; x_wconf 84' lang='grc' dir='ltr'>τοῦθ’</span> <span class='ocrx_word' id='word_1_95' title='bbox 1255 968 1269 1027; x_wconf 90' lang='grc' dir='ltr'>θ</span> <span class='ocrx_word' id='word_1_96' title='bbox 1283 970 1408 1040; x_wconf 85' lang='grc' dir='ltr'>νιείιληται</span> <span class='ocrx_word' id='word_1_97' title='bbox 1425 978 1520 1048; x_wconf 82' lang='grc' dir='ltr'>θανεῖν,</span> <span class='ocrx_word' id='word_1_98' title='bbox 1532 979 1561 1033; x_wconf 86' lang='grc' dir='ltr'>τὸ</span> <span class='ocrx_word' id='word_1_99' title='bbox 1575 981 1621 1050; x_wconf 80' lang='grc' dir='ltr'>ζῆν</span> 
     </span>
     <span class='ocr_line' id='line_1_8' title="bbox 33 1034 1622 1126; baseline 0.023 -39"><span class='ocrx_word' id='word_1_100' title='bbox 33 1034 80 1088; x_wconf 83' lang='lat' dir='ltr'><strong>tit:</strong></span> <span class='ocrx_word' id='word_1_101' title='bbox 94 1035 223 1092; x_wconf 76' lang='grc' dir='ltr'>ἀλλάσσει</span> <span class='ocrx_word' id='word_1_102' title='bbox 236 1034 370 1116; x_wconf 60' lang='lat' dir='ltr'><strong>diripuisse</strong></span> <span class='ocrx_word' id='word_1_103' title='bbox 381 1037 483 1096; x_wconf 77' lang='grc' dir='ltr'>ἅπαντα</span> <span class='ocrx_word' id='word_1_104' title='bbox 494 1039 691 1116; x_wconf 80' lang='grc' dir='ltr'>καὶμετοινιίζεε,</span> <span class='ocrx_word' id='word_1_105' title='bbox 706 1068 798 1122; x_wconf 76' lang='lat' dir='ltr'><strong>«cop-</strong></span> <span class='ocrx_word' id='word_1_106' title='bbox 844 1049 871 1108; x_wconf 83' lang='grc' dir='ltr'><strong>δί</strong></span> <span class='ocrx_word' id='word_1_107' title='bbox 879 1051 998 1121; x_wconf 72' lang='grc' dir='ltr'>θνήσκειν</span> <span class='ocrx_word' id='word_1_108' title='bbox 1007 1051 1077 1126; x_wconf 76' lang='grc' dir='ltr'>ἐστίς</span> <span class='ocrx_word' id='word_1_109' title='bbox 1089 1053 1123 1111; x_wconf 87' lang='lat' dir='ltr'><strong>ln</strong></span> <span class='ocrx_word' id='word_1_110' title='bbox 1134 1057 1263 1114; x_wconf 84' lang='lat' dir='ltr'><strong>eamdem</strong></span> <span class='ocrx_word' id='word_1_111' title='bbox 1278 1055 1446 1116; x_wconf 87' lang='lat' dir='ltr'><strong>sementiam</strong></span> <span class='ocrx_word' id='word_1_112' title='bbox 1459 1044 1622 1126; x_wconf 73' lang='lat' dir='ltr'><strong>lleraclitus</strong></span> 
     </span>
     <span class='ocr_line' id='line_1_9' title="bbox 32 1122 1622 1225; baseline 0.023 -50"><span class='ocrx_word' id='word_1_113' title='bbox 32 1124 74 1218; x_wconf 74' lang='grc' dir='ltr'><strong>εῶγ</strong></span> <span class='ocrx_word' id='word_1_114' title='bbox 96 1122 246 1196; x_wconf 73' lang='grc' dir='ltr'>ἀλλογνῶτι</span> <span class='ocrx_word' id='word_1_115' title='bbox 263 1149 276 1176; x_wconf 86' lang='grc' dir='ltr'>ν</span> <span class='ocrx_word' id='word_1_116' title='bbox 295 1124 354 1184; x_wconf 81' lang='grc' dir='ltr'>κτλ.</span> <span class='ocrx_word' id='word_1_117' title='bbox 376 1124 523 1184; x_wconf 83' lang='lat' dir='ltr'><strong>Plutarchi</strong></span> <span class='ocrx_word' id='word_1_118' title='bbox 548 1129 634 1186; x_wconf 88' lang='lat' dir='ltr'><strong>lectio</strong></span> <span class='ocrx_word' id='word_1_119' title='bbox 655 1131 801 1203; x_wconf 75' lang='grc' dir='ltr'>ἀλλογνῶτι</span> <span class='ocrx_word' id='word_1_120' title='bbox 845 1142 920 1216; x_wconf 87' lang='lat' dir='ltr'><strong>apud</strong></span> <span class='ocrx_word' id='word_1_121' title='bbox 940 1140 1098 1199; x_wconf 85' lang='lat' dir='ltr'><strong>Hieroclem</strong></span> <span class='ocrx_word' id='word_1_122' title='bbox 1117 1162 1182 1220; x_wconf 80' lang='lat' dir='ltr'><strong>pag.</strong></span> <span class='ocrx_word' id='word_1_123' title='bbox 1209 1153 1262 1212; x_wconf 73' lang='lat' dir='ltr'><strong>tta</strong></span> <span class='ocrx_word' id='word_1_124' title='bbox 1282 1147 1329 1203; x_wconf 91' lang='lat' dir='ltr'><strong>ed.</strong></span> <span class='ocrx_word' id='word_1_125' title='bbox 1351 1159 1460 1208; x_wconf 91' lang='lat' dir='ltr'><strong>nostr.:</strong></span> <span class='ocrx_word' id='word_1_126' title='bbox 1481 1152 1565 1225; x_wconf 82' lang='grc' dir='ltr'>ζῶμεν</span> <span class='ocrx_word' id='word_1_127' title='bbox 1578 1153 1622 1212; x_wconf 84' lang='grc' dir='ltr'><strong>τὸν</strong></span> 
     </span>
     <span class='ocr_line' id='line_1_10' title="bbox 31 1206 1623 1316; baseline 0.023 -54"><span class='ocrx_word' id='word_1_128' title='bbox 31 1206 159 1264; x_wconf 77' lang='lat' dir='ltr'><strong>tansiacit</strong></span> <span class='ocrx_word' id='word_1_129' title='bbox 178 1228 270 1286; x_wconf 79' lang='lat' dir='ltr'><strong>eaque</strong></span> <span class='ocrx_word' id='word_1_130' title='bbox 294 1211 470 1270; x_wconf 82' lang='lat' dir='ltr'><strong>restituenda</strong></span> <span class='ocrx_word' id='word_1_131' title='bbox 487 1212 602 1272; x_wconf 85' lang='lat' dir='ltr'><strong>Stobaeo</strong></span> <span class='ocrx_word' id='word_1_132' title='bbox 623 1217 701 1293; x_wconf 78' lang='lat' dir='ltr'><strong>apud</strong></span> <span class='ocrx_word' id='word_1_133' title='bbox 715 1237 800 1294; x_wconf 87' lang='lat' dir='ltr'><strong>quent</strong></span> <span class='ocrx_word' id='word_1_134' title='bbox 844 1227 950 1286; x_wconf 71' lang='grc' dir='ltr'>ἐκείνων</span> <span class='ocrx_word' id='word_1_135' title='bbox 964 1228 1084 1304; x_wconf 77' lang='grc' dir='ltr'>θάνατον,</span> <span class='ocrx_word' id='word_1_136' title='bbox 1100 1231 1260 1307; x_wconf 79' lang='grc' dir='ltr'>τεθνήκαμεν</span> <span class='ocrx_word' id='word_1_137' title='bbox 1270 1229 1298 1290; x_wconf 74' lang='lat' dir='ltr'><strong>dd</strong></span> <span class='ocrx_word' id='word_1_138' title='bbox 1313 1232 1471 1294; x_wconf 78' lang='grc' dir='ltr'>τθνίκείνων</span> <span class='ocrx_word' id='word_1_139' title='bbox 1486 1237 1551 1316; x_wconf 89' lang='grc' dir='ltr'>βίον.</span> <span class='ocrx_word' id='word_1_140' title='bbox 1565 1240 1623 1298; x_wconf 74' lang='lat' dir='ltr'><strong>hd·</strong></span> 
     </span>
     <span class='ocr_line' id='line_1_11' title="bbox 30 1294 1623 1398; baseline 0.017 -39"><span class='ocrx_word' id='word_1_141' title='bbox 30 1294 108 1392; x_wconf 59' lang='lat' dir='ltr'><strong>&#39;lllgo</strong></span> <span class='ocrx_word' id='word_1_142' title='bbox 131 1295 279 1372; x_wconf 62' lang='grc' dir='ltr'><strong>ἆλλὸγνωῐῑ</strong></span> <span class='ocrx_word' id='word_1_143' title='bbox 307 1297 439 1368; x_wconf 62' lang='lat' dir='ltr'><strong>habetur,</strong></span> <span class='ocrx_word' id='word_1_144' title='bbox 466 1302 599 1375; x_wconf 62' lang='lat' dir='ltr'><strong>quamlss</strong></span> <span class='ocrx_word' id='word_1_145' title='bbox 627 1301 801 1362; x_wconf 57' lang='lat' dir='ltr'><strong>membran&amp;</strong></span> <span class='ocrx_word' id='word_1_146' title='bbox 845 1316 888 1373; x_wconf 90' lang='lat' dir='ltr'><strong>dit</strong></span> <span class='ocrx_word' id='word_1_147' title='bbox 900 1316 1068 1376; x_wconf 80' lang='lat' dir='ltr'><strong>Hierocles:</strong></span> <span class='ocrx_word' id='word_1_148' title='bbox 1085 1317 1186 1375; x_wconf 85' lang='grc' dir='ltr'>νιείτεισι</span> <span class='ocrx_word' id='word_1_149' title='bbox 1197 1317 1248 1398; x_wconf 71' lang='grc' dir='ltr'><strong>γὰρ</strong></span> <span class='ocrx_word' id='word_1_150' title='bbox 1258 1319 1303 1377; x_wconf 82' lang='grc' dir='ltr'><strong>καλ</strong></span> <span class='ocrx_word' id='word_1_151' title='bbox 1311 1320 1454 1380; x_wconf 74' lang='grc' dir='ltr'>ἀποπίπτει</span> <span class='ocrx_word' id='word_1_152' title='bbox 1469 1327 1516 1395; x_wconf 80' lang='grc' dir='ltr'>τῆς</span> <span class='ocrx_word' id='word_1_153' title='bbox 1532 1327 1623 1386; x_wconf 70' lang='lat' dir='ltr'><strong>ettal-</strong></span> 
     </span>
     <span class='ocr_line' id='line_1_12' title="bbox 28 1383 1623 1490; baseline 0.022 -54"><span class='ocrx_word' id='word_1_154' title='bbox 28 1392 104 1438; x_wconf 81' lang='lat' dir='ltr'><strong>ruam</strong></span> <span class='ocrx_word' id='word_1_155' title='bbox 125 1396 298 1460; x_wconf 77' lang='lat' dir='ltr'><strong>corruptum</strong></span> <span class='ocrx_word' id='word_1_156' title='bbox 317 1383 491 1482; x_wconf 69' lang='lat' dir='ltr'><strong>uocabulum</strong></span> <span class='ocrx_word' id='word_1_157' title='bbox 516 1387 656 1465; x_wconf 81' lang='grc' dir='ltr'>ἄλλοεχῶτι</span> <span class='ocrx_word' id='word_1_158' title='bbox 674 1402 702 1446; x_wconf 90' lang='lat' dir='ltr'><strong>et</strong></span> <span class='ocrx_word' id='word_1_159' title='bbox 720 1391 801 1451; x_wconf 73' lang='grc' dir='ltr'>ἀλλο·</span> <span class='ocrx_word' id='word_1_160' title='bbox 845 1424 921 1476; x_wconf 75' lang='grc' dir='ltr'>μενος</span> <span class='ocrx_word' id='word_1_161' title='bbox 942 1401 1064 1482; x_wconf 82' lang='grc' dir='ltr'>χώραςθ</span> <span class='ocrx_word' id='word_1_162' title='bbox 1088 1403 1232 1481; x_wconf 79' lang='grc' dir='ltr'>ἄνθρωπος,</span> <span class='ocrx_word' id='word_1_163' title='bbox 1249 1407 1284 1471; x_wconf 84' lang='grc' dir='ltr'><strong>ὡς</strong></span> <span class='ocrx_word' id='word_1_164' title='bbox 1307 1405 1490 1482; x_wconf 80' lang='grc' dir='ltr'>Ἐμπεδοκλῆς</span> <span class='ocrx_word' id='word_1_165' title='bbox 1504 1435 1623 1490; x_wconf 85' lang='grc' dir='ltr'>φησιν-</span> 
     </span>
     <span class='ocr_line' id='line_1_13' title="bbox 26 1468 1621 1566; baseline 0.021 -41"><span class='ocrx_word' id='word_1_166' title='bbox 26 1469 97 1542; x_wconf 67' lang='lat' dir='ltr'><strong>pun</strong></span> <span class='ocrx_word' id='word_1_167' title='bbox 109 1468 280 1528; x_wconf 75' lang='lat' dir='ltr'><strong>exhibeant.</strong></span> <span class='ocrx_word' id='word_1_168' title='bbox 301 1470 375 1528; x_wconf 83' lang='lat' dir='ltr'><strong>llrnc</strong></span> <span class='ocrx_word' id='word_1_169' title='bbox 397 1472 585 1549; x_wconf 82' lang='lat' dir='ltr'><strong>conjecerunt</strong></span> <span class='ocrx_word' id='word_1_170' title='bbox 595 1476 712 1551; x_wconf 88' lang='lat' dir='ltr'><strong>quidem</strong></span> <span class='ocrx_word' id='word_1_171' title='bbox 729 1477 802 1536; x_wconf 84' lang='lat' dir='ltr'><strong>Hee·</strong></span> <span class='ocrx_word' id='word_1_172' title='bbox 845 1489 926 1566; x_wconf 71' lang='grc' dir='ltr'>φυγὰς</span> <span class='ocrx_word' id='word_1_173' title='bbox 942 1489 1027 1548; x_wconf 80' lang='grc' dir='ltr'>θεόθεν</span> <span class='ocrx_word' id='word_1_174' title='bbox 1041 1492 1101 1550; x_wconf 75' lang='grc' dir='ltr'>κτλ.</span> <span class='ocrx_word' id='word_1_175' title='bbox 1116 1491 1193 1560; x_wconf 84' lang='lat' dir='ltr'><strong>Quid</strong></span> <span class='ocrx_word' id='word_1_176' title='bbox 1207 1504 1301 1550; x_wconf 83' lang='lat' dir='ltr'><strong>autem</strong></span> <span class='ocrx_word' id='word_1_177' title='bbox 1316 1493 1373 1552; x_wconf 89' lang='lat' dir='ltr'><strong>sibi</strong></span> <span class='ocrx_word' id='word_1_178' title='bbox 1389 1497 1460 1554; x_wconf 86' lang='lat' dir='ltr'><strong>velit</strong></span> <span class='ocrx_word' id='word_1_179' title='bbox 1474 1498 1548 1556; x_wconf 87' lang='lat' dir='ltr'><strong>illud</strong></span> <span class='ocrx_word' id='word_1_180' title='bbox 1559 1499 1621 1559; x_wconf 72' lang='grc' dir='ltr'>εἶδε*</span> 
     </span>
     <span class='ocr_line' id='line_1_14' title="bbox 25 1555 1622 1664; baseline 0.023 -55"><span class='ocrx_word' id='word_1_181' title='bbox 25 1555 321 1634; x_wconf 73' lang='grc' dir='ltr'>νειιίυεᾶλλιινχρῶτι,</span> <span class='ocrx_word' id='word_1_182' title='bbox 338 1559 582 1620; x_wconf 85' lang='lat' dir='ltr'><strong>lVaheheldiusin</strong></span> <span class='ocrx_word' id='word_1_183' title='bbox 605 1560 731 1622; x_wconf 87' lang='lat' dir='ltr'><strong>Lucretii</strong></span> <span class='ocrx_word' id='word_1_184' title='bbox 746 1565 799 1625; x_wconf 91' lang='lat' dir='ltr'><strong>lib.</strong></span> <span class='ocrx_word' id='word_1_185' title='bbox 845 1574 962 1651; x_wconf 76' lang='grc' dir='ltr'>ἅμείόιον</span> <span class='ocrx_word' id='word_1_186' title='bbox 972 1576 1180 1635; x_wconf 86' lang='lat' dir='ltr'><strong>declaratidem</strong></span> <span class='ocrx_word' id='word_1_187' title='bbox 1192 1578 1341 1638; x_wconf 87' lang='lat' dir='ltr'><strong>llierocles</strong></span> <span class='ocrx_word' id='word_1_188' title='bbox 1350 1601 1380 1658; x_wconf 92' lang='lat' dir='ltr'><strong>p.</strong></span> <span class='ocrx_word' id='word_1_189' title='bbox 1397 1585 1471 1658; x_wconf 35' lang='lat'><strong>143⁶:</strong></span> <span class='ocrx_word' id='word_1_190' title='bbox 1483 1583 1520 1644; x_wconf 80' lang='lat' dir='ltr'><strong>‘fl</strong></span> <span class='ocrx_word' id='word_1_191' title='bbox 1531 1587 1622 1664; x_wconf 77' lang='grc' dir='ltr'>δὲίρε·</span> 
     </span>
     <span class='ocr_line' id='line_1_15' title="bbox 23 1639 1624 1749; baseline 0.021 -52"><span class='ocrx_word' id='word_1_192' title='bbox 23 1639 71 1710; x_wconf 86' lang='lat' dir='ltr'><strong>lll‚</strong></span> <span class='ocrx_word' id='word_1_193' title='bbox 88 1645 145 1700; x_wconf 83' lang='lat'><strong>613</strong></span> <span class='ocrx_word' id='word_1_194' title='bbox 163 1656 194 1701; x_wconf 90' lang='lat' dir='ltr'><strong>et</strong></span> <span class='ocrx_word' id='word_1_195' title='bbox 209 1644 258 1728; x_wconf 65' lang='grc' dir='ltr'><strong>Ν,</strong></span> <span class='ocrx_word' id='word_1_196' title='bbox 278 1647 314 1702; x_wconf 82' lang='grc'><strong>56</strong></span> <span class='ocrx_word' id='word_1_197' title='bbox 334 1647 498 1724; x_wconf 80' lang='grc' dir='ltr'>ἀλλοχρῶτι,</span> <span class='ocrx_word' id='word_1_198' title='bbox 522 1649 689 1710; x_wconf 79' lang='lat' dir='ltr'><strong>Karstenius</strong></span> <span class='ocrx_word' id='word_1_199' title='bbox 702 1655 801 1712; x_wconf 83' lang='grc' dir='ltr'>ἀλλοιό-</span> <span class='ocrx_word' id='word_1_200' title='bbox 845 1685 884 1728; x_wconf 85' lang='grc' dir='ltr'>σις</span> <span class='ocrx_word' id='word_1_201' title='bbox 897 1666 943 1718; x_wconf 78' lang='grc' dir='ltr'>τοῦ</span> <span class='ocrx_word' id='word_1_202' title='bbox 954 1659 1090 1740; x_wconf 77' lang='grc' dir='ltr'>φεύγοντος</span> <span class='ocrx_word' id='word_1_203' title='bbox 1103 1663 1148 1721; x_wconf 77' lang='grc' dir='ltr'><strong>τὸν</strong></span> <span class='ocrx_word' id='word_1_204' title='bbox 1162 1669 1208 1735; x_wconf 80' lang='grc' dir='ltr'>τῆς</span> <span class='ocrx_word' id='word_1_205' title='bbox 1223 1660 1302 1735; x_wconf 84' lang='grc' dir='ltr'><strong>Ἄτης</strong></span> <span class='ocrx_word' id='word_1_206' title='bbox 1314 1667 1430 1743; x_wconf 84' lang='grc' dir='ltr'>λειμῶνα</span> <span class='ocrx_word' id='word_1_207' title='bbox 1445 1670 1624 1749; x_wconf 64' lang='lat' dir='ltr'><strong>ephesios-11⁰(</strong></span> 
     </span>
     <span class='ocr_line' id='line_1_16' title="bbox 21 1731 1623 1836; baseline 0.022 -53"><span class='ocrx_word' id='word_1_208' title='bbox 21 1750 99 1803; x_wconf 80' lang='grc' dir='ltr'>γρυντι</span> <span class='ocrx_word' id='word_1_209' title='bbox 114 1731 160 1788; x_wconf 78' lang='lat' dir='ltr'><strong>vel</strong></span> <span class='ocrx_word' id='word_1_210' title='bbox 178 1733 336 1809; x_wconf 78' lang='grc' dir='ltr'>αίολόχρυτι</span> <span class='ocrx_word' id='word_1_211' title='bbox 354 1733 463 1810; x_wconf 85' lang='lat' dir='ltr'><strong>quibus</strong></span> <span class='ocrx_word' id='word_1_212' title='bbox 483 1735 557 1794; x_wconf 87' lang='lat' dir='ltr'><strong>adde</strong></span> <span class='ocrx_word' id='word_1_213' title='bbox 575 1735 750 1797; x_wconf 85' lang='lat' dir='ltr'><strong>Loheckium</strong></span> <span class='ocrx_word' id='word_1_214' title='bbox 764 1741 800 1800; x_wconf 91' lang='lat' dir='ltr'><strong>ad</strong></span> <span class='ocrx_word' id='word_1_215' title='bbox 845 1747 965 1819; x_wconf 78' lang='grc' dir='ltr'>ἀληθείας</span> <span class='ocrx_word' id='word_1_216' title='bbox 979 1748 1109 1823; x_wconf 82' lang='grc' dir='ltr'>ίπείγεται</span> <span class='ocrx_word' id='word_1_217' title='bbox 1118 1751 1243 1826; x_wconf 84' lang='grc' dir='ltr'>λειμῶνα·</span> <span class='ocrx_word' id='word_1_218' title='bbox 1257 1749 1286 1809; x_wconf 87' lang='grc' dir='ltr'>θν</span> <span class='ocrx_word' id='word_1_219' title='bbox 1294 1753 1441 1828; x_wconf 79' lang='grc' dir='ltr'>ἀπολιπών,</span> <span class='ocrx_word' id='word_1_220' title='bbox 1454 1761 1486 1833; x_wconf 87' lang='grc' dir='ltr'>τῇ</span> <span class='ocrx_word' id='word_1_221' title='bbox 1498 1762 1567 1836; x_wconf 70' lang='lat' dir='ltr'><strong>oppii</strong></span> <span class='ocrx_word' id='word_1_222' title='bbox 1578 1764 1623 1829; x_wconf 76' lang='grc' dir='ltr'>τῆς</span> 
     </span>
     <span class='ocr_line' id='line_1_17' title="bbox 19 1814 1623 1915; baseline 0.019 -43"><span class='ocrx_word' id='word_1_223' title='bbox 19 1814 131 1893; x_wconf 76' lang='lat' dir='ltr'><strong>Plrryn.</strong></span> <span class='ocrx_word' id='word_1_224' title='bbox 154 1838 186 1894; x_wconf 91' lang='lat' dir='ltr'><strong>p.</strong></span> <span class='ocrx_word' id='word_1_225' title='bbox 203 1820 261 1891; x_wconf 86' lang='lat'><strong>607</strong></span> <span class='ocrx_word' id='word_1_226' title='bbox 277 1833 305 1877; x_wconf 91' lang='lat' dir='ltr'><strong>et</strong></span> <span class='ocrx_word' id='word_1_227' title='bbox 325 1820 453 1899; x_wconf 89' lang='lat' dir='ltr'><strong>Paralip.</strong></span> <span class='ocrx_word' id='word_1_228' title='bbox 471 1841 500 1900; x_wconf 91' lang='lat' dir='ltr'><strong>p.</strong></span> <span class='ocrx_word' id='word_1_229' title='bbox 525 1827 583 1882; x_wconf 81' lang='lat'><strong>260</strong></span> <span class='ocrx_word' id='word_1_230' title='bbox 596 1827 678 1883; x_wconf 84' lang='lat' dir='ltr'><strong>varia</strong></span> <span class='ocrx_word' id='word_1_231' title='bbox 689 1847 800 1905; x_wconf 86' lang='lat' dir='ltr'><strong>propo·</strong></span> <span class='ocrx_word' id='word_1_232' title='bbox 844 1833 1056 1914; x_wconf 78' lang='grc' dir='ltr'>πειροῤῥυήσεως</span> <span class='ocrx_word' id='word_1_233' title='bbox 1068 1836 1103 1901; x_wconf 79' lang='grc' dir='ltr'><strong>εἰς</strong></span> <span class='ocrx_word' id='word_1_234' title='bbox 1111 1835 1198 1912; x_wconf 82' lang='grc' dir='ltr'>γήινον</span> <span class='ocrx_word' id='word_1_235' title='bbox 1209 1837 1314 1915; x_wconf 76' lang='grc' dir='ltr'>ἔρχεται</span> <span class='ocrx_word' id='word_1_236' title='bbox 1326 1840 1404 1914; x_wconf 80' lang='grc' dir='ltr'>σῶμα</span> <span class='ocrx_word' id='word_1_237' title='bbox 1414 1839 1503 1899; x_wconf 78' lang='grc' dir='ltr'>όλὸίου</span> <span class='ocrx_word' id='word_1_238' title='bbox 1514 1825 1623 1902; x_wconf 74' lang='grc' dir='ltr'>-ἀίῶ-</span> 
     </span>
     <span class='ocr_line' id='line_1_18' title="bbox 18 1905 1622 2000; baseline 0.018 -40"><span class='ocrx_word' id='word_1_239' title='bbox 18 1918 143 1976; x_wconf 89' lang='lat' dir='ltr'><strong>nentem,</strong></span> <span class='ocrx_word' id='word_1_240' title='bbox 161 1905 215 1963; x_wconf 86' lang='lat' dir='ltr'><strong>sed</strong></span> <span class='ocrx_word' id='word_1_241' title='bbox 233 1906 305 1964; x_wconf 91' lang='lat' dir='ltr'><strong>mihi</strong></span> <span class='ocrx_word' id='word_1_242' title='bbox 324 1907 471 1966; x_wconf 84' lang='lat' dir='ltr'><strong>Plutarchi</strong></span> <span class='ocrx_word' id='word_1_243' title='bbox 494 1909 638 1987; x_wconf 88' lang='lat' dir='ltr'><strong>scriptura</strong></span> <span class='ocrx_word' id='word_1_244' title='bbox 651 1933 738 1989; x_wconf 84' lang='lat' dir='ltr'><strong>quam</strong></span> <span class='ocrx_word' id='word_1_245' title='bbox 755 1935 801 1973; x_wconf 87' lang='lat' dir='ltr'><strong>co·</strong></span> <span class='ocrx_word' id='word_1_246' title='bbox 844 1945 885 1990; x_wconf 82' lang='grc' dir='ltr'>νος</span> <span class='ocrx_word' id='word_1_247' title='bbox 901 1921 1031 2000; x_wconf 82' lang='grc' dir='ltr'>εἰμερθείς.</span> <span class='ocrx_word' id='word_1_248' title='bbox 1049 1921 1125 1997; x_wconf 80' lang='lat' dir='ltr'><strong>Ergo</strong></span> <span class='ocrx_word' id='word_1_249' title='bbox 1134 1923 1225 1982; x_wconf 86' lang='lat' dir='ltr'><strong>alatus</strong></span> <span class='ocrx_word' id='word_1_250' title='bbox 1239 1925 1310 1982; x_wconf 90' lang='lat' dir='ltr'><strong>olim</strong></span> <span class='ocrx_word' id='word_1_251' title='bbox 1325 1927 1428 2000; x_wconf 75' lang='lat' dir='ltr'><strong>genius</strong></span> <span class='ocrx_word' id='word_1_252' title='bbox 1442 1929 1495 1986; x_wconf 87' lang='lat' dir='ltr'><strong>alis</strong></span> <span class='ocrx_word' id='word_1_253' title='bbox 1507 1931 1622 1990; x_wconf 89' lang='lat' dir='ltr'><strong>amissis</strong></span> 
     </span>
     <span class='ocr_line' id='line_1_19' title="bbox 18 1993 1623 2086; baseline 0.014 -33"><span class='ocrx_word' id='word_1_254' title='bbox 18 1993 112 2049; x_wconf 81' lang='lat' dir='ltr'><strong>dicum</strong></span> <span class='ocrx_word' id='word_1_255' title='bbox 135 2012 299 2050; x_wconf 65' lang='lat' dir='ltr'><strong>consensus</strong></span> <span class='ocrx_word' id='word_1_256' title='bbox 313 2007 341 2052; x_wconf 77' lang='lat' dir='ltr'><strong>et</strong></span> <span class='ocrx_word' id='word_1_257' title='bbox 352 1997 499 2054; x_wconf 61' lang='lat' dir='ltr'><strong>sententia*</strong></span> <span class='ocrx_word' id='word_1_258' title='bbox 515 1999 705 2075; x_wconf 70' lang='lat' dir='ltr'><strong>perspicuitas</strong></span> <span class='ocrx_word' id='word_1_259' title='bbox 722 2022 800 2060; x_wconf 76' lang='lat' dir='ltr'><strong>com·</strong></span> <span class='ocrx_word' id='word_1_260' title='bbox 844 2011 875 2068; x_wconf 91' lang='lat' dir='ltr'><strong>in</strong></span> <span class='ocrx_word' id='word_1_261' title='bbox 892 2011 1012 2068; x_wconf 83' lang='lat' dir='ltr'><strong>mortale</strong></span> <span class='ocrx_word' id='word_1_262' title='bbox 1025 2029 1132 2086; x_wconf 84' lang='lat' dir='ltr'><strong>corpus</strong></span> <span class='ocrx_word' id='word_1_263' title='bbox 1143 2012 1256 2072; x_wconf 81' lang='lat' dir='ltr'><strong>transit.</strong></span> <span class='ocrx_word' id='word_1_264' title='bbox 1273 2016 1335 2070; x_wconf 89' lang='lat' dir='ltr'><strong>lloc</strong></span> <span class='ocrx_word' id='word_1_265' title='bbox 1351 2033 1420 2071; x_wconf 87' lang='lat' dir='ltr'><strong>vero</strong></span> <span class='ocrx_word' id='word_1_266' title='bbox 1434 2014 1483 2072; x_wconf 88' lang='lat' dir='ltr'><strong>fati</strong></span> <span class='ocrx_word' id='word_1_267' title='bbox 1499 2019 1623 2075; x_wconf 88' lang='lat' dir='ltr'><strong>necessi-</strong></span> 
     </span>
     <span class='ocr_line' id='line_1_20' title="bbox 19 2079 1621 2177; baseline 0.021 -45"><span class='ocrx_word' id='word_1_268' title='bbox 19 2079 153 2136; x_wconf 87' lang='lat' dir='ltr'><strong>mendant</strong></span> <span class='ocrx_word' id='word_1_269' title='bbox 176 2081 323 2138; x_wconf 86' lang='lat' dir='ltr'><strong>servanda</strong></span> <span class='ocrx_word' id='word_1_270' title='bbox 342 2083 465 2140; x_wconf 85' lang='lat' dir='ltr'><strong>videtur.</strong></span> <span class='ocrx_word' id='word_1_271' title='bbox 480 2082 625 2144; x_wconf 89' lang='lat' dir='ltr'><strong>Nimirum</strong></span> <span class='ocrx_word' id='word_1_272' title='bbox 644 2086 800 2148; x_wconf 86' lang='lat' dir='ltr'><strong>Plutarcho</strong></span> <span class='ocrx_word' id='word_1_273' title='bbox 845 2110 901 2156; x_wconf 88' lang='lat' dir='ltr'><strong>tate</strong></span> <span class='ocrx_word' id='word_1_274' title='bbox 925 2098 999 2172; x_wconf 89' lang='lat' dir='ltr'><strong>lieri,</strong></span> <span class='ocrx_word' id='word_1_275' title='bbox 1024 2097 1111 2156; x_wconf 90' lang='lat' dir='ltr'><strong>initio</strong></span> <span class='ocrx_word' id='word_1_276' title='bbox 1134 2099 1271 2158; x_wconf 80' lang='lat' dir='ltr'><strong>carminis</strong></span> <span class='ocrx_word' id='word_1_277' title='bbox 1296 2100 1483 2177; x_wconf 87' lang='lat' dir='ltr'><strong>Empedocles</strong></span> <span class='ocrx_word' id='word_1_278' title='bbox 1505 2106 1621 2166; x_wconf 90' lang='lat' dir='ltr'><strong>cecinit.</strong></span> 
     </span>
    </p>
   </div>
   <div class='ocr_carea' id='block_1_4' title="bbox 11 2165 1713 5208">
    <p class='ocr_par' dir='ltr' id='par_1_4' title="bbox 27 2165 1621 2262">
     <span class='ocr_line' id='line_1_21' title="bbox 27 2165 1621 2262; baseline 0.013 -41"><span class='ocrx_word' id='word_1_279' title='bbox 27 2165 230 2242; x_wconf 81' lang='lat' dir='ltr'><strong>etPorphyrio</strong></span> <span class='ocrx_word' id='word_1_280' title='bbox 241 2167 363 2228; x_wconf 89' lang='lat' dir='ltr'><strong>testibus</strong></span> <span class='ocrx_word' id='word_1_281' title='bbox 379 2169 565 2246; x_wconf 89' lang='lat' dir='ltr'><strong>Empedocles</strong></span> <span class='ocrx_word' id='word_1_282' title='bbox 580 2173 656 2230; x_wconf 80' lang='lat' dir='ltr'><strong>dixit</strong></span> <span class='ocrx_word' id='word_1_283' title='bbox 668 2188 799 2235; x_wconf 82' lang='lat' dir='ltr'><strong>naturam</strong></span> <span class='ocrx_word' id='word_1_284' title='bbox 843 2185 913 2253; x_wconf 85' lang='lat' dir='ltr'><strong>Quae</strong></span> <span class='ocrx_word' id='word_1_285' title='bbox 937 2203 1025 2262; x_wconf 89' lang='lat' dir='ltr'><strong>quum</strong></span> <span class='ocrx_word' id='word_1_286' title='bbox 1048 2185 1089 2242; x_wconf 86' lang='lat' dir='ltr'><strong>ita</strong></span> <span class='ocrx_word' id='word_1_287' title='bbox 1107 2185 1177 2257; x_wconf 87' lang='lat' dir='ltr'><strong>sint,</strong></span> <span class='ocrx_word' id='word_1_288' title='bbox 1193 2185 1293 2262; x_wconf 84' lang='grc' dir='ltr'>πότμος</span> <span class='ocrx_word' id='word_1_289' title='bbox 1307 2185 1537 2246; x_wconf 82' lang='lat' dir='ltr'><strong>subaudiendum</strong></span> <span class='ocrx_word' id='word_1_290' title='bbox 1559 2209 1621 2250; x_wconf 77' lang='lat' dir='ltr'><strong>esse</strong></span> 
     </span>
    </p>

    <p class='ocr_par' dir='ltr' id='par_1_5' title="bbox 31 2253 1470 2338">
     <span class='ocr_line' id='line_1_22' title="bbox 31 2253 1470 2338; baseline 0.013 -31"><span class='ocrx_word' id='word_1_291' title='bbox 31 2253 167 2310; x_wconf 83' lang='lat' dir='ltr'><strong>etlatalem</strong></span> <span class='ocrx_word' id='word_1_292' title='bbox 182 2255 376 2312; x_wconf 86' lang='lat' dir='ltr'><strong>necessitatem</strong></span> <span class='ocrx_word' id='word_1_293' title='bbox 386 2258 603 2318; x_wconf 86' lang='lat' dir='ltr'><strong>omniamutare</strong></span> <span class='ocrx_word' id='word_1_294' title='bbox 612 2263 801 2322; x_wconf 87' lang='lat' dir='ltr'><strong>ettransserre</strong></span> <span class='ocrx_word' id='word_1_295' title='bbox 843 2271 917 2332; x_wconf 75' lang='lat' dir='ltr'><strong>dixi,</strong></span> <span class='ocrx_word' id='word_1_296' title='bbox 1466 2329 1470 2338; x_wconf 64' lang='grc'>,</span> 
     </span>
    </p>

    <p class='ocr_par' dir='ltr' id='par_1_6' title="bbox 30 2339 1622 2436">
     <span class='ocr_line' id='line_1_23' title="bbox 30 2339 1622 2436; baseline 0.018 -42"><span class='ocrx_word' id='word_1_297' title='bbox 30 2339 112 2396; x_wconf 84' lang='lat' dir='ltr'><strong>alieno</strong></span> <span class='ocrx_word' id='word_1_298' title='bbox 133 2341 237 2398; x_wconf 87' lang='lat' dir='ltr'><strong>carnis</strong></span> <span class='ocrx_word' id='word_1_299' title='bbox 256 2343 399 2401; x_wconf 85' lang='lat' dir='ltr'><strong>velantem</strong></span> <span class='ocrx_word' id='word_1_300' title='bbox 428 2345 544 2402; x_wconf 84' lang='lat' dir='ltr'><strong>amictu.</strong></span> <span class='ocrx_word' id='word_1_301' title='bbox 576 2344 797 2423; x_wconf 81' lang='lat' dir='ltr'><strong>intelligendum</strong></span> <span class='ocrx_word' id='word_1_302' title='bbox 882 2351 1622 2436; x_wconf 59' lang='lat' dir='ltr'><strong>uss.417-426mtttmls-ltspn]ttosversns</strong></span> 
     </span>
    </p>

    <p class='ocr_par' dir='ltr' id='par_1_7' title="bbox 30 2425 1623 2526">
     <span class='ocr_line' id='line_1_24' title="bbox 30 2425 1623 2526; baseline 0.018 -46"><span class='ocrx_word' id='word_1_303' title='bbox 30 2425 74 2482; x_wconf 92' lang='lat' dir='ltr'><strong>hoc</strong></span> <span class='ocrx_word' id='word_1_304' title='bbox 95 2439 152 2484; x_wconf 83' lang='lat' dir='ltr'><strong>tam</strong></span> <span class='ocrx_word' id='word_1_305' title='bbox 177 2428 215 2486; x_wconf 88' lang='lat' dir='ltr'><strong>de</strong></span> <span class='ocrx_word' id='word_1_306' title='bbox 242 2428 392 2487; x_wconf 89' lang='lat' dir='ltr'><strong>hominum</strong></span> <span class='ocrx_word' id='word_1_307' title='bbox 414 2451 499 2507; x_wconf 86' lang='lat' dir='ltr'><strong>quam</strong></span> <span class='ocrx_word' id='word_1_308' title='bbox 522 2431 678 2492; x_wconf 89' lang='lat' dir='ltr'><strong>bestiarum</strong></span> <span class='ocrx_word' id='word_1_309' title='bbox 696 2438 800 2497; x_wconf 87' lang='lat' dir='ltr'><strong>animis</strong></span> <span class='ocrx_word' id='word_1_310' title='bbox 843 2446 941 2504; x_wconf 90' lang='lat' dir='ltr'><strong>laudat</strong></span> <span class='ocrx_word' id='word_1_311' title='bbox 952 2445 1134 2522; x_wconf 89' lang='lat' dir='ltr'><strong>Porphyrius</strong></span> <span class='ocrx_word' id='word_1_312' title='bbox 1144 2445 1180 2502; x_wconf 92' lang='lat' dir='ltr'><strong>de</strong></span> <span class='ocrx_word' id='word_1_313' title='bbox 1192 2443 1305 2505; x_wconf 80' lang='lat' dir='ltr'><strong>hhstin.</strong></span> <span class='ocrx_word' id='word_1_314' title='bbox 1320 2445 1404 2516; x_wconf 85' lang='lat' dir='ltr'><strong>ll,ar</strong></span> <span class='ocrx_word' id='word_1_315' title='bbox 1420 2460 1448 2505; x_wconf 91' lang='lat' dir='ltr'><strong>et</strong></span> <span class='ocrx_word' id='word_1_316' title='bbox 1460 2469 1508 2520; x_wconf 77' lang='lat'><strong>27,</strong></span> <span class='ocrx_word' id='word_1_317' title='bbox 1522 2451 1623 2526; x_wconf 88' lang='lat' dir='ltr'><strong>priore</strong></span> 
     </span>
    </p>

    <p class='ocr_par' dir='ltr' id='par_1_8' title="bbox 28 2515 1623 2789">
     <span class='ocr_line' id='line_1_25' title="bbox 30 2515 1623 2612; baseline 0.018 -45"><span class='ocrx_word' id='word_1_318' title='bbox 30 2527 103 2588; x_wconf 86' lang='lat' dir='ltr'><strong>prout</strong></span> <span class='ocrx_word' id='word_1_319' title='bbox 115 2515 194 2570; x_wconf 89' lang='lat' dir='ltr'><strong>ratio</strong></span> <span class='ocrx_word' id='word_1_320' title='bbox 206 2515 261 2572; x_wconf 84' lang='lat' dir='ltr'><strong>lert</strong></span> <span class='ocrx_word' id='word_1_321' title='bbox 273 2515 330 2573; x_wconf 87' lang='lat' dir='ltr'><strong>alia</strong></span> <span class='ocrx_word' id='word_1_322' title='bbox 339 2529 424 2592; x_wconf 88' lang='lat' dir='ltr'><strong>atque</strong></span> <span class='ocrx_word' id='word_1_323' title='bbox 434 2517 491 2575; x_wconf 88' lang='lat' dir='ltr'><strong>alia</strong></span> <span class='ocrx_word' id='word_1_324' title='bbox 502 2539 624 2596; x_wconf 86' lang='lat' dir='ltr'><strong>corpora</strong></span> <span class='ocrx_word' id='word_1_325' title='bbox 634 2521 799 2596; x_wconf 78' lang='lat' dir='ltr'><strong>ingredien·</strong></span> <span class='ocrx_word' id='word_1_326' title='bbox 844 2531 908 2588; x_wconf 91' lang='lat' dir='ltr'><strong>loco</strong></span> <span class='ocrx_word' id='word_1_327' title='bbox 925 2531 1062 2607; x_wconf 87' lang='lat' dir='ltr'><strong>usquead</strong></span> <span class='ocrx_word' id='word_1_328' title='bbox 1076 2550 1119 2588; x_wconf 89' lang='lat' dir='ltr'><strong>vs.</strong></span> <span class='ocrx_word' id='word_1_329' title='bbox 1131 2537 1185 2598; x_wconf 69' lang='lat' dir='ltr'><strong>tal.</strong></span> <span class='ocrx_word' id='word_1_330' title='bbox 1197 2529 1444 2609; x_wconf 79' lang='grc' dir='ltr'>ταύρων-βωμός,</span> <span class='ocrx_word' id='word_1_331' title='bbox 1461 2538 1623 2612; x_wconf 85' lang='lat' dir='ltr'><strong>posteriore</strong></span> 
     </span>
     <span class='ocr_line' id='line_1_26' title="bbox 30 2599 1621 2693; baseline 0.018 -39"><span class='ocrx_word' id='word_1_332' title='bbox 30 2599 100 2656; x_wconf 80' lang='lat' dir='ltr'><strong>tibus</strong></span> <span class='ocrx_word' id='word_1_333' title='bbox 111 2600 179 2668; x_wconf 85' lang='lat' dir='ltr'><strong>Qua</strong></span> <span class='ocrx_word' id='word_1_334' title='bbox 194 2601 226 2658; x_wconf 91' lang='lat' dir='ltr'><strong>in</strong></span> <span class='ocrx_word' id='word_1_335' title='bbox 242 2621 273 2658; x_wconf 86' lang='lat' dir='ltr'><strong>re</strong></span> <span class='ocrx_word' id='word_1_336' title='bbox 284 2621 367 2659; x_wconf 90' lang='lat' dir='ltr'><strong>nemo</strong></span> <span class='ocrx_word' id='word_1_337' title='bbox 387 2603 540 2662; x_wconf 86' lang='lat' dir='ltr'><strong>mirabitur</strong></span> <span class='ocrx_word' id='word_1_338' title='bbox 557 2607 645 2665; x_wconf 87' lang='lat' dir='ltr'><strong>vestis</strong></span> <span class='ocrx_word' id='word_1_339' title='bbox 663 2609 799 2669; x_wconf 88' lang='lat' dir='ltr'><strong>similitu·</strong></span> <span class='ocrx_word' id='word_1_340' title='bbox 844 2617 911 2675; x_wconf 90' lang='lat' dir='ltr'><strong>inde</strong></span> <span class='ocrx_word' id='word_1_341' title='bbox 924 2617 961 2675; x_wconf 88' lang='lat' dir='ltr'><strong>ab</strong></span> <span class='ocrx_word' id='word_1_342' title='bbox 976 2618 1031 2674; x_wconf 90' lang='lat' dir='ltr'><strong>hoc</strong></span> <span class='ocrx_word' id='word_1_343' title='bbox 1043 2636 1129 2674; x_wconf 90' lang='lat' dir='ltr'><strong>versu</strong></span> <span class='ocrx_word' id='word_1_344' title='bbox 1143 2636 1235 2692; x_wconf 89' lang='lat' dir='ltr'><strong>usque</strong></span> <span class='ocrx_word' id='word_1_345' title='bbox 1250 2617 1285 2674; x_wconf 86' lang='lat' dir='ltr'><strong>ad</strong></span> <span class='ocrx_word' id='word_1_346' title='bbox 1296 2616 1346 2688; x_wconf 79' lang='grc' dir='ltr'><strong>ἠόα</strong></span> <span class='ocrx_word' id='word_1_347' title='bbox 1363 2622 1424 2693; x_wconf 86' lang='grc' dir='ltr'>γυῖα</span> <span class='ocrx_word' id='word_1_348' title='bbox 1436 2621 1542 2680; x_wconf 84' lang='lat' dir='ltr'><strong>additis</strong></span> <span class='ocrx_word' id='word_1_349' title='bbox 1553 2643 1621 2682; x_wconf 84' lang='lat' dir='ltr'><strong>ver·-</strong></span> 
     </span>
     <span class='ocr_line' id='line_1_27' title="bbox 28 2687 1622 2789; baseline 0.018 -48"><span class='ocrx_word' id='word_1_350' title='bbox 28 2687 112 2742; x_wconf 84' lang='lat' dir='ltr'><strong>dlnern</strong></span> <span class='ocrx_word' id='word_1_351' title='bbox 128 2687 319 2764; x_wconf 81' lang='lat' dir='ltr'><strong>Empedoclis</strong></span> <span class='ocrx_word' id='word_1_352' title='bbox 341 2689 460 2748; x_wconf 83' lang='lat' dir='ltr'><strong>sortasse</strong></span> <span class='ocrx_word' id='word_1_353' title='bbox 480 2693 612 2768; x_wconf 83' lang='lat' dir='ltr'><strong>exemplo</strong></span> <span class='ocrx_word' id='word_1_354' title='bbox 633 2713 649 2750; x_wconf 89' lang='lat' dir='ltr'><strong>a</strong></span> <span class='ocrx_word' id='word_1_355' title='bbox 666 2693 799 2756; x_wconf 80' lang='lat' dir='ltr'><strong>Lucretio</strong></span> <span class='ocrx_word' id='word_1_356' title='bbox 843 2703 890 2762; x_wconf 88' lang='lat' dir='ltr'><strong>bis</strong></span> <span class='ocrx_word' id='word_1_357' title='bbox 903 2727 910 2760; x_wconf 95' lang='lat'><strong>:</strong></span> <span class='ocrx_word' id='word_1_358' title='bbox 924 2703 1105 2780; x_wconf 79' lang='grc' dir='ltr'>Ἐμπεδοκλῆς</span> <span class='ocrx_word' id='word_1_359' title='bbox 1114 2701 1141 2767; x_wconf 87' lang='grc' dir='ltr'><strong>θς</strong></span> <span class='ocrx_word' id='word_1_360' title='bbox 1150 2702 1246 2780; x_wconf 85' lang='grc' dir='ltr'>περίτι</span> <span class='ocrx_word' id='word_1_361' title='bbox 1255 2707 1307 2761; x_wconf 84' lang='grc' dir='ltr'><strong>τῶν</strong></span> <span class='ocrx_word' id='word_1_362' title='bbox 1319 2705 1440 2780; x_wconf 84' lang='grc' dir='ltr'>θυμάτων</span> <span class='ocrx_word' id='word_1_363' title='bbox 1450 2708 1496 2766; x_wconf 82' lang='grc' dir='ltr'><strong>καὶ</strong></span> <span class='ocrx_word' id='word_1_364' title='bbox 1507 2709 1567 2789; x_wconf 80' lang='grc' dir='ltr'>περί</span> <span class='ocrx_word' id='word_1_365' title='bbox 1576 2717 1622 2784; x_wconf 82' lang='grc' dir='ltr'>τῆς</span> 
     </span>
    </p>

    <p class='ocr_par' dir='ltr' id='par_1_9' title="bbox 28 2772 1372 2872">
     <span class='ocr_line' id='line_1_28' title="bbox 28 2772 1372 2872; baseline 0.019 -48"><span class='ocrx_word' id='word_1_366' title='bbox 28 2772 204 2848; x_wconf 61' lang='lat' dir='ltr'><strong>‹janque-lib.</strong></span> <span class='ocrx_word' id='word_1_367' title='bbox 219 2773 274 2845; x_wconf 90' lang='lat' dir='ltr'><strong>lll,</strong></span> <span class='ocrx_word' id='word_1_368' title='bbox 292 2776 346 2831; x_wconf 82' lang='grc' dir='ltr'><strong>θεν</strong></span> <span class='ocrx_word' id='word_1_369' title='bbox 363 2795 446 2853; x_wconf 87' lang='lat' dir='ltr'><strong>seqq.</strong></span> <span class='ocrx_word' id='word_1_370' title='bbox 466 2778 502 2835; x_wconf 89' lang='lat' dir='ltr'><strong>ad</strong></span> <span class='ocrx_word' id='word_1_371' title='bbox 524 2777 679 2838; x_wconf 86' lang='lat' dir='ltr'><strong>humanum</strong></span> <span class='ocrx_word' id='word_1_372' title='bbox 695 2804 800 2862; x_wconf 82' lang='lat' dir='ltr'><strong>corpus</strong></span> <span class='ocrx_word' id='word_1_373' title='bbox 843 2791 972 2867; x_wconf 77' lang='grc' dir='ltr'>θεογονίας</span> <span class='ocrx_word' id='word_1_374' title='bbox 983 2790 1081 2859; x_wconf 79' lang='grc' dir='ltr'>διεξιὼν</span> <span class='ocrx_word' id='word_1_375' title='bbox 1092 2789 1265 2872; x_wconf 79' lang='grc' dir='ltr'>παρεμραίνει</span> <span class='ocrx_word' id='word_1_376' title='bbox 1281 2792 1372 2868; x_wconf 85' lang='grc' dir='ltr'>λέγων.</span> 
     </span>
    </p>

    <p class='ocr_par' dir='ltr' id='par_1_10' title="bbox 29 2861 1623 3218">
     <span class='ocr_line' id='line_1_29' title="bbox 29 2861 1622 2961; baseline 0.008 -29"><span class='ocrx_word' id='word_1_377' title='bbox 29 2861 185 2918; x_wconf 59' lang='lat' dir='ltr'><strong>[immam</strong></span> <span class='ocrx_word' id='word_1_378' title='bbox 204 2882 211 2918; x_wconf 64' lang='grc' dir='ltr'>ἓ</span> <span class='ocrx_word' id='word_1_379' title='bbox 883 2879 944 2938; x_wconf 86' lang='lat' dir='ltr'><strong>Vss.</strong></span> <span class='ocrx_word' id='word_1_380' title='bbox 962 2880 1087 2951; x_wconf 68' lang='lat' dir='ltr'><strong>tlt-423</strong></span> <span class='ocrx_word' id='word_1_381' title='bbox 1099 2867 1522 2961; x_wconf 76' lang='grc' dir='ltr'>οὖθέτις-οἶίδαςονεεουεαρυό</span> <span class='ocrx_word' id='word_1_382' title='bbox 1536 2885 1622 2946; x_wconf 87' lang='lat' dir='ltr'><strong>hthe·</strong></span> 
     </span>
     <span class='ocr_line' id='line_1_30' title="bbox 79 2966 1622 3047; baseline 0.005 -22"><span class='ocrx_word' id='word_1_383' title='bbox 79 3013 154 3028; x_wconf 93' lang='grc'><strong><em>.....</em></strong></span> <span class='ocrx_word' id='word_1_384' title='bbox 174 2979 247 3036; x_wconf 86' lang='lat' dir='ltr'><strong>Quod</strong></span> <span class='ocrx_word' id='word_1_385' title='bbox 259 2981 279 3028; x_wconf 86' lang='lat' dir='ltr'><strong>st</strong></span> <span class='ocrx_word' id='word_1_386' title='bbox 289 2973 429 3028; x_wconf 67' lang='lat' dir='ltr'><strong>immortalis</strong></span> <span class='ocrx_word' id='word_1_387' title='bbox 444 2983 526 3030; x_wconf 75' lang='lat' dir='ltr'><strong>nostra</strong></span> <span class='ocrx_word' id='word_1_388' title='bbox 538 2983 599 3032; x_wconf 70' lang='lat' dir='ltr'><strong>toret</strong></span> <span class='ocrx_word' id='word_1_389' title='bbox 609 2997 687 3047; x_wconf 65' lang='lat' dir='ltr'><strong>mens,</strong></span> <span class='ocrx_word' id='word_1_390' title='bbox 843 2987 936 3026; x_wconf 84' lang='lat' dir='ltr'><strong>naeum</strong></span> <span class='ocrx_word' id='word_1_391' title='bbox 949 2966 1001 3025; x_wconf 90' lang='lat' dir='ltr'><strong>lib.</strong></span> <span class='ocrx_word' id='word_1_392' title='bbox 1018 2966 1071 3024; x_wconf 84' lang='lat' dir='ltr'><strong>Xll</strong></span> <span class='ocrx_word' id='word_1_393' title='bbox 1091 2967 1238 3043; x_wconf 91' lang='lat' dir='ltr'><strong>principio</strong></span> <span class='ocrx_word' id='word_1_394' title='bbox 1258 2986 1288 3043; x_wconf 89' lang='lat' dir='ltr'><strong>p.</strong></span> <span class='ocrx_word' id='word_1_395' title='bbox 1306 2967 1362 3025; x_wconf 87' lang='lat'><strong>510</strong></span> <span class='ocrx_word' id='word_1_396' title='bbox 1385 2969 1420 3028; x_wconf 89' lang='lat' dir='ltr'><strong>l).</strong></span> <span class='ocrx_word' id='word_1_397' title='bbox 1436 2969 1550 3030; x_wconf 88' lang='lat' dir='ltr'><strong>Primos</strong></span> <span class='ocrx_word' id='word_1_398' title='bbox 1563 2987 1622 3032; x_wconf 89' lang='lat' dir='ltr'><strong>tres</strong></span> 
     </span>
     <span class='ocr_line' id='line_1_31' title="bbox 77 3051 1620 3132; baseline 0.003 -20"><span class='ocrx_word' id='word_1_399' title='bbox 77 3055 227 3100; x_wconf 73' lang='lat'><strong>¹¹⁰⁸¹¹³¹¹¹⁸0</strong></span> <span class='ocrx_word' id='word_1_400' title='bbox 239 3051 452 3100; x_wconf 62' lang='lat' dir='ltr'><strong>Mdflffiffiffl&#39;ll</strong></span> <span class='ocrx_word' id='word_1_401' title='bbox 464 3057 658 3114; x_wconf 65' lang='grc' dir='ltr'><strong>ῡῠῡθθθῐθῐθῑθῐ,</strong></span> <span class='ocrx_word' id='word_1_402' title='bbox 843 3073 944 3112; x_wconf 90' lang='lat' dir='ltr'><strong>versus</strong></span> <span class='ocrx_word' id='word_1_403' title='bbox 968 3055 1052 3112; x_wconf 76' lang='lat' dir='ltr'><strong>affert</strong></span> <span class='ocrx_word' id='word_1_404' title='bbox 1071 3054 1157 3111; x_wconf 89' lang='lat' dir='ltr'><strong>etiam</strong></span> <span class='ocrx_word' id='word_1_405' title='bbox 1180 3052 1345 3112; x_wconf 85' lang='lat' dir='ltr'><strong>Eustathius</strong></span> <span class='ocrx_word' id='word_1_406' title='bbox 1368 3055 1403 3112; x_wconf 89' lang='lat' dir='ltr'><strong>ad</strong></span> <span class='ocrx_word' id='word_1_407' title='bbox 1426 3054 1509 3116; x_wconf 87' lang='lat' dir='ltr'><strong>iliad.</strong></span> <span class='ocrx_word' id='word_1_408' title='bbox 1524 3057 1620 3132; x_wconf 80' lang='lat' dir='ltr'><strong>xxtt,</strong></span> 
     </span>
     <span class='ocr_line' id='line_1_32' title="bbox 78 3119 1623 3218; baseline 0.008 -52"><span class='ocrx_word' id='word_1_409' title='bbox 78 3119 117 3166; x_wconf 83' lang='lat' dir='ltr'><strong>rad</strong></span> <span class='ocrx_word' id='word_1_410' title='bbox 128 3119 210 3180; x_wconf 76' lang='lat' dir='ltr'><strong>magis</strong></span> <span class='ocrx_word' id='word_1_411' title='bbox 222 3119 258 3167; x_wconf 89' lang='lat' dir='ltr'><strong>ire</strong></span> <span class='ocrx_word' id='word_1_412' title='bbox 267 3119 330 3168; x_wconf 81' lang='lat' dir='ltr'><strong>foras</strong></span> <span class='ocrx_word' id='word_1_413' title='bbox 343 3121 481 3182; x_wconf 83' lang='lat' dir='ltr'><strong>restemque</strong></span> <span class='ocrx_word' id='word_1_414' title='bbox 496 3120 630 3183; x_wconf 81' lang='lat' dir='ltr'><strong>rellnqnero</strong></span> <span class='ocrx_word' id='word_1_415' title='bbox 643 3127 669 3172; x_wconf 90' lang='lat' dir='ltr'><strong>nt</strong></span> <span class='ocrx_word' id='word_1_416' title='bbox 684 3126 769 3187; x_wconf 80' lang='lat' dir='ltr'><strong>unguis</strong></span> <span class='ocrx_word' id='word_1_417' title='bbox 843 3160 872 3216; x_wconf 42' lang='lat' dir='ltr'><strong>p·</strong></span> <span class='ocrx_word' id='word_1_418' title='bbox 886 3142 939 3197; x_wconf 69' lang='lat'><strong>126</strong></span> <span class='ocrx_word' id='word_1_419' title='bbox 947 3161 972 3212; x_wconf 42' lang='grc' dir='ltr'><strong>,γ</strong></span> <span class='ocrx_word' id='word_1_420' title='bbox 983 3147 1035 3212; x_wconf 70' lang='lat'><strong>443</strong></span> <span class='ocrx_word' id='word_1_421' title='bbox 1048 3153 1207 3216; x_wconf 61' lang='lat' dir='ltr'><strong>postremos</strong></span> <span class='ocrx_word' id='word_1_422' title='bbox 1219 3139 1471 3218; x_wconf 56' lang='lat' dir='ltr'><strong>uffieporphyffio</strong></span> <span class='ocrx_word' id='word_1_423' title='bbox 1482 3143 1623 3204; x_wconf 56' lang='lat' dir='ltr'>Eusebius</span> 
     </span>
    </p>

    <p class='ocr_par' dir='ltr' id='par_1_11' title="bbox 27 3224 1622 3307">
     <span class='ocr_line' id='line_1_33' title="bbox 27 3224 1622 3307; baseline 0.006 -27"><span class='ocrx_word' id='word_1_424' title='bbox 27 3224 350 3296; x_wconf 74' lang='lat' dir='ltr'><strong>gauderet-Caeterum</strong></span> <span class='ocrx_word' id='word_1_425' title='bbox 380 3225 512 3302; x_wconf 76' lang='grc' dir='ltr'>ὰλλογνίες</span> <span class='ocrx_word' id='word_1_426' title='bbox 544 3228 586 3285; x_wconf 80' lang='grc' dir='ltr'><strong>εἰσ</strong></span> <span class='ocrx_word' id='word_1_427' title='bbox 618 3244 801 3307; x_wconf 86' lang='lat' dir='ltr'><strong>comparatur</strong></span> <span class='ocrx_word' id='word_1_428' title='bbox 844 3227 937 3306; x_wconf 79' lang='lat' dir='ltr'><strong>Praep.</strong></span> <span class='ocrx_word' id='word_1_429' title='bbox 946 3226 1042 3285; x_wconf 57' lang='lat' dir='ltr'><strong>salv</strong></span> <span class='ocrx_word' id='word_1_430' title='bbox 1056 3227 1153 3305; x_wconf 74' lang='lat' dir='ltr'><strong>pria</strong></span> <span class='ocrx_word' id='word_1_431' title='bbox 1166 3227 1198 3298; x_wconf 85' lang='lat' dir='ltr'><strong>C,</strong></span> <span class='ocrx_word' id='word_1_432' title='bbox 1207 3229 1275 3284; x_wconf 91' lang='lat' dir='ltr'><strong>item</strong></span> <span class='ocrx_word' id='word_1_433' title='bbox 1290 3225 1418 3304; x_wconf 85' lang='lat' dir='ltr'><strong>Cyrillus</strong></span> <span class='ocrx_word' id='word_1_434' title='bbox 1429 3229 1622 3291; x_wconf 85' lang='lat' dir='ltr'><strong>c.Julian.1X</strong></span> 
     </span>
    </p>

    <p class='ocr_par' dir='ltr' id='par_1_12' title="bbox 27 3313 955 3392">
     <span class='ocr_line' id='line_1_34' title="bbox 27 3313 955 3392; baseline 0.009 -26"><span class='ocrx_word' id='word_1_435' title='bbox 27 3331 82 3367; x_wconf 84' lang='lat' dir='ltr'><strong>cum</strong></span> <span class='ocrx_word' id='word_1_436' title='bbox 97 3313 265 3388; x_wconf 71' lang='grc' dir='ltr'>ἀλλόγνωτος</span> <span class='ocrx_word' id='word_1_437' title='bbox 278 3313 355 3386; x_wconf 91' lang='lat' dir='ltr'><strong>apud</strong></span> <span class='ocrx_word' id='word_1_438' title='bbox 379 3313 536 3371; x_wconf 90' lang='lat' dir='ltr'><strong>llomerum</strong></span> <span class='ocrx_word' id='word_1_439' title='bbox 555 3315 659 3391; x_wconf 84' lang='lat' dir='ltr'><strong>Odyss.</strong></span> <span class='ocrx_word' id='word_1_440' title='bbox 687 3318 739 3374; x_wconf 93' lang='lat' dir='ltr'><strong>lib.</strong></span> <span class='ocrx_word' id='word_1_441' title='bbox 759 3319 798 3392; x_wconf 86' lang='lat' dir='ltr'><strong>ll,</strong></span> <span class='ocrx_word' id='word_1_442' title='bbox 843 3334 872 3392; x_wconf 91' lang='lat' dir='ltr'><strong>p.</strong></span> <span class='ocrx_word' id='word_1_443' title='bbox 890 3317 955 3386; x_wconf 84' lang='lat'><strong>307.</strong></span> 
     </span>
    </p>

    <p class='ocr_par' dir='ltr' id='par_1_13' title="bbox 28 3392 1619 3481">
     <span class='ocr_line' id='line_1_35' title="bbox 28 3392 1619 3481; baseline 0.003 -27"><span class='ocrx_word' id='word_1_444' title='bbox 28 3415 64 3451; x_wconf 80' lang='grc' dir='ltr'><strong>νε.</strong></span> <span class='ocrx_word' id='word_1_445' title='bbox 80 3401 145 3468; x_wconf 79' lang='lat'><strong>366,</strong></span> <span class='ocrx_word' id='word_1_446' title='bbox 156 3413 192 3456; x_wconf 88' lang='lat' dir='ltr'><strong>nt</strong></span> <span class='ocrx_word' id='word_1_447' title='bbox 205 3399 290 3475; x_wconf 78' lang='grc' dir='ltr'>ἀγνόει</span> <span class='ocrx_word' id='word_1_448' title='bbox 303 3419 368 3456; x_wconf 92' lang='lat' dir='ltr'><strong>cum</strong></span> <span class='ocrx_word' id='word_1_449' title='bbox 394 3399 508 3478; x_wconf 80' lang='grc' dir='ltr'>αίγνυνεος</span> <span class='ocrx_word' id='word_1_450' title='bbox 531 3402 608 3479; x_wconf 90' lang='lat' dir='ltr'><strong>apud</strong></span> <span class='ocrx_word' id='word_1_451' title='bbox 627 3403 798 3481; x_wconf 85' lang='lat' dir='ltr'><strong>Sophoclem</strong></span> <span class='ocrx_word' id='word_1_452' title='bbox 882 3401 943 3461; x_wconf 81' lang='lat' dir='ltr'><strong>Vss.</strong></span> <span class='ocrx_word' id='word_1_453' title='bbox 958 3408 1103 3476; x_wconf 71' lang='grc' dir='ltr'>[ιη-419.</span> <span class='ocrx_word' id='word_1_454' title='bbox 1126 3400 1185 3458; x_wconf 69' lang='lat' dir='ltr'><strong>addi</strong></span> <span class='ocrx_word' id='word_1_455' title='bbox 1196 3424 1235 3466; x_wconf 75' lang='lat' dir='ltr'><strong>stt</strong></span> <span class='ocrx_word' id='word_1_456' title='bbox 1259 3392 1291 3472; x_wconf 68' lang='grc' dir='ltr'>ἦν</span> <span class='ocrx_word' id='word_1_457' title='bbox 1311 3401 1383 3478; x_wconf 71' lang='grc' dir='ltr'>κτλ]</span> <span class='ocrx_word' id='word_1_458' title='bbox 1396 3401 1576 3480; x_wconf 75' lang='lat' dir='ltr'><strong>Porphyrius</strong></span> <span class='ocrx_word' id='word_1_459' title='bbox 1589 3408 1619 3463; x_wconf 88' lang='lat' dir='ltr'><strong>in</strong></span> 
     </span>
    </p>

    <p class='ocr_par' dir='ltr' id='par_1_14' title="bbox 27 3482 1620 3567">
     <span class='ocr_line' id='line_1_36' title="bbox 27 3482 1620 3567; baseline 0.004 -27"><span class='ocrx_word' id='word_1_460' title='bbox 27 3482 82 3540; x_wconf 82' lang='lat' dir='ltr'><strong>OEd.</strong></span> <span class='ocrx_word' id='word_1_461' title='bbox 97 3485 132 3547; x_wconf 83' lang='lat' dir='ltr'><strong>li.</strong></span> <span class='ocrx_word' id='word_1_462' title='bbox 151 3487 192 3543; x_wconf 83' lang='lat'><strong>58</strong></span> <span class='ocrx_word' id='word_1_463' title='bbox 206 3505 261 3563; x_wconf 87' lang='lat' dir='ltr'><strong>pro</strong></span> <span class='ocrx_word' id='word_1_464' title='bbox 271 3487 384 3560; x_wconf 80' lang='lat' dir='ltr'><strong>vulgari</strong></span> <span class='ocrx_word' id='word_1_465' title='bbox 398 3487 539 3564; x_wconf 83' lang='grc' dir='ltr'>ἄγνωστος.</span> <span class='ocrx_word' id='word_1_466' title='bbox 571 3537 577 3544; x_wconf 78' lang='grc'>.</span> <span class='ocrx_word' id='word_1_467' title='bbox 842 3490 969 3548; x_wconf 79' lang='lat' dir='ltr'><strong>secundo</strong></span> <span class='ocrx_word' id='word_1_468' title='bbox 979 3509 1064 3547; x_wconf 82' lang='lat' dir='ltr'><strong>versu</strong></span> <span class='ocrx_word' id='word_1_469' title='bbox 1074 3487 1160 3545; x_wconf 78' lang='lat' dir='ltr'><strong>habel</strong></span> <span class='ocrx_word' id='word_1_470' title='bbox 1173 3511 1180 3546; x_wconf 75' lang='lat' dir='ltr'>z</span> <span class='ocrx_word' id='word_1_471' title='bbox 1193 3488 1247 3546; x_wconf 82' lang='grc' dir='ltr'>οὐδ’</span> <span class='ocrx_word' id='word_1_472' title='bbox 1258 3491 1272 3546; x_wconf 84' lang='grc' dir='ltr'>θ</span> <span class='ocrx_word' id='word_1_473' title='bbox 1282 3485 1378 3567; x_wconf 81' lang='grc' dir='ltr'>Κρόνος</span> <span class='ocrx_word' id='word_1_474' title='bbox 1387 3489 1464 3546; x_wconf 80' lang='grc' dir='ltr'>οὐδ’ό</span> <span class='ocrx_word' id='word_1_475' title='bbox 1475 3493 1620 3566; x_wconf 79' lang='grc' dir='ltr'>Ποσειδῶν,</span> 
     </span>
    </p>

    <p class='ocr_par' dir='ltr' id='par_1_15' title="bbox 28 3571 1619 3825">
     <span class='ocr_line' id='line_1_37' title="bbox 60 3571 1618 3656; baseline 0.008 -29"><span class='ocrx_word' id='word_1_476' title='bbox 60 3571 102 3630; x_wconf 82' lang='lat' dir='ltr'><strong>l&#39;s.</strong></span> <span class='ocrx_word' id='word_1_477' title='bbox 120 3575 194 3642; x_wconf 74' lang='lat'><strong>415.</strong></span> <span class='ocrx_word' id='word_1_478' title='bbox 207 3573 303 3630; x_wconf 83' lang='lat' dir='ltr'><strong>Verba</strong></span> <span class='ocrx_word' id='word_1_479' title='bbox 311 3573 372 3631; x_wconf 84' lang='lat' dir='ltr'><strong>lraec</strong></span> <span class='ocrx_word' id='word_1_480' title='bbox 386 3577 510 3632; x_wconf 81' lang='lat' dir='ltr'><strong>servavit</strong></span> <span class='ocrx_word' id='word_1_481' title='bbox 521 3574 693 3635; x_wconf 84' lang='lat' dir='ltr'><strong>Plutarchus</strong></span> <span class='ocrx_word' id='word_1_482' title='bbox 708 3578 798 3656; x_wconf 84' lang='lat' dir='ltr'><strong>Sym·</strong></span> <span class='ocrx_word' id='word_1_483' title='bbox 843 3580 948 3635; x_wconf 87' lang='lat' dir='ltr'><strong>rectius</strong></span> <span class='ocrx_word' id='word_1_484' title='bbox 960 3575 1111 3634; x_wconf 71' lang='lat' dir='ltr'><strong>Athenaeus</strong></span> <span class='ocrx_word' id='word_1_485' title='bbox 1120 3575 1229 3632; x_wconf 86' lang='lat' dir='ltr'><strong>omisso</strong></span> <span class='ocrx_word' id='word_1_486' title='bbox 1240 3574 1364 3632; x_wconf 84' lang='lat' dir='ltr'><strong>articulo</strong></span> <span class='ocrx_word' id='word_1_487' title='bbox 1378 3575 1434 3634; x_wconf 79' lang='grc' dir='ltr'>οὐδὲ</span> <span class='ocrx_word' id='word_1_488' title='bbox 1449 3577 1564 3652; x_wconf 55' lang='lat' dir='ltr'><strong>uectat</strong></span> <span class='ocrx_word' id='word_1_489' title='bbox 1580 3581 1618 3638; x_wconf 88' lang='lat' dir='ltr'><strong>ll.</strong></span> 
     </span>
     <span class='ocr_line' id='line_1_38' title="bbox 28 3660 1619 3742; baseline 0.006 -28"><span class='ocrx_word' id='word_1_490' title='bbox 28 3677 81 3734; x_wconf 85' lang='lat' dir='ltr'><strong>pos.</strong></span> <span class='ocrx_word' id='word_1_491' title='bbox 94 3681 124 3737; x_wconf 89' lang='lat' dir='ltr'><strong>p.</strong></span> <span class='ocrx_word' id='word_1_492' title='bbox 140 3663 215 3720; x_wconf 82' lang='grc'><strong>683.</strong></span> <span class='ocrx_word' id='word_1_493' title='bbox 227 3660 295 3719; x_wconf 79' lang='lat' dir='ltr'><strong>vtd.</strong></span> <span class='ocrx_word' id='word_1_494' title='bbox 310 3661 345 3718; x_wconf 88' lang='lat' dir='ltr'><strong>ad</strong></span> <span class='ocrx_word' id='word_1_495' title='bbox 359 3682 402 3719; x_wconf 89' lang='lat' dir='ltr'><strong>vs.</strong></span> <span class='ocrx_word' id='word_1_496' title='bbox 415 3663 483 3721; x_wconf 82' lang='lat'><strong>306.</strong></span> <span class='ocrx_word' id='word_1_497' title='bbox 843 3663 927 3740; x_wconf 81' lang='lat' dir='ltr'><strong>Apud</strong></span> <span class='ocrx_word' id='word_1_498' title='bbox 937 3663 1119 3721; x_wconf 79' lang='lat' dir='ltr'><strong>Eustathium</strong></span> <span class='ocrx_word' id='word_1_499' title='bbox 1127 3661 1328 3720; x_wconf 87' lang='lat' dir='ltr'><strong>desiderantur</strong></span> <span class='ocrx_word' id='word_1_500' title='bbox 1338 3660 1428 3719; x_wconf 81' lang='lat' dir='ltr'><strong>rerba</strong></span> <span class='ocrx_word' id='word_1_501' title='bbox 1438 3663 1494 3722; x_wconf 83' lang='grc' dir='ltr'>οθδί</span> <span class='ocrx_word' id='word_1_502' title='bbox 1510 3663 1619 3742; x_wconf 85' lang='grc' dir='ltr'>Κρόνος.</span> 
     </span>
     <span class='ocr_line' id='line_1_39' title="bbox 63 3744 1618 3825; baseline 0.005 -25"><span class='ocrx_word' id='word_1_503' title='bbox 63 3744 105 3806; x_wconf 83' lang='lat' dir='ltr'><strong>l&#39;s.</strong></span> <span class='ocrx_word' id='word_1_504' title='bbox 126 3749 198 3814; x_wconf 71' lang='lat'><strong>416.</strong></span> <span class='ocrx_word' id='word_1_505' title='bbox 213 3747 244 3804; x_wconf 79' lang='grc' dir='ltr'><strong>ίκ</strong></span> <span class='ocrx_word' id='word_1_506' title='bbox 253 3745 300 3820; x_wconf 80' lang='grc' dir='ltr'>μὲν</span> <span class='ocrx_word' id='word_1_507' title='bbox 315 3745 366 3825; x_wconf 72' lang='grc' dir='ltr'><strong>γὰρ</strong></span> <span class='ocrx_word' id='word_1_508' title='bbox 382 3749 452 3820; x_wconf 76' lang='grc' dir='ltr'>κτλ]</span> <span class='ocrx_word' id='word_1_509' title='bbox 474 3749 606 3808; x_wconf 84' lang='lat' dir='ltr'><strong>Clemens</strong></span> <span class='ocrx_word' id='word_1_510' title='bbox 626 3751 798 3812; x_wconf 75' lang='lat' dir='ltr'><strong>Alexandri·</strong></span> <span class='ocrx_word' id='word_1_511' title='bbox 845 3749 924 3807; x_wconf 87' lang='lat' dir='ltr'><strong>llaud</strong></span> <span class='ocrx_word' id='word_1_512' title='bbox 946 3750 1006 3807; x_wconf 90' lang='lat' dir='ltr'><strong>scio</strong></span> <span class='ocrx_word' id='word_1_513' title='bbox 1024 3769 1061 3806; x_wconf 92' lang='lat' dir='ltr'><strong>an</strong></span> <span class='ocrx_word' id='word_1_514' title='bbox 1084 3747 1272 3825; x_wconf 86' lang='lat' dir='ltr'><strong>Empedocles</strong></span> <span class='ocrx_word' id='word_1_515' title='bbox 1294 3748 1424 3806; x_wconf 82' lang='lat' dir='ltr'><strong>imitatus</strong></span> <span class='ocrx_word' id='word_1_516' title='bbox 1447 3752 1485 3808; x_wconf 86' lang='lat' dir='ltr'><strong>sit</strong></span> <span class='ocrx_word' id='word_1_517' title='bbox 1500 3751 1618 3809; x_wconf 79' lang='lat' dir='ltr'><strong>effatum</strong></span> 
     </span>
    </p>

    <p class='ocr_par' dir='ltr' id='par_1_16' title="bbox 11 3831 1713 5208">
     <span class='ocr_line' id='line_1_40' title="bbox 30 3831 1620 3918; baseline 0.006 -32"><span class='ocrx_word' id='word_1_518' title='bbox 30 3851 74 3890; x_wconf 88' lang='lat' dir='ltr'><strong>nus</strong></span> <span class='ocrx_word' id='word_1_519' title='bbox 84 3833 195 3890; x_wconf 86' lang='lat' dir='ltr'><strong>Strom.</strong></span> <span class='ocrx_word' id='word_1_520' title='bbox 212 3833 268 3904; x_wconf 88' lang='lat' dir='ltr'><strong>tlt,</strong></span> <span class='ocrx_word' id='word_1_521' title='bbox 283 3854 312 3911; x_wconf 92' lang='lat' dir='ltr'><strong>p.</strong></span> <span class='ocrx_word' id='word_1_522' title='bbox 329 3838 398 3906; x_wconf 70' lang='lat'><strong>432,</strong></span> <span class='ocrx_word' id='word_1_523' title='bbox 415 3837 447 3892; x_wconf 88' lang='lat' dir='ltr'><strong>B.</strong></span> <span class='ocrx_word' id='word_1_524' title='bbox 469 3835 503 3894; x_wconf 93' lang='lat' dir='ltr'><strong>ln</strong></span> <span class='ocrx_word' id='word_1_525' title='bbox 518 3836 617 3894; x_wconf 91' lang='lat' dir='ltr'><strong>verbis</strong></span> <span class='ocrx_word' id='word_1_526' title='bbox 629 3837 706 3896; x_wconf 82' lang='grc' dir='ltr'>ἐτίθει</span> <span class='ocrx_word' id='word_1_527' title='bbox 720 3841 798 3918; x_wconf 82' lang='grc' dir='ltr'>νεκροί</span> <span class='ocrx_word' id='word_1_528' title='bbox 844 3836 916 3894; x_wconf 92' lang='lat' dir='ltr'><strong>illud</strong></span> <span class='ocrx_word' id='word_1_529' title='bbox 932 3836 1050 3893; x_wconf 86' lang='lat' dir='ltr'><strong>llomeri</strong></span> <span class='ocrx_word' id='word_1_530' title='bbox 1061 3834 1096 3892; x_wconf 93' lang='lat' dir='ltr'><strong>ll.</strong></span> <span class='ocrx_word' id='word_1_531' title='bbox 1113 3836 1159 3905; x_wconf 82' lang='grc' dir='ltr'>ιθ,</span> <span class='ocrx_word' id='word_1_532' title='bbox 1177 3835 1233 3892; x_wconf 80' lang='lat'><strong>535</strong></span> <span class='ocrx_word' id='word_1_533' title='bbox 1249 3856 1256 3891; x_wconf 79' lang='grc' dir='ltr'><strong>ε</strong></span> <span class='ocrx_word' id='word_1_534' title='bbox 1270 3838 1297 3893; x_wconf 74' lang='grc' dir='ltr'>ἐν</span> <span class='ocrx_word' id='word_1_535' title='bbox 1310 3835 1333 3890; x_wconf 86' lang='grc' dir='ltr'><strong>δ’</strong></span> <span class='ocrx_word' id='word_1_536' title='bbox 1342 3831 1430 3913; x_wconf 83' lang='grc' dir='ltr'>Ἔρις,</span> <span class='ocrx_word' id='word_1_537' title='bbox 1444 3839 1470 3895; x_wconf 78' lang='grc' dir='ltr'>ἐν</span> <span class='ocrx_word' id='word_1_538' title='bbox 1484 3836 1511 3894; x_wconf 81' lang='lat' dir='ltr'><strong>tl</strong></span> <span class='ocrx_word' id='word_1_539' title='bbox 1523 3839 1620 3897; x_wconf 83' lang='grc' dir='ltr'>Κυδοι-</span> 
     </span>
     <span class='ocr_line' id='line_1_41' title="bbox 29 3920 1713 4004; baseline 0.005 -29"><span class='ocrx_word' id='word_1_540' title='bbox 29 3920 291 3996; x_wconf 78' lang='grc' dir='ltr'>θεειεθδαίμυννεί</span> <span class='ocrx_word' id='word_1_541' title='bbox 306 3925 402 4000; x_wconf 88' lang='lat' dir='ltr'><strong>potius</strong></span> <span class='ocrx_word' id='word_1_542' title='bbox 418 3922 526 3999; x_wconf 86' lang='grc' dir='ltr'>πότμος.</span> <span class='ocrx_word' id='word_1_543' title='bbox 538 3924 597 3982; x_wconf 91' lang='lat' dir='ltr'><strong>Pro</strong></span> <span class='ocrx_word' id='word_1_544' title='bbox 608 3923 668 3982; x_wconf 87' lang='grc' dir='ltr'>είδε’</span> <span class='ocrx_word' id='word_1_545' title='bbox 683 3926 798 4000; x_wconf 68' lang='lat' dir='ltr'><strong>cipridem</strong></span> <span class='ocrx_word' id='word_1_546' title='bbox 844 3923 890 3998; x_wconf 73' lang='lat' dir='ltr'><strong>ph&lt;</strong></span> <span class='ocrx_word' id='word_1_547' title='bbox 902 3923 1015 3998; x_wconf 84' lang='grc' dir='ltr'>ὁμίλεον,</span> <span class='ocrx_word' id='word_1_548' title='bbox 1030 3925 1055 3980; x_wconf 76' lang='grc' dir='ltr'>ἐν</span> <span class='ocrx_word' id='word_1_549' title='bbox 1070 3922 1093 3980; x_wconf 84' lang='grc' dir='ltr'><strong>δ’</strong></span> <span class='ocrx_word' id='word_1_550' title='bbox 1105 3920 1166 3992; x_wconf 81' lang='grc' dir='ltr'>ὀλοὴ</span> <span class='ocrx_word' id='word_1_551' title='bbox 1182 3925 1252 4000; x_wconf 79' lang='grc' dir='ltr'>Κῆρ.</span> <span class='ocrx_word' id='word_1_552' title='bbox 1268 3925 1373 3980; x_wconf 81' lang='lat' dir='ltr'><strong>Aratus</strong></span> <span class='ocrx_word' id='word_1_553' title='bbox 1390 3936 1468 3981; x_wconf 85' lang='lat' dir='ltr'><strong>certe</strong></span> <span class='ocrx_word' id='word_1_554' title='bbox 1484 3925 1514 3982; x_wconf 93' lang='lat' dir='ltr'><strong>in</strong></span> <span class='ocrx_word' id='word_1_555' title='bbox 1528 3944 1623 3984; x_wconf 73' lang='grc' dir='ltr'>τινι-σεε</span> <span class='ocrx_word' id='word_1_556' title='bbox 1709 3995 1713 4004; x_wconf 92' lang='lat'><strong>.</strong></span> 
     </span>
     <span class='ocr_line' id='line_1_42' title="bbox 31 4007 1621 4090; baseline 0.005 -28"><span class='ocrx_word' id='word_1_557' title='bbox 31 4007 211 4068; x_wconf 79' lang='lat' dir='ltr'><strong>hartmannus</strong></span> <span class='ocrx_word' id='word_1_558' title='bbox 236 4025 353 4069; x_wconf 85' lang='lat' dir='ltr'><strong>notante</strong></span> <span class='ocrx_word' id='word_1_559' title='bbox 380 4011 496 4070; x_wconf 85' lang='lat' dir='ltr'><strong>Sturzio</strong></span> <span class='ocrx_word' id='word_1_560' title='bbox 522 4031 580 4069; x_wconf 89' lang='lat' dir='ltr'><strong>non</strong></span> <span class='ocrx_word' id='word_1_561' title='bbox 610 4013 700 4087; x_wconf 79' lang='lat' dir='ltr'><strong>magis</strong></span> <span class='ocrx_word' id='word_1_562' title='bbox 724 4028 800 4072; x_wconf 89' lang='lat' dir='ltr'><strong>reete</strong></span> <span class='ocrx_word' id='word_1_563' title='bbox 842 4015 933 4071; x_wconf 74' lang='lat' dir='ltr'><strong>atatis</strong></span> <span class='ocrx_word' id='word_1_564' title='bbox 944 4010 1139 4089; x_wconf 85' lang='lat' dir='ltr'><strong>descriptione</strong></span> <span class='ocrx_word' id='word_1_565' title='bbox 1150 4009 1299 4069; x_wconf 77' lang='lat' dir='ltr'><strong>Phaenom.</strong></span> <span class='ocrx_word' id='word_1_566' title='bbox 1314 4029 1358 4068; x_wconf 87' lang='lat' dir='ltr'><strong>vs.</strong></span> <span class='ocrx_word' id='word_1_567' title='bbox 1377 4012 1505 4087; x_wconf 78' lang='lat'>108·109</span> <span class='ocrx_word' id='word_1_568' title='bbox 1520 4011 1621 4090; x_wconf 84' lang='lat' dir='ltr'><strong>Empe·</strong></span> 
     </span>
     <span class='ocr_line' id='line_1_43' title="bbox 32 4095 1474 4175; baseline 0.006 -28"><span class='ocrx_word' id='word_1_569' title='bbox 32 4095 142 4171; x_wconf 84' lang='lat' dir='ltr'><strong>conjecit</strong></span> <span class='ocrx_word' id='word_1_570' title='bbox 152 4096 228 4165; x_wconf 75' lang='grc' dir='ltr'>κήδε’</span> <span class='ocrx_word' id='word_1_571' title='bbox 240 4097 356 4172; x_wconf 61' lang='lat' dir='ltr'><strong>tudem</strong></span> <span class='ocrx_word' id='word_1_572' title='bbox 366 4117 450 4175; x_wconf 89' lang='lat' dir='ltr'><strong>quam</strong></span> <span class='ocrx_word' id='word_1_573' title='bbox 463 4117 555 4175; x_wconf 88' lang='lat' dir='ltr'><strong>nuper</strong></span> <span class='ocrx_word' id='word_1_574' title='bbox 566 4099 692 4157; x_wconf 87' lang='lat' dir='ltr'><strong>Steinius</strong></span> <span class='ocrx_word' id='word_1_575' title='bbox 697 4099 800 4175; x_wconf 89' lang='lat' dir='ltr'><strong>juncto</strong></span> <span class='ocrx_word' id='word_1_576' title='bbox 843 4100 973 4158; x_wconf 88' lang='lat' dir='ltr'><strong>docleum</strong></span> <span class='ocrx_word' id='word_1_577' title='bbox 988 4100 1083 4156; x_wconf 89' lang='lat' dir='ltr'><strong>locum</strong></span> <span class='ocrx_word' id='word_1_578' title='bbox 1097 4097 1221 4155; x_wconf 89' lang='lat' dir='ltr'><strong>intuitus</strong></span> <span class='ocrx_word' id='word_1_579' title='bbox 1238 4109 1281 4154; x_wconf 86' lang='lat' dir='ltr'><strong>est</strong></span> <span class='ocrx_word' id='word_1_580' title='bbox 1291 4097 1333 4154; x_wconf 82' lang='lat' dir='ltr'><strong>ita</strong></span> <span class='ocrx_word' id='word_1_581' title='bbox 1345 4117 1450 4155; x_wconf 86' lang='lat' dir='ltr'><strong>canens</strong></span> <span class='ocrx_word' id='word_1_582' title='bbox 1466 4117 1474 4156; x_wconf 91' lang='lat'><strong>:</strong></span> 
     </span>
     <span class='ocr_line' id='line_1_44' title="bbox 33 4184 799 4263; baseline 0.01 -25"><span class='ocrx_word' id='word_1_583' title='bbox 33 4184 192 4253; x_wconf 76' lang='lat' dir='ltr'><strong>precedenti</strong></span> <span class='ocrx_word' id='word_1_584' title='bbox 203 4185 347 4242; x_wconf 82' lang='lat' dir='ltr'><strong>vocabulo</strong></span> <span class='ocrx_word' id='word_1_585' title='bbox 359 4185 497 4263; x_wconf 82' lang='grc' dir='ltr'>νεκροειθε”</span> <span class='ocrx_word' id='word_1_586' title='bbox 507 4185 632 4260; x_wconf 81' lang='grc' dir='ltr'>ἀμείόιννν.</span> <span class='ocrx_word' id='word_1_587' title='bbox 641 4185 713 4244; x_wconf 85' lang='lat' dir='ltr'><strong>Viva</strong></span> <span class='ocrx_word' id='word_1_588' title='bbox 721 4189 799 4246; x_wconf 89' lang='lat' dir='ltr'><strong>enim</strong></span> 
     </span>
     <span class='ocr_line' id='line_1_45' title="bbox 33 4272 799 4351; baseline 0.012 -28"><span class='ocrx_word' id='word_1_589' title='bbox 33 4275 196 4345; x_wconf 82' lang='lat' dir='ltr'><strong>respondent</strong></span> <span class='ocrx_word' id='word_1_590' title='bbox 208 4273 348 4344; x_wconf 84' lang='lat' dir='ltr'><strong>mortuis,</strong></span> <span class='ocrx_word' id='word_1_591' title='bbox 365 4287 423 4330; x_wconf 91' lang='lat' dir='ltr'><strong>non</strong></span> <span class='ocrx_word' id='word_1_592' title='bbox 439 4273 506 4328; x_wconf 90' lang='lat' dir='ltr'><strong>item</strong></span> <span class='ocrx_word' id='word_1_593' title='bbox 521 4272 559 4330; x_wconf 90' lang='lat' dir='ltr'><strong>iis</strong></span> <span class='ocrx_word' id='word_1_594' title='bbox 582 4293 646 4351; x_wconf 85' lang='lat' dir='ltr'><strong>quae</strong></span> <span class='ocrx_word' id='word_1_595' title='bbox 670 4288 799 4332; x_wconf 91' lang='lat' dir='ltr'><strong>mortuo·</strong></span> 
     </span>
     <span class='ocr_line' id='line_1_46' title="bbox 34 4359 799 4437; baseline 0.012 -26"><span class='ocrx_word' id='word_1_596' title='bbox 34 4371 82 4411; x_wconf 86' lang='lat' dir='ltr'><strong>rum</strong></span> <span class='ocrx_word' id='word_1_597' title='bbox 95 4359 321 4416; x_wconf 89' lang='lat' dir='ltr'><strong>similitudinem</strong></span> <span class='ocrx_word' id='word_1_598' title='bbox 343 4373 457 4437; x_wconf 82' lang='lat' dir='ltr'><strong>gerunt.</strong></span> <span class='ocrx_word' id='word_1_599' title='bbox 481 4359 629 4417; x_wconf 82' lang='lat' dir='ltr'><strong>Sententia</strong></span> <span class='ocrx_word' id='word_1_600' title='bbox 648 4361 739 4434; x_wconf 84' lang='lat' dir='ltr'><strong>igitur</strong></span> <span class='ocrx_word' id='word_1_601' title='bbox 754 4381 799 4420; x_wconf 84' lang='lat' dir='ltr'><strong>re·</strong></span> 
     </span>
     <span class='ocr_line' id='line_1_47' title="bbox 34 4444 1620 4526; baseline 0.001 -24"><span class='ocrx_word' id='word_1_602' title='bbox 34 4445 109 4514; x_wconf 78' lang='lat' dir='ltr'><strong>quiris</strong></span> <span class='ocrx_word' id='word_1_603' title='bbox 130 4445 214 4526; x_wconf 72' lang='grc' dir='ltr'>νεκρὰ</span> <span class='ocrx_word' id='word_1_604' title='bbox 239 4445 299 4504; x_wconf 65' lang='grc' dir='ltr'>εἶδέ</span> <span class='ocrx_word' id='word_1_605' title='bbox 321 4445 438 4522; x_wconf 78' lang='grc' dir='ltr'>ιἰμείόινν</span> <span class='ocrx_word' id='word_1_606' title='bbox 463 4470 473 4504; x_wconf 86' lang='grc' dir='ltr'><strong>ε</strong></span> <span class='ocrx_word' id='word_1_607' title='bbox 504 4447 656 4505; x_wconf 81' lang='grc' dir='ltr'>ιενίνὶε</span> <span class='ocrx_word' id='word_1_608' title='bbox 686 4463 799 4508; x_wconf 88' lang='lat' dir='ltr'><strong>mortua</strong></span> <span class='ocrx_word' id='word_1_609' title='bbox 842 4447 926 4505; x_wconf 88' lang='lat' dir='ltr'><strong>Unde</strong></span> <span class='ocrx_word' id='word_1_610' title='bbox 949 4447 1032 4504; x_wconf 74' lang='lat' dir='ltr'><strong>facile</strong></span> <span class='ocrx_word' id='word_1_611' title='bbox 1051 4444 1200 4522; x_wconf 88' lang='lat' dir='ltr'><strong>conjicias,</strong></span> <span class='ocrx_word' id='word_1_612' title='bbox 1223 4444 1302 4521; x_wconf 91' lang='lat' dir='ltr'><strong>quod</strong></span> <span class='ocrx_word' id='word_1_613' title='bbox 1319 4445 1490 4522; x_wconf 83' lang='lat' dir='ltr'><strong>interpretes</strong></span> <span class='ocrx_word' id='word_1_614' title='bbox 1512 4445 1620 4504; x_wconf 91' lang='lat' dir='ltr'><strong>dudum</strong></span> 
     </span>
     <span class='ocr_line' id='line_1_48' title="bbox 34 4527 1620 4611; baseline 0.007 -30"><span class='ocrx_word' id='word_1_615' title='bbox 34 4527 153 4602; x_wconf 81' lang='lat' dir='ltr'><strong>iaciebat,</strong></span> <span class='ocrx_word' id='word_1_616' title='bbox 183 4535 296 4610; x_wconf 87' lang='lat' dir='ltr'><strong>species</strong></span> <span class='ocrx_word' id='word_1_617' title='bbox 322 4547 512 4591; x_wconf 89' lang='lat' dir='ltr'><strong>commutans.</strong></span> <span class='ocrx_word' id='word_1_618' title='bbox 540 4561 552 4584; x_wconf 80' lang='grc' dir='ltr'>ν</span> <span class='ocrx_word' id='word_1_619' title='bbox 583 4534 796 4611; x_wconf 79' lang='lat' dir='ltr'><strong>Acceditquod</strong></span> <span class='ocrx_word' id='word_1_620' title='bbox 843 4535 1043 4604; x_wconf 82' lang='lat' dir='ltr'><strong>observarunt,</strong></span> <span class='ocrx_word' id='word_1_621' title='bbox 1056 4533 1258 4610; x_wconf 82' lang='lat' dir='ltr'><strong>Empedoclem</strong></span> <span class='ocrx_word' id='word_1_622' title='bbox 1274 4533 1321 4590; x_wconf 93' lang='lat' dir='ltr'><strong>his</strong></span> <span class='ocrx_word' id='word_1_623' title='bbox 1335 4532 1435 4590; x_wconf 84' lang='lat' dir='ltr'><strong>verbis</strong></span> <span class='ocrx_word' id='word_1_624' title='bbox 1448 4533 1620 4610; x_wconf 85' lang='lat' dir='ltr'><strong>antiquissi-</strong></span> 
     </span>
     <span class='ocr_line' id='line_1_49' title="bbox 29 4615 1620 4698; baseline 0.004 -26"><span class='ocrx_word' id='word_1_625' title='bbox 29 4615 113 4678; x_wconf 82' lang='lat' dir='ltr'><strong>hiatus</strong></span> <span class='ocrx_word' id='word_1_626' title='bbox 126 4635 196 4680; x_wconf 89' lang='lat' dir='ltr'><strong>ante</strong></span> <span class='ocrx_word' id='word_1_627' title='bbox 205 4619 278 4680; x_wconf 76' lang='grc' dir='ltr'>εἴδεα</span> <span class='ocrx_word' id='word_1_628' title='bbox 291 4642 349 4679; x_wconf 92' lang='lat' dir='ltr'><strong>non</strong></span> <span class='ocrx_word' id='word_1_629' title='bbox 360 4621 493 4693; x_wconf 79' lang='lat' dir='ltr'><strong>offendit,</strong></span> <span class='ocrx_word' id='word_1_630' title='bbox 506 4622 711 4698; x_wconf 83' lang='lat' dir='ltr'><strong>quiahaecvox</strong></span> <span class='ocrx_word' id='word_1_631' title='bbox 727 4624 797 4682; x_wconf 89' lang='lat' dir='ltr'><strong>olim</strong></span> <span class='ocrx_word' id='word_1_632' title='bbox 843 4641 955 4680; x_wconf 90' lang='lat' dir='ltr'><strong>morum</strong></span> <span class='ocrx_word' id='word_1_633' title='bbox 970 4621 1121 4678; x_wconf 89' lang='lat' dir='ltr'><strong>hominum</strong></span> <span class='ocrx_word' id='word_1_634' title='bbox 1144 4619 1234 4679; x_wconf 85' lang='lat' dir='ltr'><strong>vitam</strong></span> <span class='ocrx_word' id='word_1_635' title='bbox 1249 4619 1421 4678; x_wconf 87' lang='lat' dir='ltr'><strong>adumbrare</strong></span> <span class='ocrx_word' id='word_1_636' title='bbox 1436 4621 1574 4678; x_wconf 86' lang='lat' dir='ltr'><strong>voluisse.</strong></span> <span class='ocrx_word' id='word_1_637' title='bbox 1589 4622 1620 4678; x_wconf 93' lang='lat' dir='ltr'><strong>Si</strong></span> 
     </span>
     <span class='ocr_line' id='line_1_50' title="bbox 21 4706 1619 4786; baseline 0.003 -25"><span class='ocrx_word' id='word_1_638' title='bbox 21 4724 33 4761; x_wconf 88' lang='lat' dir='ltr'><strong>a</strong></span> <span class='ocrx_word' id='word_1_639' title='bbox 44 4708 192 4782; x_wconf 81' lang='lat' dir='ltr'><strong>digammo</strong></span> <span class='ocrx_word' id='word_1_640' title='bbox 204 4706 376 4786; x_wconf 85' lang='lat' dir='ltr'><strong>incipiebat.</strong></span> <span class='ocrx_word' id='word_1_641' title='bbox 389 4707 475 4785; x_wconf 80' lang='lat' dir='ltr'><strong>Apud</strong></span> <span class='ocrx_word' id='word_1_642' title='bbox 486 4707 659 4785; x_wconf 88' lang='lat' dir='ltr'><strong>Stephanum</strong></span> <span class='ocrx_word' id='word_1_643' title='bbox 673 4710 703 4766; x_wconf 90' lang='lat' dir='ltr'><strong>in</strong></span> <span class='ocrx_word' id='word_1_644' title='bbox 714 4709 797 4768; x_wconf 91' lang='lat' dir='ltr'><strong>Poesi</strong></span> <span class='ocrx_word' id='word_1_645' title='bbox 843 4709 914 4766; x_wconf 81' lang='lat' dir='ltr'><strong>fides</strong></span> <span class='ocrx_word' id='word_1_646' title='bbox 926 4709 1019 4766; x_wconf 86' lang='lat' dir='ltr'><strong>Natali</strong></span> <span class='ocrx_word' id='word_1_647' title='bbox 1028 4708 1135 4765; x_wconf 70' lang='lat' dir='ltr'><strong>(Inmiti</strong></span> <span class='ocrx_word' id='word_1_648' title='bbox 1155 4709 1272 4766; x_wconf 91' lang='lat' dir='ltr'><strong>tertium</strong></span> <span class='ocrx_word' id='word_1_649' title='bbox 1287 4727 1402 4766; x_wconf 85' lang='lat' dir='ltr'><strong>versum</strong></span> <span class='ocrx_word' id='word_1_650' title='bbox 1422 4708 1465 4764; x_wconf 88' lang='lat' dir='ltr'><strong>sic</strong></span> <span class='ocrx_word' id='word_1_651' title='bbox 1476 4712 1599 4765; x_wconf 76' lang='lat' dir='ltr'><strong>vertenti</strong></span> <span class='ocrx_word' id='word_1_652' title='bbox 1611 4731 1619 4765; x_wconf 86' lang='grc' dir='ltr'>ι</span> 
     </span>
     <span class='ocr_line' id='line_1_51' title="bbox 17 4794 1618 4874; baseline -0.001 -23"><span class='ocrx_word' id='word_1_653' title='bbox 17 4794 85 4868; x_wconf 88' lang='lat' dir='ltr'><strong>phil.</strong></span> <span class='ocrx_word' id='word_1_654' title='bbox 98 4817 129 4872; x_wconf 88' lang='lat' dir='ltr'><strong>p.</strong></span> <span class='ocrx_word' id='word_1_655' title='bbox 145 4817 185 4874; x_wconf 81' lang='lat'><strong>²9</strong></span> <span class='ocrx_word' id='word_1_656' title='bbox 195 4815 349 4874; x_wconf 85' lang='lat' dir='ltr'><strong>perperam</strong></span> <span class='ocrx_word' id='word_1_657' title='bbox 364 4796 472 4854; x_wconf 89' lang='lat' dir='ltr'><strong>editum</strong></span> <span class='ocrx_word' id='word_1_658' title='bbox 487 4807 530 4853; x_wconf 86' lang='lat' dir='ltr'><strong>est</strong></span> <span class='ocrx_word' id='word_1_659' title='bbox 543 4794 729 4872; x_wconf 79' lang='grc' dir='ltr'>ηθεᾶμείόων.</span> <span class='ocrx_word' id='word_1_660' title='bbox 743 4797 798 4856; x_wconf 89' lang='lat' dir='ltr'><strong>Sed</strong></span> <span class='ocrx_word' id='word_1_661' title='bbox 845 4823 858 4848; x_wconf 79' lang='grc' dir='ltr'>ι</span> <span class='ocrx_word' id='word_1_662' title='bbox 874 4801 935 4854; x_wconf 84' lang='lat' dir='ltr'><strong>solo</strong></span> <span class='ocrx_word' id='word_1_663' title='bbox 947 4796 1010 4869; x_wconf 79' lang='lat' dir='ltr'><strong>suit</strong></span> <span class='ocrx_word' id='word_1_664' title='bbox 1029 4803 1129 4869; x_wconf 78' lang='lat' dir='ltr'><strong>regina</strong></span> <span class='ocrx_word' id='word_1_665' title='bbox 1159 4797 1252 4852; x_wconf 76' lang='lat' dir='ltr'><strong>Vento</strong></span> <span class='ocrx_word' id='word_1_666' title='bbox 1282 4796 1419 4868; x_wconf 75' lang='lat' dir='ltr'><strong>Cytherea</strong></span> <span class='ocrx_word' id='word_1_667' title='bbox 1446 4800 1575 4868; x_wconf 78' lang='lat' dir='ltr'><strong>virorum,</strong></span> <span class='ocrx_word' id='word_1_668' title='bbox 1605 4821 1618 4847; x_wconf 89' lang='grc' dir='ltr'>ν</span> 
     </span>
     <span class='ocr_line' id='line_1_52' title="bbox 14 4880 1622 4960; baseline -0.001 -21"><span class='ocrx_word' id='word_1_669' title='bbox 14 4881 142 4958; x_wconf 80' lang='lat' dir='ltr'><strong>Scaliger</strong></span> <span class='ocrx_word' id='word_1_670' title='bbox 157 4884 188 4941; x_wconf 91' lang='lat' dir='ltr'><strong>in</strong></span> <span class='ocrx_word' id='word_1_671' title='bbox 206 4881 444 4940; x_wconf 84' lang='lat' dir='ltr'><strong>annotationibus</strong></span> <span class='ocrx_word' id='word_1_672' title='bbox 460 4903 489 4959; x_wconf 89' lang='lat' dir='ltr'><strong>p.</strong></span> <span class='ocrx_word' id='word_1_673' title='bbox 506 4884 563 4938; x_wconf 81' lang='lat'><strong>216</strong></span> <span class='ocrx_word' id='word_1_674' title='bbox 581 4903 588 4938; x_wconf 75' lang='grc' dir='ltr'><strong>ε</strong></span> <span class='ocrx_word' id='word_1_675' title='bbox 610 4883 680 4958; x_wconf 80' lang='lat' dir='ltr'><strong>lege,</strong></span> <span class='ocrx_word' id='word_1_676' title='bbox 693 4884 797 4960; x_wconf 89' lang='lat' dir='ltr'><strong>inquit,</strong></span> <span class='ocrx_word' id='word_1_677' title='bbox 840 4884 981 4960; x_wconf 85' lang='lat' dir='ltr'><strong>suspicari</strong></span> <span class='ocrx_word' id='word_1_678' title='bbox 994 4883 1071 4954; x_wconf 86' lang='lat' dir='ltr'><strong>licet,</strong></span> <span class='ocrx_word' id='word_1_679' title='bbox 1086 4901 1152 4940; x_wconf 91' lang='lat' dir='ltr'><strong>eum</strong></span> <span class='ocrx_word' id='word_1_680' title='bbox 1174 4884 1205 4939; x_wconf 90' lang='lat' dir='ltr'><strong>in</strong></span> <span class='ocrx_word' id='word_1_681' title='bbox 1227 4901 1280 4940; x_wconf 88' lang='lat' dir='ltr'><strong>suo</strong></span> <span class='ocrx_word' id='word_1_682' title='bbox 1295 4881 1424 4939; x_wconf 77' lang='lat' dir='ltr'><strong>Athenaei</strong></span> <span class='ocrx_word' id='word_1_683' title='bbox 1438 4880 1537 4938; x_wconf 89' lang='lat' dir='ltr'><strong>codice</strong></span> <span class='ocrx_word' id='word_1_684' title='bbox 1551 4881 1622 4938; x_wconf 90' lang='lat' dir='ltr'><strong>scri·</strong></span> 
     </span>
     <span class='ocr_line' id='line_1_53' title="bbox 13 4957 1621 5047; baseline -0.001 -22"><span class='ocrx_word' id='word_1_685' title='bbox 13 4969 81 5029; x_wconf 63' lang='grc' dir='ltr'>εἶδέ.</span> <span class='ocrx_word' id='word_1_686' title='bbox 95 4969 241 5046; x_wconf 79' lang='lat' dir='ltr'><strong>intelligit</strong></span> <span class='ocrx_word' id='word_1_687' title='bbox 255 4971 334 5028; x_wconf 90' lang='lat' dir='ltr'><strong>enim</strong></span> <span class='ocrx_word' id='word_1_688' title='bbox 346 4969 394 5038; x_wconf 75' lang='grc' dir='ltr'><strong>τὴν</strong></span> <span class='ocrx_word' id='word_1_689' title='bbox 408 4967 507 5045; x_wconf 86' lang='grc' dir='ltr'>γίνεσιν</span> <span class='ocrx_word' id='word_1_690' title='bbox 520 4972 550 5026; x_wconf 77' lang='grc' dir='ltr'><strong>ἐκ</strong></span> <span class='ocrx_word' id='word_1_691' title='bbox 563 4971 609 5040; x_wconf 83' lang='grc' dir='ltr'>τῆς</span> <span class='ocrx_word' id='word_1_692' title='bbox 623 4969 796 5041; x_wconf 76' lang='grc' dir='ltr'>ἀλλοιώσεως,</span> <span class='ocrx_word' id='word_1_693' title='bbox 841 4983 921 5047; x_wconf 89' lang='lat' dir='ltr'><strong>ptum</strong></span> <span class='ocrx_word' id='word_1_694' title='bbox 935 4969 1110 5028; x_wconf 77' lang='lat' dir='ltr'><strong>offendisse:</strong></span> <span class='ocrx_word' id='word_1_695' title='bbox 1127 4967 1195 5027; x_wconf 69' lang='grc' dir='ltr'>ἀλλὰ</span> <span class='ocrx_word' id='word_1_696' title='bbox 1206 4967 1307 5047; x_wconf 83' lang='grc' dir='ltr'>Κύπρις</span> <span class='ocrx_word' id='word_1_697' title='bbox 1319 4967 1438 5046; x_wconf 78' lang='grc' dir='ltr'>βασίλεια</span> <span class='ocrx_word' id='word_1_698' title='bbox 1450 4969 1578 5042; x_wconf 78' lang='grc' dir='ltr'>γυναικῶν</span> <span class='ocrx_word' id='word_1_699' title='bbox 1587 4957 1621 5036; x_wconf 67' lang='grc' dir='ltr'>ἦν</span> 
     </span>
     <span class='ocr_line' id='line_1_54' title="bbox 12 5052 1619 5135; baseline -0.001 -23"><span class='ocrx_word' id='word_1_700' title='bbox 12 5075 68 5112; x_wconf 82' lang='lat' dir='ltr'><strong>non</strong></span> <span class='ocrx_word' id='word_1_701' title='bbox 85 5061 116 5114; x_wconf 82' lang='grc' dir='ltr'>ε’νι</span> <span class='ocrx_word' id='word_1_702' title='bbox 135 5062 187 5130; x_wconf 77' lang='grc' dir='ltr'>τῆς</span> <span class='ocrx_word' id='word_1_703' title='bbox 212 5055 363 5134; x_wconf 76' lang='grc' dir='ltr'>μιτειόολῆς</span> <span class='ocrx_word' id='word_1_704' title='bbox 387 5058 463 5128; x_wconf 88' lang='lat' dir='ltr'><strong>lieri,</strong></span> <span class='ocrx_word' id='word_1_705' title='bbox 487 5077 575 5134; x_wconf 91' lang='lat' dir='ltr'><strong>quum</strong></span> <span class='ocrx_word' id='word_1_706' title='bbox 592 5057 662 5116; x_wconf 92' lang='lat' dir='ltr'><strong>dicit</strong></span> <span class='ocrx_word' id='word_1_707' title='bbox 673 5060 796 5118; x_wconf 81' lang='lat' dir='ltr'><strong>formam</strong></span> <span class='ocrx_word' id='word_1_708' title='bbox 839 5081 868 5115; x_wconf 86' lang='grc' dir='ltr'><strong>τε</strong></span> <span class='ocrx_word' id='word_1_709' title='bbox 877 5056 922 5113; x_wconf 76' lang='grc' dir='ltr'><strong>καί</strong></span> <span class='ocrx_word' id='word_1_710' title='bbox 933 5055 1102 5135; x_wconf 80' lang='grc' dir='ltr'>θνθρῶν,νο1</span> <span class='ocrx_word' id='word_1_711' title='bbox 1111 5056 1206 5114; x_wconf 85' lang='lat' dir='ltr'><strong>simile</strong></span> <span class='ocrx_word' id='word_1_712' title='bbox 1213 5055 1320 5131; x_wconf 90' lang='lat' dir='ltr'><strong>quidin</strong></span> <span class='ocrx_word' id='word_1_713' title='bbox 1331 5053 1506 5114; x_wconf 81' lang='lat' dir='ltr'><strong>membranis</strong></span> <span class='ocrx_word' id='word_1_714' title='bbox 1515 5052 1619 5130; x_wconf 86' lang='lat' dir='ltr'><strong>depre-</strong></span> 
     </span>
     <span class='ocr_line' id='line_1_55' title="bbox 11 5144 981 5208; baseline 0.005 -7"><span class='ocrx_word' id='word_1_715' title='bbox 11 5156 122 5204; x_wconf 78' lang='lat' dir='ltr'><strong>tantuna</strong></span> <span class='ocrx_word' id='word_1_716' title='bbox 146 5149 266 5208; x_wconf 85' lang='lat' dir='ltr'><strong>mutari.</strong></span> <span class='ocrx_word' id='word_1_717' title='bbox 284 5145 442 5204; x_wconf 72' lang='lat' dir='ltr'><strong>deserenda</strong></span> <span class='ocrx_word' id='word_1_718' title='bbox 459 5160 552 5205; x_wconf 88' lang='lat' dir='ltr'><strong>autem</strong></span> <span class='ocrx_word' id='word_1_719' title='bbox 566 5165 630 5204; x_wconf 89' lang='lat' dir='ltr'><strong>cum</strong></span> <span class='ocrx_word' id='word_1_720' title='bbox 646 5147 795 5206; x_wconf 73' lang='lat' dir='ltr'><strong>holstenio</strong></span> <span class='ocrx_word' id='word_1_721' title='bbox 839 5144 981 5206; x_wconf 86' lang='lat' dir='ltr'><strong>hendisse.</strong></span> 
     </span>
    </p>
   </div>
   <div class='ocr_carea' id='block_1_5' title="bbox 921 4223 1653 4393">
    <p class='ocr_par' dir='ltr' id='par_1_17' title="bbox 921 4223 1653 4393">
     <span class='ocr_line' id='line_1_56' title="bbox 921 4223 1520 4305; baseline -0.005 -18"><span class='ocrx_word' id='word_1_722' title='bbox 921 4225 1006 4287; x_wconf 80' lang='grc' dir='ltr'>Οόπινν</span> <span class='ocrx_word' id='word_1_723' title='bbox 1017 4224 1158 4305; x_wconf 78' lang='grc' dir='ltr'>λευγαλέον</span> <span class='ocrx_word' id='word_1_724' title='bbox 1167 4225 1227 4284; x_wconf 88' lang='grc' dir='ltr'>τότε</span> <span class='ocrx_word' id='word_1_725' title='bbox 1244 4223 1350 4291; x_wconf 82' lang='grc' dir='ltr'>Νείκεος</span> <span class='ocrx_word' id='word_1_726' title='bbox 1361 4225 1520 4298; x_wconf 81' lang='grc' dir='ltr'>ἠπίσταντο,</span> 
     </span>
     <span class='ocr_line' id='line_1_57' title="bbox 921 4311 1653 4393; baseline 0 -22"><span class='ocrx_word' id='word_1_727' title='bbox 921 4315 980 4374; x_wconf 82' lang='grc' dir='ltr'>οὐδὲ</span> <span class='ocrx_word' id='word_1_728' title='bbox 991 4313 1139 4392; x_wconf 84' lang='grc' dir='ltr'>Διακρίσιος</span> <span class='ocrx_word' id='word_1_729' title='bbox 1149 4311 1345 4393; x_wconf 81' lang='grc' dir='ltr'>πολυμεμρέος,</span> <span class='ocrx_word' id='word_1_730' title='bbox 1360 4311 1418 4370; x_wconf 81' lang='grc' dir='ltr'>οὐδὲ</span> <span class='ocrx_word' id='word_1_731' title='bbox 1435 4315 1579 4389; x_wconf 77' lang='grc' dir='ltr'>Κυδοιμοῢ.</span> <span class='ocrx_word' id='word_1_732' title='bbox 1650 4384 1653 4391; x_wconf 28' lang='grc' dir='ltr'>Ι</span> 
     </span>
    </p>
   </div>
   <div class='ocr_carea' id='block_1_6' title="bbox 0 0 1929 5926">
    <p class='ocr_par' dir='ltr' id='par_1_18' title="bbox 0 0 1929 5926">
     <span class='ocr_line' id='line_1_58' title="bbox 0 0 1929 5926; baseline 0 0"><span class='ocrx_word' id='word_1_733' title='bbox 0 0 1929 5926; x_wconf 95' lang='lat' dir='ltr'><strong> </strong></span> 
     </span>
    </p>
   </div>
  </div>
 </body>
</html>
