3708 5916
261 416 318 471 m
510 345 520 364 ’
787 395 990 466 auaocus
1009 403 1352 496 couuuuramus

259 538 352 607 θείας
365 539 490 617 ἀρετῆς
504 535 653 615 ἀνάγαυσα,
666 537 701 602 rh<
715 543 741 595 lv
755 543 809 602 τοῖς
829 534 887 608 ίξῆς
909 535 984 595 lator
998 537 1045 608 δη-
1088 537 1154 617 πρός
1169 537 1310 618 βεύαίωσιν
1322 539 1373 596 τῶν
1384 536 1532 614 δογμάτων·
1542 539 1586 598 καὶ
1596 535 1636 616 μὴ
1646 540 1721 616 μύνυν
1733 543 1758 603 εδ
1768 548 1823 616 airh

258 627 360 684 λοῦται.
402 623 442 684 Τδ
463 624 490 684 δθ
513 625 654 701 ἀναγκαῖον
679 627 726 694 τῆς
749 629 863 702 συναφῆς
880 622 979 682 τούτων
998 623 1045 682 καὶ
1088 625 1153 706 ίρα
1166 625 1227 705 περλ
1241 629 1320 686 αύτοῦ
1336 625 1432 703 λέγειν,
1448 625 1516 685 ἀλλά
1531 626 1575 686 καλ
1595 633 1693 685 ταῦτα·
1702 628 1772 696 ούτως
1787 635 1824 712 ἔγετ

258 709 328 789 ὅρκῳ
348 717 494 770 πιστοῦται.
537 709 576 770 'll
596 709 647 789 γάρ
667 712 754 777 καλῶς
777 711 916 784 κτηθεῖσαν
930 709 978 782 τὴν
999 711 1045 767 άν-
1088 713 1127 783 νὴ
1145 712 1202 772 τθν
1221 713 1334 774 αὐτόν.
1377 713 1464 790 Ὀμοῦ
1480 714 1506 772 δὲ
1521 715 1581 795 περλ
1598 720 1646 786 τῆς
1662 705 1825 782 τῦνκαλλίεω

258 797 389 876 θρωπίνην
405 797 500 880 ἀρετὴν
514 797 579 876 πρθς
596 797 644 868 τὴν
656 798 728 856 θείαν
748 796 846 856 ὁδεύειν
866 797 1000 873 ὁμοίωσιν,
1017 787 1046 856 τύ
1089 800 1167 870 ἕξεων
1189 804 1305 880 συναφῆς
1318 801 1422 878 ὀμνύων
1437 803 1562 879 θεολογεῐ,
1574 801 1621 860 καλ
1642 803 1692 874 τλν
1711 811 1833 886 τετράδι,

259 887 333 963 μάλα
353 885 546 964 διατεταμένως
559 883 695 963 ὀμνυσινὸ
714 884 744 944 τθ
767 885 873 946 Σίύσυ
896 884 995 967 ὀρκον
1017 889 1043 946 ἀν
1089 887 1202 968 πηγὴν
1216 889 1277 959 τῆς
1293 888 1404 949 ἀϊδίου
1419 889 1833 972 ὀιακοαμήσεως,ἀποραίιιττιτὴεί

260 974 339 1054 ἀρχῇ·
354 972 545 1052 παραγγείλας.
587 969 644 1044 Τὴν
667 971 728 1052 γάρ’
741 971 844 1052 ἀπσχὴν
866 977 912 1032 τοῦ
936 973 1045 1050 ὀμνύναι
1090 973 1172 1048 αὐτὴν
1186 966 1267 1034 σύααν
1280 977 1320 1056 τῷ
1337 977 1489 1057 δημιουργῷ
1507 979 1568 1055 θεῷ.
1609 980 1676 1044 nte
1696 979 1722 1038 ὀί
1742 987 1827 1062 τετρὰς

259 1060 417 1139 προστάττει
440 1061 575 1142 περὶτῶν
600 1058 786 1140 ἀνδερσμίνων,
812 1060 858 1120 καί
880 1060 976 1133 άδηλον
998 1063 1045 1132 τῆς
1089 1063 1186 1135 δθεόςς
1203 1061 1284 1130 ούτως
1310 1066 1341 1122 ίκ
1361 1069 1409 1122 τσῦ
1434 1067 1469 1132 είς
1497 1065 1656 1145 Πυθαγόραν
1683 1069 1833 1147 ἀναφερομένη

260 1145 391 1216 ὀκύείσεως
405 1145 663 1227 θχόντωντόπίρσς.
704 1149 798 1208 Ταῦτα
811 1147 863 1227 γάρ
884 1147 930 1206 καί
945 1148 1042 1226 μικρά,
1089 1151 1174 1232 Ἱεροῦ
1195 1151 1281 1230 Λάγου
1303 1155 1393 1232 σαφῶς
1408 1152 1542 1232 εύρήσεις,
1558 1155 1584 1212 ἀν
1598 1145 1621 1235 ᾧ
1637 1154 1827 1234 ἀριθμδςάριθμῐε

260 1233 305 1294 καλ
321 1234 532 1311 μεταπίπτοντα·
547 1231 586 1292 διδ
602 1227 746 1301 ούτεάξισν
761 1235 804 1292 ἐπ’
817 1235 904 1300 αὐτοῖς
917 1232 1044 1312 ὀμνύναι,
1089 1239 1172 1308 leel<
1185 1243 1316 1317 ὀμνιίται.
1361 1243 1394 1302 El
1405 1239 1457 1322 γάρ
1474 1240 1508 1300 τά
1529 1241 1593 1301 ὀντα
1605 1241 1693 1302 πάντα
1712 1253 1760 1310 ταῖς
1770 1246 1833 1314 litte,

259 1320 313 1380 οὔτ’
330 1318 460 1399 &mdiv
470 1322 500 1380 Οὔ
514 1320 565 1400 γὰρ
578 1319 616 1400 lp'
627 1325 690 1397 ἡμῖν
707 1323 742 1388 ete
756 1320 838 1400 πέρας
850 1320 917 1380 ῦῦτθ
928 1323 1044 1399 emate.
1090 1331 1168 1388 αὐτοῦ
1184 1327 1338 1406 βουλήσεσιν
1352 1327 1501 1408 ύιρίστηκε,
1517 1331 1594 1400 δῆλον
1606 1330 1647 1390 ὅτι
1658 1331 1702 1388 καί
1716 1321 1833 1410 ὁάριθμθςί

262 1408 331 1485 Πιρί
351 1407 379 1469 δὲ
397 1413 449 1468 τῶν
472 1408 617 1489 παρόντων,
638 1408 787 1487 ἀναγκαίως
809 1431 838 1467 τε
863 1408 1045 1486 συνημμίνων,
1089 1418 1116 1475 ἀν
1128 1417 1231 1496 ἑκάστῳ
1243 1415 1305 1475 είδει
1316 1419 1367 1474 τῶν
1382 1417 1462 1476 ὄντων
1474 1421 1522 1488 τῆς
1535 1417 1642 1476 ίκείνων
1654 1419 1833 1500 αίτίαςῆρτητη

261 1496 307 1568 καλ
321 1494 452 1574 μεγίστων
465 1495 558 1574 ὀντων,
570 1495 685 1578 ἀσραλίς
698 1495 728 1555 τό
740 1495 863 1572 ὀμνύναι,
874 1496 920 1556 καλ
933 1498 1043 1574 τρίπον.
1090 1504 1135 1564 καὶ
1148 1507 1162 1563 ὁ
1173 1509 1276 1584 πρῶτος
1290 1503 1396 1582 ἀριθμὸς
1411 1507 1467 1562 ἐκεῖ
1485 1505 1535 1564 πού
1559 1506 1640 1564 ἐστιν·
1655 1507 1743 1564 ἐκεῖθεν
1754 1508 1791 1586 γὰρ
1800 1533 1833 1566 ει-

260 1581 332 1642 Ούτε
343 1584 394 1663 γὰρ
403 1583 433 1643 τὸ
446 1585 609 1660 μεταπῖπτσν
621 1587 672 1641 τῶν
685 1583 848 1662 πραγμάτοιν
858 1589 928 1662 ἡμᾶς
939 1584 970 1642 ἀν
982 1607 1045 1644 ποτε
1089 1597 1184 1654 eahta,
1226 1595 1282 1651 Τοῦ
1297 1590 1323 1650 dl
1340 1594 1449 1668 ἀριθμοῦ
1464 1590 1494 1650 τὸ
1516 1593 1716 1672 πεπερασμένον
1735 1579 1833 1670 iidemu}

261 1671 368 1750 σφήλειε
386 1672 495 1748 (δέδεται
511 1670 561 1750 γάρ
574 1671 637 1749 πρὸς
651 1669 755 1741 άλληλα
770 1675 859 1751 θεσμῷ
873 1673 1043 1748 ἀδραστείας,
1090 1679 1209 1748 illexit.
1253 1677 1287 1737 Ὁ
1305 1677 1355 1756 γάρ
1379 1677 1423 1734 tal
1445 1679 1523 1737 πλέον
1550 1681 1669 1760 ἀριθμεῖν
1692 1681 1772 1740 ἐθέλων
1789 1669 1833 1740 ἀντί

262 1757 322 1838 περὶ
332 1749 368 1816 hv
380 1762 395 1816 θ
406 1757 479 1837 ύρκσς
491 1757 549 1816 νυνὶ
563 1757 676 1837 γίνεται)
690 1757 749 1816 οὔτε
769 1759 799 1818 τθ
819 1757 940 1817 ταπεινόν
962 1761 1045 1817 αὐτῶν
1091 1759 1207 1832 κάμπτει
1218 1755 1299 1815 πάλιν
1311 1757 1355 1814 ὀπί
1369 1756 1399 1814 τό
1413 1755 1449 1828 ἕν,
1462 1757 1506 1815 καλ
1518 1758 1579 1829 δύο,
1599 1760 1646 1818 καί
1659 1760 1726 1836 τρία·
1744 1763 1779 1818 καὶ
1794 1743 1833 1834 διαί

239 1911 243 1920 ¹
260 1843 306 1902 καὶ
320 1845 482 1923 χαμαιπετθς
495 1849 539 1904 τοῦ
552 1845 621 1903 θείου
634 1845 681 1917 τὴν
704 1845 894 1925 ἐπιμαρτυρίαν
915 1849 1044 1924 ἀρνεῖται·
1090 1844 1167 1914 τίραν
1183 1844 1288 1925 ἀριθμεῖ
1302 1845 1399 1903 δεκάδα
1412 1843 1475 1924 πρὸς
1487 1844 1535 1915 τὴν
1550 1849 1596 1917 τῆς
1610 1846 1735 1914 εἰκοσάδσς
1744 1843 1833 1924 narii-l

261 1933 371 2001 ἀλήθεια
384 1932 434 2011 γθρ
446 1931 491 1990 καλ
504 1930 582 2013 ἀρετὴ
597 1934 625 1991 σύ
640 1935 718 2008 μόνον
738 1933 807 1990 lotis
831 1934 859 1990 ίν
881 1933 1043 2012 ἀνθρώποις,
1092 1953 1179 2011 ρωσιν·
1200 1932 1247 1990 καλ
1269 1931 1360 2010 τρίτην
1384 1930 1497 2007 δμοίως,
1512 1931 1555 1990 ἵνα
1572 1933 1709 2010 τριάκοντα
1730 1935 1789 2010 είτη·
1801 1921 1833 2016 aa}

261 2019 330 2077 ἀλλά
345 2019 391 2078 καὶ
404 2022 431 2078 dv
445 2025 510 2088 θεοῖς
524 2019 556 2078 el
569 2021 692 2098 με’γιστα.
746 2020 861 2080 Ἔπειτα
882 2020 928 2079 καί
946 2019 1047 2098 ὀόρκος
1090 2027 1166 2079 τοῦτο
1189 2019 1263 2093 ἑξῆς,
1281 2015 1329 2085 ἕως
1355 2018 1386 2078 διν
1412 2019 1523 2090 δεκάτην
1550 2019 1698 2100 ἀριθμήσας
1719 2022 1793 2080 δεκάδι
1805 2017 1833 2088 del

262 2109 335 2187 αύτῷ
351 2108 450 2184 γίνεται
463 2109 564 2186 δόγμα,
577 2105 616 2165 ύτι
627 2107 672 2166 τὸν
694 2107 851 2167 διδάσκαλον
865 2111 912 2178 τῆς
926 2107 1048 2179 ἀληθείας
1085 2108 1183 2166 άιιατὸν
1204 2107 1328 2185 προέλθῃ.
1374 2106 1427 2166 Καί
1442 2107 1521 2165 πάλιν
1545 2108 1639 2168 ίκατόν
1656 2108 1715 2167 δέκα
1727 2111 1762 2168 τόν
1779 2113 1833 2168 eti-a

262 2195 331 2254 υύτω
350 2195 403 2256 δίαι
423 2205 511 2273 τιμάν,
525 2201 559 2264 ὥς
580 2196 626 2255 καὶ
640 2196 751 2272 ὀμνύναι
775 2194 864 2270 αὐτόν,
877 2193 901 2253 εί
923 2217 973 2254 που
995 2195 1047 2254 δι’σι
1091 2195 1186 2266 τρόπον
1213 2194 1327 2274 ἀριθμεῖ.
1371 2193 1426 2254 Καὶ
1440 2193 1508 2252 οὕτω
1530 2195 1625 2274 μέχρις
1639 2197 1737 2276 ἀπείρου
1757 2201 1833 2274 adrisi

263 2395 459 2450 necessitatem
472 2374 660 2469 jurejurando
675 2395 759 2449 etiam
775 2391 933 2449 confirmat.
946 2391 1044 2448 Virtu—
1091 2409 1168 2445 mum
1178 2389 1217 2446 ibi
1230 2407 1377 2444 numerum
1391 2406 1466 2458 εσσε,
1477 2389 1554 2444 illinc
1564 2390 1643 2444 euim
1653 2390 1706 2446 huc
1715 2389 1833 2462 derivatae,

262 2489 319 2536 teus
334 2483 409 2538 enim
427 2481 578 2536 humanam
590 2482 644 2536 rite
656 2481 799 2554 quaesitam
811 2477 928 2534 tendere
947 2476 984 2532 ad
998 2476 1045 2531 di·
1076 2535 1077 2541 ,
1094 2477 1245 2534 Definitum
1266 2489 1362 2533 aretem
1387 2478 1498 2532 numeri
1522 2478 1700 2533 intervallrun
1719 2473 1833 2533 sedeces

261 2569 358 2624 vinam
384 2566 598 2624 similitudinem
634 2578 823 2624 asseveranter
846 2568 870 2622 is
887 2565 966 2638 jurat
995 2565 1045 2638 qui
1092 2566 1147 2636 Qui
1160 2565 1236 2619 enim
1249 2564 1367 2619 ulterius
1381 2580 1532 2618 numerare
1542 2565 1602 2617 vult
1614 2564 1651 2618 ad
1668 2583 1745 2620 unum
1758 2566 1823 2619 itenn

261 2643 334 2711 illud
348 2659 547 2727 jusjurandum
562 2659 622 2710 cole
635 2657 717 2710 initio
742 2656 887 2728 praecepit.
911 2653 956 2710 lbi
970 2654 1046 2708 enim
1092 2661 1120 2705 et
1138 2649 1195 2707 duo
1215 2661 1244 2705 et
1257 2649 1310 2705 tria
1323 2649 1495 2724 regreditur,
1517 2661 1547 2705 et
1563 2651 1712 2706 secundam
1730 2651 1822 2706 decadae

263 2761 316 2798 nos
326 2742 410 2813 jubet
418 2742 607 2814 jurejurando
618 2743 759 2798 abstinere
769 2743 798 2796 in
809 2742 894 2796 rebus
906 2751 968 2814 quse
982 2738 1044 2795 lieri
1094 2749 1242 2805 numerat,
1257 2747 1290 2791 ut
1302 2738 1478 2793 vicenarium
1492 2755 1645 2792 uulnerum
1663 2736 1792 2812 compleat3
1806 2748 1823 2791 et

256 2838 383 2904 'possunt
396 2841 425 2885 et
448 2849 510 2902 quae
526 2828 643 2884 eventds
656 2827 741 2883 finem
761 2827 868 2883 habeut
889 2829 1042 2884 incertum.
1094 2828 1204 2881 tertiam
1221 2826 1362 2894 similiter,
1378 2834 1410 2878 ut
1424 2825 1540 2900 triginta
1562 2825 1653 2896 dicat;
1665 2827 1774 2898 idemque
1781 2826 1821 2879 lacit

265 2919 339 2974 Nam
353 2935 442 2990 quum
457 2917 498 2971 hae
517 2927 547 2972 et
558 2933 652 2990 parvae
666 2916 721 2970 sint
735 2925 763 2970 et
779 2915 946 2988 mutabiles,
959 2917 989 2968 in
1011 2915 1044 2968 iis
1092 2911 1241 2985 deinceps,
1256 2911 1348 2966 donec
1361 2911 1472 2966 decima
1484 2911 1591 2967 decade
1607 2924 1741 2968 numerata
1749 2913 1774 2966 ad
1784 2931 1833 2965 cen»

263 3003 359 3077 jurare
373 3022 467 3078 neque
479 3003 563 3058 decet
582 3020 676 3076 neque
692 3013 784 3057 tutum
797 3014 853 3072 est,
867 3003 934 3076 quia
947 3019 994 3057 eas
1006 3002 1043 3057 ad
1091 3009 1151 3054 tum
1173 2999 1330 3072 perveniat.
1354 3001 1388 3054 Et
1401 3017 1497 3053 rursus
1520 3010 1638 3054 centum
1653 3000 1738 3056 decern
1756 2999 1833 3089 εσθαι,

163 3147 168 3154 ,
263 3093 373 3146 exitum
396 3090 557 3146 adducendi
572 3100 742 3162 potestatem
767 3107 825 3144 non
846 3089 992 3145 habemus.
1010 3089 1045 3143 ln
1092 3087 1181 3142 modo
1200 3097 1341 3144 numerat.
1366 3083 1413 3142 Sic
1437 3097 1530 3142 autem
1552 3088 1582 3141 in
1606 3085 1833 3154 inlinitumdeudsl

263 3177 349 3234 rebus
362 3177 546 3250 presentibus
557 3186 653 3232 autem
668 3187 696 3232 et
709 3178 864 3231 necessaria
875 3177 946 3232 serie
956 3193 1046 3248 copu·
1092 3176 1243 3230 intervallo
1255 3173 1386 3229 revoluto
1399 3173 1534 3247 progredi
1548 3185 1655 3247 potest.
1668 3174 1767 3230 Decadis
1779 3189 1818 3224 τετυ
1832 3195 1833 3290 γ

266 3265 329 3320 latis
349 3276 378 3320 et
399 3265 569 3338 gravissimis
589 3262 687 3335 jurare
715 3273 808 3318 tutum
829 3272 871 3318 est
894 3280 926 3318 ac
952 3259 1066 3318 decet,
1092 3265 1180 3317 virtus
1194 3267 1440 3334 estquuternarr'us
1461 3281 1603 3320 numerus.
1618 3267 1736 3334 Namque
1746 3271 1790 3315 ante
1799 3260 1833 3336 it,

264 3353 365 3423 Neque
387 3351 600 3423 enimipsarum
624 3367 720 3404 rerum
737 3350 909 3405 mutabilitas
926 3367 979 3404 nos
994 3365 1046 3402 un-
1092 3350 1166 3418 lam,
1191 3367 1254 3423 quae
1289 3349 1319 3402 in
1346 3367 1532 3404 numerorum
1562 3343 1833 3426 programmatis}

265 3455 354 3510 quam
377 3438 509 3495 fefellerit
536 3439 661 3512 (quippe
687 3438 823 3494 Adrastia
847 3440 908 3514 lege
926 3439 1000 3494 inter
1019 3455 1047 3492 se
1094 3437 1207 3493 decadis
1234 3435 1456 3510 perlectionem,
1483 3438 1564 3492 unita
1588 3437 1711 3509 quaedam
1726 3434 1833 3512 perlectis}

266 3526 364 3581 vincta
378 3537 444 3582 suut
459 3527 525 3595 illa,
540 3528 570 3581 in
587 3526 691 3600 quibus
703 3526 760 3583 hoc
772 3526 839 3582 loco
850 3525 1048 3598 jusjurandum
1092 3524 1151 3596 ejus
1161 3527 1189 3580 in
1199 3529 1377 3597 quaternario
1386 3543 1500 3580 numero
1509 3524 1732 3598 deprehenditur.
1741 3517 1833 3577 lucen-3

250 3611 440 3690 ,adlubeturh
452 3631 545 3686 neque
556 3632 654 3670 earum
664 3615 757 3668 vilitas
764 3625 793 3670 et
801 3614 944 3670 humilitas
955 3616 1047 3670 Deum
1095 3614 1238 3689 positione
1250 3613 1325 3668 enim
1339 3613 1375 3667 ab
1388 3614 1496 3667 unitate
1507 3611 1545 3668 ad
1560 3617 1751 3686 quaternariam
1759 3625 1819 3662 nune·
1832 3599 1833 3618 ³

267 3709 367 3755 testem
381 3709 511 3770 recusat3
531 3702 635 3756 veritas
648 3703 724 3756 enim
737 3713 766 3756 et
778 3703 868 3758 virtus
882 3719 941 3758 non
955 3703 1046 3757 solum
1093 3721 1153 3756 rum
1164 3702 1236 3757 sacta
1248 3709 1340 3756 totum
1355 3699 1439 3754 simul
1448 3699 1599 3754 collectum
1611 3711 1652 3755 ost
1664 3698 1740 3754 decas.
1750 3694 1819 3750 Eteuin

266 3787 346 3860 apud
361 3788 508 3857 homines,
532 3789 582 3844 sed
600 3789 678 3862 apud
697 3788 766 3844 deos
788 3807 905 3863 quoque
926 3790 1048 3845 maxima
1094 3809 1182 3847 unum
1202 3799 1231 3845 et
1245 3790 1303 3846 duo
1325 3801 1354 3845 et
1373 3790 1427 3843 tria
1451 3797 1479 3844 et
1502 3799 1628 3861 quatuor
1641 3787 1754 3843 decaden
1769 3793 1833 3836 eoa*

266 3885 341 3931 sunt.
358 3875 468 3931 Deinde
480 3887 509 3931 et
519 3873 719 3948 jusjurandum
731 3876 772 3930 illi
786 3873 890 3950 dogma
906 3873 957 3944 lit,
972 3877 1048 3931 reri·
1092 3879 1189 3952 pleat,
1204 3888 1288 3950 atque
1303 3877 1480 3933 arithmetica
1494 3875 1632 3932 medietas
1651 3873 1750 3930 unitatis
1758 3881 1779 3924 et
1790 3886 1818 3921 se·

267 3963 333 4016 tatis
345 3962 509 4036 magistrum
522 3980 558 4018 eo
568 3962 680 4018 honore
691 3961 922 4036 prosequendum
933 3979 1007 4033 esse,
1017 3973 1049 4018 ut
1093 3966 1214 4039 plenarii
1235 3965 1344 4021 numeri
1370 3975 1411 4021 est
1436 3969 1642 4038 quaternarius.
1663 3961 1755 4034 AEquali
1772 3956 1833 4011 enin,

268 4063 396 4120 pereum
410 4050 494 4104 etiam
502 4048 647 4121 juremus,
664 4051 687 4104 si
696 4047 814 4122 quaudo
828 4045 865 4105 ad
878 4051 1049 4123 placitorum
1094 4071 1213 4107 nurnero
1234 4062 1349 4126 superat
1372 4062 1401 4108 et
1424 4063 1591 4126 superatum
1619 4051 1717 4125 quippe
1736 4043 1817 4102 ternant

268 4131 515 4191 confirmationem
537 4155 610 4210 opus
630 4137 680 4206 sit,
700 4155 753 4192 nec
775 4135 869 4192 solum
895 4136 967 4192 illud
992 4141 1050 4210 ipse
1094 4158 1214 4196 numero
1238 4151 1390 4214 superatur
1414 4140 1639 4212 asoptenurio,¹
1653 4138 1765 4192 unitatem
1777 4146 1817 4183 tem

267 4221 344 4275 dicit
354 4219 390 4276 de
404 4239 440 4277 eo
455 4223 597 4294 dieamus,
619 4225 670 4279 sed
684 4227 767 4280 etiam
777 4224 837 4279 haec
849 4227 888 4280 ita
902 4243 931 4280 se
944 4225 1050 4282 habere
1095 4231 1219 4284 ternario
1234 4238 1357 4302 superat.
1379 4229 1502 4284 Unitatis
1516 4228 1593 4281 enim
1610 4236 1639 4282 et
1652 4220 1775 4300 septenarii
1787 4232 1817 4268 ιιι-

114 4342 119 4351 ,
216 4371 217 4374 Ἴ
265 4327 321 4382 per
330 4309 459 4368 eundem.
473 4309 562 4366 Simul
576 4328 645 4366 vero
657 4310 693 4366 de
709 4315 884 4386 optimorum
902 4314 1050 4368 habituum
1096 4319 1167 4372 meri
1182 4319 1372 4392 proprietates
1386 4309 1590 4390 ¹pulcherrimae
1610 4322 1672 4369 sunt
1686 4323 1711 4367 et
1723 4316 1818 4384 presul·

269 4394 482 4466 conjunctione,
495 4397 625 4453 adhibito
632 4397 836 4470 jurejurando,
851 4401 1050 4475 theologorum
1096 4405 1216 4461 tissimae.
1230 4405 1344 4476 Quippe
1353 4406 1444 4460 unitas
1455 4443 1463 4472 ,
1476 4413 1509 4458 ut
1520 4402 1631 4457 numeri
1645 4399 1757 4470 cujusque
1767 4392 1816 4464 pria·

267 4499 350 4539 altore
363 4485 460 4557 agitet
474 4491 681 4557 quaternarium
694 4505 849 4554 numeram,
876 4493 1051 4560 sempitemoe
1097 4493 1220 4567 cipiuru,
1240 4494 1368 4547 omnium
1385 4493 1415 4547 in
1437 4511 1467 4548 se
1491 4498 1643 4565 potestates
1656 4481 1816 4558 complttlilfllt

269 4587 367 4626 rerum
382 4572 590 4627 constitutionis
603 4569 863 4646 sontem,enndem
878 4585 906 4628 et
920 4573 1050 4648 opificem
1095 4581 1269 4652 septenarius
1289 4599 1359 4634 vero
1383 4597 1532 4646 numerus,
1552 4586 1585 4631 ut
1610 4585 1693 4630 matre
1714 4582 1785 4624 carru
1801 4569 1817 4612 et

269 4660 361 4714 Deuru
376 4676 434 4714 esse
450 4659 586 4716 declarat.
602 4659 756 4730 Quomodo
767 4679 835 4717 vero
857 4668 1052 4735 qrtaternarr'us
1097 4667 1197 4740 virgo,
1215 4667 1331 4720 unitatis
1356 4664 1522 4738 dignitatem
1548 4660 1670 4717 secundo
1685 4657 1739 4710 loco
1755 4647 1815 4744 hallel-

270 4763 400 4800 nuraenes
421 4749 496 4802 Deus
516 4749 575 4803 est?
600 4750 642 4802 lta
656 4765 715 4803 esse
733 4767 769 4804 ex
789 4748 879 4806 Sacro
893 4747 1049 4822 Sermone,
1096 4755 1196 4827 Neque
1209 4753 1284 4808 enim
1299 4771 1333 4808 ex
1346 4751 1406 4806 ullo
1418 4768 1553 4818 numero,
1565 4751 1614 4822 qui
1629 4743 1721 4802 decade
1732 4743 1815 4792 conuut·

272 4833 322 4904 qui
348 4823 518 4908 Pythagorae
538 4831 684 4904 tribuitur,
706 4835 791 4910 plane
819 4835 922 4906 disces,
943 4838 1051 4910 inquo
1100 4851 1156 4909 tur,
1170 4841 1305 4914 gignitur,
1317 4840 1361 4894 uti
1382 4848 1510 4911 quatuor
1522 4855 1556 4892 cx
1571 4837 1614 4891 his
1627 4831 1739 4893 duobus,
1756 4835 1777 4876 et
1787 4831 1815 4871 ⁵⁹¹

272 4919 349 4975 Deus
370 4939 556 4976 numerorum
580 4940 715 4979 numerus
743 4922 913 4981 celebratur.
930 4925 959 4980 Si
975 4927 1052 4980 enim
1099 4946 1133 4983 ex
1156 4927 1199 4982 bis
1212 4928 1320 4996 tribus,
1337 4936 1442 4982 etocto
1466 4943 1500 4980 ex
1516 4925 1560 4979 bis
1574 4933 1697 4996 quatuor,
1710 4925 1733 4970 el
1750 4919 1833 5000 nerea

273 5023 318 5060 res
339 5027 437 5065 onrnes
458 5011 636 5090 sempiternis
656 5010 716 5083 ejus
742 5012 866 5067 consiliis
884 5021 983 5068 creatae
1003 5031 1054 5068 ex·
1098 5025 1187 5069 exter
1208 5013 1313 5082 tribus,
1329 5022 1358 5068 et
1375 5010 1472 5068 decem
1485 5029 1519 5066 ex
1536 5011 1580 5066 bis
1594 5011 1709 5082 quinque
1724 5021 1729 5054 :
1743 4997 1833 5064 need*

274 5103 363 5163 stant,
376 5109 512 5171 apparet,
522 5115 672 5154 numerum
684 5118 812 5174 quoque,
822 5101 870 5173 qui
886 5101 914 5174 in
928 5101 1054 5174 qualibet
1099 5103 1158 5175 gnit
1173 5119 1271 5156 eorum
1288 5119 1477 5174 quemquam,
1493 5099 1543 5173 qui
1557 5097 1695 5153 suntintra
1712 5081 1813 5178 decada,

274 5197 369 5236 rerum
384 5185 476 5257 specie
487 5195 543 5256 est,
554 5203 589 5242 ex
603 5205 700 5244 earum
711 5205 794 5245 causa
806 5187 933 5264 pendere
948 5199 976 5245 et
988 5191 1050 5264 pri·
1099 5191 1131 5237 ut
1143 5187 1270 5246 binarius
1283 5207 1422 5250 ,numerus
1440 5189 1663 5264 quaternarIum,
1683 5191 1707 5237 et
1720 5179 1813 5232 tenuta
