3838 5926
475 407 513 466 m
537 400 780 466 rursuocms
800 401 1015 467 ciburrium
1035 400 1254 478 lillLlQlllAS.
1633 413 1667 464 θι

55 543 104 603 dio
126 559 192 602 aero
213 541 315 600 eadem
336 559 401 618 quae
420 541 648 598 memoravimus
666 539 843 596 laternarum
889 537 1007 596 licentia
1018 539 1079 595 sive
1091 537 1233 612 singulari
1247 535 1411 595 Siculorum
1433 553 1487 595 usu
1500 533 1536 595 ad
1554 539 1672 594 amendi

58 649 164 708 genera
182 631 370 700 exstiterint,
391 640 423 686 ut
437 639 515 706 patet
527 645 563 684 ex
577 625 750 705 scriptorum
770 625 844 684 locis
889 627 1036 683 notionem
1051 626 1212 683 transiisse.

58 727 241 802 allucangio
254 725 285 782 in
300 725 396 782 Gloss.
410 722 583 785 medetini.
597 723 645 780 lat.
656 742 681 783 s.
694 743 722 780 v.
735 725 844 782 laterna
929 711 977 771 vs·
1004 714 1072 769 2²3·
1097 711 1145 770 oic’
1165 712 1245 789 (111ού
1269 713 1300 770 ln
1327 711 1505 772 membranis
1529 715 1674 792 repetitur

58 813 210 890 allegatis,
236 811 350 870 nullum
374 824 469 870 tamen
490 824 751 886 rerumgestarum
774 831 844 889 pro.
890 799 1064 858 servandum
1078 812 1132 860 est.
1150 799 1320 858 liarstenius
1334 804 1356 856 oi
1372 800 1394 858 θ’
1408 802 1532 884 scripsit.

59 903 222 960 nuntiaturi
235 900 351 958 cuidam
363 899 399 956 ad
413 898 553 957 arcendos
567 910 669 956 ventos
683 918 845 957 accerrimo·
929 887 973 945 VS·
992 890 1057 945 2²6·
1073 886 1108 953 a<
1123 886 1150 946 δὲ
1171 889 1226 946 τότ’
1241 888 1314 965 aab]
1340 888 1504 948 Alexander
1527 888 1673 967 Aphrodi-

58 989 421 1063 ,Jatjusvisumestqmm
435 984 545 1062 quode
564 984 843 1058 lignisercornuum
890 975 1175 1034 sicusisComment.
1199 977 1252 1034 cit.
1273 975 1292 1034 l'.
1315 995 1390 1050 99³
1416 975 1578 1033 mendose:
1601 974 1675 1042 ὡςθ’
1757 1027 1761 1034 .

58 1077 180 1135 laminis
205 1075 428 1134 conficiebatur.
458 1072 552 1150 liujus
580 1071 671 1130 verba
698 1073 845 1148 Ducangio
891 1061 968 1122 ὁπότε
983 1062 1100 1139 μῆνῑγξθ
1116 1059 1274 1142 εἷργόμὲνῠν.
1292 1063 1433 1122 Caetemm
1456 1065 1589 1122 codicum
1613 1065 1677 1122 Arl-

58 1179 130 1224 1031,
145 1177 243 1224 sunt:
271 1189 284 1215 .
302 1161 484 1237 Excogitavit
498 1160 575 1218 uude
589 1159 673 1218 talem
691 1173 844 1240 ventorum
891 1152 1075 1209 stoteleorum
1084 1150 1299 1230 scripturamiir
1312 1151 1339 1209 δὲ
1350 1151 1403 1209 τότ’
1417 1153 1476 1211 κτλ.
1490 1152 1610 1210 retineri
1623 1173 1677 1230 par

57 1252 256 1312 sufflationem
269 1249 425 1329 prohibere
437 1260 546 1327 posset,
558 1248 740 1324 consilioque
752 1250 844 1307 artist-
890 1253 950 1308 est,
966 1261 1055 1318 quum
1070 1241 1233 1300 nesciamus
1249 1262 1265 1300 e
1280 1261 1337 1318 qua
1353 1241 1512 1300 carminum
1527 1255 1607 1318 parte
1621 1241 1677 1300 lroc

57 1341 138 1400 ,50⁵2
157 1354 247 1416 atque
265 1340 412 1417 sapienter
433 1339 554 1394 invenio
575 1337 733 1395 lanternam
754 1356 790 1394 ex
810 1338 845 1396 li.
866 1269 872 1400 l
892 1327 1075 1405 Empedoclis
1099 1327 1292 1403 fragmentum
1322 1329 1443 1405 petitum
1467 1330 1522 1387 sit.
1548 1327 1678 1386 Fortasse

58 1429 126 1502 gnis
146 1440 178 1486 et
192 1427 315 1485 bovinis
337 1423 477 1484 cornibus
498 1423 695 1501 pulcherrime
717 1426 845 1483 construi
893 1414 965 1472 illud
980 1413 1039 1473 τότε
1053 1417 1163 1493 parlier·
1178 1428 1264 1492 alque
1278 1414 1447 1493 imperfecta
1461 1414 1598 1493 λῠχᾶζῑτθν
1616 1413 1679 1474 ἀπί-

58 1516 222 1594 imperavit
243 1514 369 1591 (bovina
381 1531 506 1589 namque
518 1531 628 1570 cornua
641 1511 708 1570 alba
721 1512 846 1570 tenuiter
893 1531 985 1586 στιγσν
1001 1511 1169 1569 reseruntur
1182 1511 1218 1569 ad
1233 1523 1347 1590 tempus
1361 1531 1420 1589 quo
1431 1513 1558 1589 primum
1572 1513 1648 1570 oculi
1660 1532 1679 1571 a

57 1603 196 1662 dolabris
219 1621 304 1674 rasa,
327 1621 386 1660 non
410 1603 508 1658 miuus
527 1601 620 1658 ritreo
641 1599 761 1658 vasculo
782 1601 847 1658 elu-
892 1594 1002 1654 Venere
1015 1596 1225 1658 formabantur.
1239 1598 1284 1657 Cf.
1296 1615 1372 1656 vers.
1386 1599 1454 1654 218.
1466 1597 1679 1666 QuareSturuii

58 1692 146 1766 rent)
162 1703 221 1748 etc.
236 1715 249 1741 ν
263 1689 309 1748 Ci.
333 1688 455 1750 Salmas.
472 1687 550 1747 Plin.
566 1687 619 1746 lix.
631 1707 662 1765 p.
685 1689 739 1746 166
752 1699 781 1744 et
794 1687 847 1745 Ca·
892 1696 920 1740 et
933 1683 1078 1744 Karstenii
1091 1685 1231 1744 rationem
1241 1686 1292 1762 qui
1305 1685 1353 1744 hic
1364 1683 1399 1751 ὣς
1409 1685 1435 1743 δέ
1443 1685 1472 1744 τό
1484 1685 1507 1744 τ’
1516 1699 1677 1764 posuerunt

58 1781 144 1837 sarrb.
163 1776 291 1835 adSrret.
304 1777 335 1833 in
347 1774 407 1834 lid.
421 1795 448 1834 c.
467 1776 515 1832 31.
894 1793 952 1831 non
973 1785 1088 1832 secutus
1109 1793 1184 1834 sum.
1198 1805 1238 1820 υ-
1250 1771 1345 1852 μήνιγξ
1368 1773 1535 1834 Alexandro
1561 1773 1679 1850 quidem

116 1864 299 1922 Accedamus
332 1863 370 1920 ad
408 1862 524 1936 llergltii
567 1861 846 1939 interpretationem.
893 1860 1007 1918 videtur
1027 1880 1089 1920 esse
1111 1861 1191 1932 θιὴν
1211 1861 1291 1941 κόρην
1312 1861 1441 1941 περιέχων
1456 1857 1547 1940 χιτών,
1567 1859 1614 1918 sed
1637 1881 1682 1918 as-

58 1951 228 2028 ·ιἈριοργός,
238 1951 346 2028 inquit,
358 1947 849 2027 substantivumproprieest,uude
895 1949 1006 2008 sentior
1019 1949 1171 2008 Karstenio
1185 1950 1315 2008 credenti
1331 1951 1444 2027 potius,
1461 1969 1519 2008 non
1542 1949 1678 2026 pupillae,
1759 1977 1761 1980 ·

59 2041 196 2117 ἀμόργινα
207 2036 301 2111 ἱμιίτιιι
319 2039 468 2108 dicuntur,
483 2036 552 2094 vide
566 2035 824 2114 Harpocrationem
840 2057 846 2092 :
895 2037 945 2095 sed
957 2038 1034 2095 oculi
1053 2037 1250 2096 membranam
1264 2037 1320 2095 hoc
1334 2036 1479 2094 vocabulo
1500 2037 1678 2112 significari,

58 2123 191 2202 ’λμοργός
204 2125 263 2182 ἔστι
276 2123 463 2202 παραπλήσιόν
477 2145 503 2180 τι
519 2121 621 2202 βύσσῳ·
635 2121 762 2200 Αἰσχίνης
774 2124 800 2180 ἐν
811 2125 849 2202 τῷ
896 2138 926 2182 ιιι
940 2125 1136 2200 distinguatur
1153 2128 1189 2182 ab
1206 2123 1326 2203 όθόνῃσι;
1341 2125 1438 2200 itaque
1452 2125 1478 2181 ἐν
1491 2121 1610 2200 μήνιγξιν
1624 2124 1681 2198 ἐερ-

58 2213 132 2270 rard
147 2215 176 2271 Τ
177 2211 307 2289 ιμιίρχου·
317 2209 508 2284 μνημονεύουσι
522 2207 549 2266 δὲ
561 2209 585 2267 oi
599 2208 712 2285 κωμικοὶ
727 2208 851 2274 πολλάκις
895 2209 1244 2289 γμίνονίιιθοιριοιοιιιίιιιιι
1254 2217 1395 2268 oculorum
1406 2213 1576 2267 rnembmriis·
1591 2215 1680 2266 iuria·

59 2302 114 2355 τῶν
130 2297 296 2376 ἀμοργίνων,
309 2299 345 2363 ὡς
358 2297 403 2354 καί
419 2294 604 2375 Ἀριστοφάνης
621 2293 789 2376 Λυσιστράτῃ
804 2293 850 2354 κοί
895 2317 966 2354 sum.
980 2298 1144 2375 -ὠγύγιον
1159 2303 1212 2380 πῦρ
1236 2306 1312 2373 ignis
1326 2305 1443 2365 noricus,
1464 2297 1585 2374 proprie
1601 2305 1681 2354 oriti-

61 2386 184 2452 litionis<
208 2384 332 2444 Πολιοιν.
355 2385 390 2443 m
405 2385 563 2442 Pausanias
578 2383 656 2459 apud
671 2381 800 2442 Eustatb.
816 2382 851 2440 ad
896 2405 977 2460 qima,
1006 2404 1022 2442 e
1046 2385 1155 2444 ooelesti
1188 2387 1256 2461 igne
1280 2384 1425 2444 delibatus
1449 2384 1574 2460 ideoque
1594 2405 1683 2458 pieriis

62 2475 192 2551 Dionys.
209 2493 241 2551 p.
256 2481 312 2540 aot
329 2493 337 2529 τ
353 2470 507 2538 Παυσανίας
521 2469 548 2528 δὲ
563 2462 594 2529 σύ
611 2469 641 2529 τὸ
660 2468 775 2530 Ἀττικὸν
789 2468 854 2536 luit·
897 2485 983 2549 atque
1002 2473 1150 2531 (ethereus.
1173 2473 1239 2551 ipsa
1254 2474 1332 2529 enim
1346 2471 1443 2530 Venus
1459 2471 1680 2530 formandorum

59 2561 122 2629 κόν,
144 2562 252 2618 ἄλλοτι
265 2559 387 2638 ἐμφαίνει
399 2558 491 2634 λόγων·
502 2555 735 2637 ἀροργύς,ό,ιιοισν
750 2555 849 2636 βύσσῳ.
897 2559 1048 2618 oculorum
1074 2561 1179 2618 artilex
1206 2560 1302 2619 divini
1335 2561 1455 2620 luminis
1488 2560 1682 2618 sinceritatem

61 2649 151 2708 Falso
165 2648 231 2706 baec
252 2647 288 2706 ad
308 2650 467 2723 Amorgum
487 2645 611 2705 insulam
627 2645 774 2716 reserunt3
793 2657 853 2703 tum
898 2649 1039 2706 servavit.

59 2741 142 2794 enim
162 2734 315 2814 Ἀμοργῑνος
328 2734 482 2794 dicendum
507 2733 571 2793 suit.
597 2733 767 2791 Rectissime
789 2732 854 2791 Ste-
938 2734 985 2794 Vs.
1013 2755 1081 2808 ουρ.
1109 2735 1234 2816 λοισι-’ᾖσιν
1257 2735 1360 2814 όθόνῃσι
1385 2735 1512 2814 λοχόζετσ
1536 2735 1610 2812 κτλ]
1637 2735 1682 2816 lta

60 2824 185 2900 phanus
206 2821 362 2900 Byzantius
375 2819 499 2900 Ἀμσργύς
510 2853 550 2864 -
563 2819 616 2880 θτιθ
632 2821 679 2888 τῆς
697 2817 806 2886 Μινύας
822 2809 854 2888 ἦν
899 2823 1004 2900 optimi
1018 2823 1182 2882 Aristotelis
1194 2823 1265 2883 libri
1280 2843 1354 2901 quos
1367 2823 1511 2882 Bellerus
1525 2836 1553 2880 et
1568 2817 1682 2880 llarste·

63 2911 223 2988 Σιμωνίδης
240 2912 255 2966 θ
275 2907 445 2982 laudaretis,
467 2901 615 2987 Ἀμοργῖνσς
637 2905 792 2982 λιγύμινος,
816 2910 851 2972 ὡς
902 2911 968 2968 ttius
978 2913 1068 2970 secuti
1080 2923 1154 2970 sunt.
1167 2911 1296 2986 Scaliger
1305 2915 1417 2990 λσιιτῇσι
1426 2910 1544 2990 χθονίῃσι
1556 2909 1683 2990 λοχοίζετσ

63 3000 213 3075 literati«
224 3028 265 3042 -
276 2994 306 3054 ri
322 2997 346 3052 δ’
359 2994 508 3074 Ἀμόργῑνοτ
518 2996 583 3073 [scr.
601 2993 759 3073 ἆρύργῑνοιλ
769 2991 851 3071 χιτὼν
902 3017 966 3056 cum
982 2997 1157 3074 quibusdam
1173 2998 1350 3058 membranis
1361 2999 1417 3057 nisi
1428 3000 1507 3077 quod
1521 3000 1552 3056 in
1566 2999 1612 3056 iris
1624 2998 1683 3056 iere

63 3085 211 3163 χρώματος
223 3082 301 3144 ἴδιον.
314 3081 447 3141 Celerum
456 3081 511 3140 hoc
520 3082 586 3140 l⁰0⁰
597 3079 710 3160 ἆροργὸς
718 3079 855 3157 adjectivi
901 3085 1020 3164 χθονίησι
1036 3101 1137 3146 exstat.
1152 3087 1185 3145 ln
1198 3089 1264 3146 aliis
1278 3088 1493 3165 exemplaribus
1508 3107 1594 3145 manu
1611 3107 1683 3145 exa-

65 3177 134 3230 vioe
154 3171 268 3229 dietum
291 3182 351 3242 est,
373 3169 616 3247 quemadmodum
641 3170 728 3248 ἱκτῆρι
751 3169 855 3246 θαλλῷ,
902 3175 972 3232 ratis
997 3187 1040 3232 est
1065 3179 1201 3253 χσανῆσιν.
1227 3175 1416 3234 Casaubonus
1441 3173 1532 3233 edidit
1555 3177 1684 3253 λεττῇσιν

68 3261 211 3338 βρωτῆρας
223 3257 334 3336 αἰχμάς,
349 3257 428 3324 κύνας
441 3259 562 3335 βοτῆρος,
573 3256 768 3336 aliaplurima
779 3255 855 3334 apud
901 3260 1021 3340 ὀθόνῃσιν
1047 3262 1171 3342 ἐχεύατο,
1191 3276 1223 3320 ut
1245 3277 1343 3340 postea
1363 3261 1503 3320 Sturzius.
1521 3261 1684 3320 Alexander

68 3359 170 3424 poetas
180 3341 707 3424 Graecostuquelspmrpeepoppl
722 3341 777 3399 hoc
791 3341 856 3398 loco
904 3348 1141 3427 Aphrodisiensis
1164 3349 1282 3425 ὀθόνῃσιν
1306 3363 1334 3406 et
1358 3349 1467 3427 ἐχεύατο
1483 3349 1562 3423 legit.
1586 3349 1682 3418 Quum

67 3433 217 3510 signifieat
230 3433 325 3511 ipsam
345 3434 513 3492 lanternam.
529 3461 541 3485 ι
557 3431 707 3506 Haecine,
722 3428 857 3508 equibus
903 3450 997 3495 autem
1009 3437 1059 3495 alii
1069 3437 1235 3497 Aristotelis
1246 3437 1360 3494 codices
1370 3437 1488 3515 ἐχεύατο,
1498 3436 1548 3493 alii
1557 3435 1683 3514 λσχόζετο

67 3523 199 3582 efficitur
212 3541 280 3580 eum
293 3521 343 3579 hio
359 3521 395 3579 de
406 3521 518 3580 laterna
528 3521 650 3600 byssina
663 3538 754 3596 eaque
768 3519 857 3575 linteo
904 3520 1044 3590 babeant,
1066 3521 1264 3598 quaesiverunt
1286 3521 1476 3599 interpretes,
1492 3533 1588 3577 utrum
1610 3520 1685 3578 illud

69 3609 220 3688 pellucido
235 3609 368 3685 undique
379 3611 491 3668 munita
504 3609 551 3686 agi
568 3608 728 3688 putavisse.
741 3605 797 3664 Sed
807 3603 857 3662 diu
904 3627 940 3666 an
956 3607 1011 3666 hoc
1033 3608 1139 3666 rectius
1162 3621 1246 3667 esset.
1272 3607 1377 3665 Verum
1402 3609 1453 3683 qui
1474 3605 1584 3684 ἐχεύατο
1609 3607 1684 3664 tueri

69 3697 139 3755 huic
158 3708 333 3772 argumento
354 3696 523 3757 immoratus
538 3717 619 3768 sum,
635 3708 667 3755 ut
681 3695 859 3753 demonstra·
904 3695 1020 3753 student
1042 3695 1077 3753 ad
1100 3696 1224 3773 ineptias
1247 3696 1434 3771 confugiunt,
1453 3695 1530 3754 velut
1553 3695 1686 3753 Sturuius

71 3803 131 3842 rem
146 3785 278 3862 primurn
291 3784 430 3842 laternam
441 3785 554 3861 qualem
570 3782 757 3862 Empedocles
770 3779 858 3856 fingar
905 3781 1014 3862 ἐχεύατο
1029 3783 1144 3861 passiva
1159 3793 1298 3860 potestate
1311 3783 1511 3860 accipiendum
1524 3782 1644 3858 dicens,
1656 3797 1688 3840 ut

73 3889 130 3928 non
145 3889 235 3948 posse
256 3870 314 3928 nisi
328 3890 463 3929 corneam
477 3889 540 3928 esse
555 3870 602 3927 vel
614 3889 631 3928 e
645 3870 741 3926 vesica
756 3868 857 3924 factam
905 3872 944 3928 sit
966 3873 1132 3943 ‹iiffundimr
1152 3883 1181 3928 et
1202 3870 1238 3927 ad
1261 3873 1440 3928 accusativos
1454 3868 1573 3929 κύιλσπα
1592 3869 1687 3950 κούρην

73 3977 159 4034 quum
176 3969 282 4014 eeterae
297 3955 381 4014 facile
390 3955 576 4017 saevientibus
588 3955 682 4014 ventis
696 3955 858 4030 exstingue·
905 3960 1136 4036 prepositionem
1146 3957 1195 4015 όνό
1205 3957 1432 4018 subaudiendam
1441 3979 1503 4017 esse
1510 3959 1688 4018 contendens

74 4057 172 4103 rentur
189 4065 197 4100 ι
212 4042 320 4101 deinde
338 4063 439 4101 vocem
458 4043 588 4124 όριοργούς
602 4063 687 4120 quam
704 4062 757 4119 pro
778 4043 858 4118 όμσρ-
905 4045 959 4104 bac
973 4047 1114 4104 sententia
1129 4067 1135 4102 ι
1149 4067 1203 4120 per
1212 4050 1375 4102 rimatorem
1389 4051 1463 4103 oculi
1472 4052 1612 4122 pupillam
1625 4049 1689 4104 sive

74 4131 154 4206 γίνσυς
167 4131 253 4189 nullo
264 4142 382 4189 auctore
394 4131 526 4208 accipere
541 4131 627 4190 audet
641 4130 781 4205 Rerglius
799 4148 859 4185 non
902 4139 1051 4210 pupulim.
1065 4133 1144 4192 Nihil
1159 4133 1278 4192 difficile
1290 4135 1320 4191 in
1333 4135 1424 4192 altera
1445 4135 1589 4213 scriptura
1606 4134 1688 4214 λοχό-

75 4237 158 4295 posse
173 4219 231 4276 boe
247 4217 314 4276 loco
325 4219 452 4277 materia·
463 4219 589 4278 indicem
603 4237 666 4277 esse
677 4231 797 4296 propter
810 4235 858 4291 ge·
906 4223 978 4295 ζετο,
992 4221 1024 4278 in
1036 4241 1094 4298 qua
1105 4222 1278 4299 explicanda
1291 4222 1396 4280 frustra
1409 4223 1555 4281 laboravit
1569 4223 1689 4281 Karste-

76 4307 197 4364 nitirum
212 4304 348 4362 παντοίων
362 4303 477 4380 ἀνίμων.
491 4305 621 4381 Scaliger
639 4305 765 4382 conjecit
778 4305 861 4381 σἰμσρ-
907 4311 983 4366 nius.
994 4307 1022 4366 ls
1030 4311 1107 4367 enim
1118 4328 1233 4367 sensum
1245 4307 1323 4367 hunc
1332 4329 1392 4368 esse
1400 4309 1556 4370 arbitratur
1569 4333 1575 4366 ι
1589 4337 1601 4362 ι
1613 4311 1688 4386 ignis

77 4392 151 4464 όσύς,
173 4391 254 4469 quod
270 4411 356 4450 nemo
370 4391 550 4470 probaverit.
570 4392 667 4452 Restat
681 4406 713 4450 ut
730 4392 860 4450 dicamus
906 4395 1000 4454 oculis
1015 4397 1145 4456 inclusus
1157 4398 1295 4476 pupulam
1310 4398 1489 4456 tenuissimis
1510 4397 1688 4457 membranis

78 4481 343 4558 όνίριωνλομπτῆροις
352 4479 479 4560 όριοργούς
489 4481 652 4558 significare
662 4483 859 4556 desperatoris,
907 4497 1040 4559 tanquam
1055 4490 1255 4560 speculatorem
1267 4489 1396 4555 occuluit,
1415 4495 1511 4561 sepsit,
1528 4514 1540 4537 ν
1555 4483 1619 4542 Jam
1635 4506 1688 4563 pu·

79 4571 212 4624 bremam
231 4589 297 4642 ροσε
312 4582 412 4624 aruerit
433 4582 531 4626 uentos
547 4569 593 4626 vel
608 4583 753 4627 uentorum
769 4567 862 4641 prohi-
906 4573 1004 4648 pulam
1016 4575 1106 4651 sepsit
1117 4574 1192 4631 idem
1204 4593 1266 4632 esse
1277 4573 1423 4632 existimat
1432 4574 1511 4650 quod
1520 4595 1580 4630 sese
1590 4581 1687 4650 sepsit,

82 4658 199 4712 ultricem
215 4656 241 4712 si
257 4653 292 4712 ad
305 4653 428 4712 verbum
442 4670 555 4713 vertere
566 4656 659 4732 velis,
673 4655 749 4714 sicut
762 4672 860 4712 secun·
907 4663 977 4737 quia
996 4662 1108 4740 pupula
1126 4662 1204 4720 oculi
1225 4663 1316 4720 aciem
1337 4664 1483 4720 contineat
1503 4675 1589 4738 atquo
1614 4661 1688 4719 adeo

81 4743 141 4798 dum
161 4743 362 4801 Alexandrum
378 4741 636 4820 Aphrodisiensem
658 4743 793 4822 plerique
816 4741 862 4798 in·
908 4749 985 4806 oculi
1001 4750 1048 4806 sax
1062 4751 1111 4810 sit.
1125 4749 1182 4807 Sed
1200 4749 1357 4826 λοχίζεσθαι
1378 4749 1456 4828 quod
1477 4763 1506 4808 et
1528 4751 1591 4828 ipse
1612 4748 1690 4807 haud

23 4913 24 4918 γ
82 4843 212 4908 terpretes
246 4831 465 4890 intellexerunt.
494 4825 655 4908 Ambigunt
686 4843 794 4889 tantum
826 4828 862 4885 ‘le
908 4836 991 4894 aliter
1004 4849 1090 4914 atque
1103 4837 1185 4916 λσχρν
1199 4835 1236 4894 ab
1249 4838 1423 4915 limpsdocle
1438 4852 1607 4915 usurpatum
1627 4855 1691 4894 esse

81 4920 186 4994 origine
209 4919 367 4990 vocabuli,
392 4918 470 4996 (prod
491 4919 622 4979 Sturzius
647 4937 798 5000 perperam
824 4915 862 4974 ab
909 4942 977 4981 reor
998 4924 1135 5002 adjuncto
1158 4925 1323 4982 accusativo
1346 4926 1388 4984 sic
1407 4927 1538 5000 intelligo
1562 4937 1594 4982 ut
1612 4922 1689 5000 apud

25 5043 27 5094 ρ
82 5001 265 5080 ιίργεινιίυοὶί,
279 5007 392 5064 rectius
406 5005 862 5066 KarsteniusetPanzerbieterus
911 5011 1045 5070 Herodot.
1059 5012 1112 5072 lib,
1125 5017 1160 5084 V,
1177 5033 1229 5069 121
1246 5011 1375 5091 ἐλόχησαν
1389 5011 1436 5084 τὴν
1448 5013 1474 5069 ἓν
1487 5010 1606 5088 Πηδάσῳ
1619 5009 1690 5080 ὁδόν,

25 5099 28 5158 i
81 5091 113 5148 ab
136 5091 267 5172 όριέργτιν.
296 5093 498 5164 Quamobrem
512 5097 694 5155 statuendum
719 5091 863 5172 ἄμοργόςιι
909 5106 988 5156 uiam
1002 5104 1171 5157 Pedasaeam
1186 5104 1294 5156 insidiis
1314 5103 1455 5157 collocatis
1470 5109 1642 5172 occuparant
1662 5109 1691 5150 et
1725 5167 1726 5172 Ἰ

27 5267 29 5276 ι

28 5317 30 5328 ν

29 5409 30 5416 ι

29 5417 30 5426 ι

26 5191 28 5216 ⁵
81 5185 237 5257 ‹leceqreadr'
251 5195 282 5242 et
305 5185 464 5260 exsugendr'
477 5183 642 5260 significatu
663 5185 727 5244 sive
749 5180 863 5260 poetica
908 5193 990 5260 quasi
1006 5191 1166 5264 implerant.
1180 5186 1322 5245 Similiter
1335 5183 1524 5283 Empcdpcles
1540 5205 1546 5239 τ
1565 5183 1692 5260 impilm
