3696 5922
228 369 282 422 828

236 523 239 528 ’
285 493 335 549 ler.
352 511 359 546 ι
376 488 548 570 Ἥριίκλειτος
569 488 616 566 μίν
641 477 685 546 τόν
708 511 787 570 φησιν
813 479 878 549 εἶναι
900 489 930 548 τὸ
947 499 999 548 πᾶν

283 577 424 658 διαιρετόν,
438 577 598 658 ἀδιαίρετον,
610 576 727 656 γενητόν,
742 576 878 658 ἀγένητον,
894 577 998 650 θνητόν,

282 665 421 737 ἀθάνατον,
435 663 522 744 λόγον,
539 667 633 738 αἰῶνα,
649 663 770 744 πατέρα,
792 663 862 740 υὸόν,
880 665 937 724 θεὸν
959 665 999 723 δί-

283 776 366 814 καιον.
384 778 397 806 «
411 754 469 814 Οὸκ
479 755 554 830 έμοῦ,
564 752 632 812 itti
642 759 688 813 τοῦ
698 753 828 830 δόγματος
839 753 1001 820 ἀκούσαντας

282 841 417 917 ὁμολογεῖν
442 838 521 913 σοφόν
546 841 627 916 ἐστιν,
651 838 677 898 έν
700 840 788 900 παίντα
813 839 919 912 εἰδέναι,
948 866 960 893 ν
987 844 1001 899 ὁ

283 926 453 1008 Ἡράκλειτός
466 950 541 1009 φησι.
567 928 690 988 Restitui
705 932 767 1005 ἐμεῦ
778 941 808 988 et
830 929 1000 1007 ὁμολογέεινς

282 1011 419 1094 praeterea
432 1036 497 1075 cum
513 1016 672 1094 Bernayeio
687 1017 809 1095 expulsa
822 1036 894 1076 voce
906 1016 1002 1093 δόγμα·

281 1123 325 1169 τος
339 1101 494 1162 alibrariia
508 1105 622 1162 invecta
635 1105 753 1182 reposui
765 1103 852 1182 λόγου.
868 1104 1001 1182 Denique

282 1209 337 1266 pro
357 1188 450 1249 εἰδέναι
469 1190 548 1268 quod
565 1190 696 1250 lllillerua
708 1203 869 1249 mutaverat
880 1192 912 1250 in
925 1181 1002 1265 εἶναι,

283 1269 402 1327 exaravi
418 1268 550 1348 γίνεσθαι,
573 1270 669 1348 ipaum
690 1282 804 1328 secutus
825 1269 1000 1330 Heraclitum

282 1353 331 1412 cui
352 1354 426 1412 nihil
450 1373 524 1426 τετε,
542 1355 593 1413 aed
616 1356 715 1414 omnia
739 1355 803 1414 lieri
821 1369 849 1414 et
874 1356 1001 1417 fluminis

282 1440 373 1500 instar
385 1440 556 1520 labiplacet.
568 1441 666 1519 Neque
676 1435 753 1500 eni'm
764 1442 1000 1521 quidquamcon-

282 1538 359 1586 stare
372 1540 465 1606 potest
480 1530 512 1586 in
525 1541 664 1607 perpetua
689 1529 741 1587 illa
757 1549 843 1605 quam
859 1531 1002 1590 statuebat

282 1627 449 1674 cunctarum
460 1633 557 1674 rerum
574 1617 740 1678 mutatione.
755 1616 895 1678 Αιεῑδέναι
909 1637 998 1696 quum

283 1700 314 1758 iu
329 1702 422 1761 solum
440 1720 537 1760 rerum
552 1715 699 1780 parentem
722 1717 751 1763 et
772 1723 869 1780 regem
886 1703 1001 1783 (fragm.

284 1786 335 1868 ll(
353 1790 518 1862 conveniat,
531 1789 586 1848 hoc
600 1788 666 1849 ioco
680 1791 798 1871 friget).

223 1893 259 1934 tt.
280 1878 321 1935 Οὐ
344 1873 443 1943 ἱυνίασι
456 1875 523 1943 όκως
542 1875 727 1958 διαφερόμενον
751 1881 839 1958 ίωυτῷ
856 1879 998 1956 ὁμολογίαι·

282 1962 454 2043 παλίντροπος
466 1963 578 2044 ὁρμονίη
593 1964 714 2045 ὅκωσπερ
724 1964 798 2034 τόξου
814 1965 859 2025 καὶ
872 1967 960 2046 λύρης.

324 2050 514 2128 (Hippolytus
533 2050 642 2110 Horrea.
658 2050 753 2112 Heiut.
767 2071 797 2129 p.
812 2053 869 2110 280
882 2052 928 2112 ed.
939 2052 1004 2110 llil·

284 2138 335 2198 ler.
353 2159 359 2194 :
381 2137 426 2196 καὶ
438 2137 478 2196 ὁτι
490 2141 566 2196 τοῦτο
580 2139 627 2198 οὐκ
642 2137 714 2198 έσασι
728 2137 823 2205 πάντες
837 2138 894 2198 οὐδέ
909 2141 1001 2214 ὁμολο·

283 2215 1001 2304 γυῶσιν,ίπιμίμφεταιῶδέπως·οιἰξυνίασικτλ.(]οιιέ.

285 2313 387 2387 fragm.
405 2313 451 2383 30,
468 2314 515 2385 37,
531 2310 600 2390 38.)

227 2414 261 2456 νε.
287 2396 381 2459 Ὅσων
395 2399 466 2479 ὁψις,
483 2397 561 2469 ἀκοή,
585 2396 708 2474 μιίθησις,
733 2401 818 2456 ταῦτα
844 2396 896 2474 έγῶ
912 2419 1001 2477 προτι·

285 2485 353 2560 pio.

323 2574 520 2652 (Hippolytus
532 2574 638 2634 Haeres.
652 2573 747 2632 Resut.
765 2593 796 2651 p.
823 2575 877 2631 οδε
898 2595 905 2629 :
920 2571 959 2630 ότι
974 2572 1002 2633 δί

284 2661 354 2720 ἐστιν
376 2661 467 2740 ὁρατὸς
481 2661 625 2742 ἀνθρώποις
646 2659 691 2719 καλ
712 2661 759 2719 οὐκ
781 2657 961 2738 ἀνεὶειίρετος,
978 2661 1004 2718 έν

285 2745 385 2814 τούτοις
397 2747 476 2823 λέγει·
488 2745 581 2809 Ὅσων
595 2747 652 2828 ὁψις
674 2750 733 2806 κτλ.
750 2745 826 2827 φησί,
839 2745 958 2806 τουτέστι
970 2747 1003 2805 τὸ

284 2833 365 2912 ὁρατὸι
372 2837 423 2893 τῶν
434 2833 560 2914 ἀορότων·
569 2834 872 2915 etpauciainterjectia
881 2835 924 2892 sic
938 2853 1002 2911 per·

285 2921 328 2997 git
342 2941 350 2982 τ
364 2921 445 2989 οὸτως
458 2921 628 3003 Ἡρέκλεετος
642 2925 668 2982 ἐν
690 2920 735 3001 ίσῃ
751 2923 831 3002 μοίρφ
844 2920 942 2980 τίθεται
956 2920 1002 2979 καλ

282 3017 348 3088 τιμᾷ
373 3009 407 3067 τὸ
421 3013 525 3093 ίμφανῆ
540 3015 592 3077 τοῖς
604 3008 739 3090 ἀφανέσιν,
750 3012 785 3078 ῶς
798 3010 825 3070 έν
840 3033 866 3069 τι
878 3009 908 3070 τὸ
920 3011 1004 3090 ἐμφα·

284 3097 325 3163 νίς
341 3097 386 3156 καλ
407 3099 439 3158 τδ
463 3097 559 3178 ἀφανὲς
582 3098 795 3176 ὁμολογουμένως
813 3097 942 3178 ὑπάρχον.
968 3098 1003 3158 Τί

283 3183 355 3263 γιίρ;
371 3184 460 3265 φησίν,
478 3210 490 3236 ι
506 3183 618 3263 ἁρμονίη
637 3183 738 3265 ἀφανὴς
752 3187 863 3264 φανερῆς
878 3185 1002 3262 κρείττων

287 3271 354 3349 (leg.
362 3271 491 3350 κρίσσων;
499 3271 535 3331 cs.
545 3273 646 3346 fragm.
655 3270 703 3348 lo)
711 3268 830 3330 καλέσων
842 3269 910 3351 όψις,
921 3269 1001 3342 ἀκοή,

285 3355 401 3430 μάθησις
412 3355 545 3434 [τουτέστι
558 3356 592 3416 τίς
603 3355 720 3436 ὄργανα]
734 3361 828 3429 ταῦτα,
845 3356 937 3436 φησίν,
952 3353 1004 3433 ἐγὼ

284 3443 437 3522 πρατιμέω,
451 3444 480 3502 οὐ
493 3442 527 3501 τὸι
540 3445 627 3522 ἀφανῆ
642 3441 838 3522 προτιμήσας.)

253 3578 259 3593 .
286 3529 349 3592 Ἀπὸ
363 3534 415 3591 τῶν
430 3530 553 3590 τοιούτων
565 3531 643 3590 αὐτοῦ
656 3531 742 3608 λόγων
755 3537 890 3590 κατανοεῖν
902 3529 1001 3612 ῥᾴδιον·

284 3618 471 3692 ἐξηπάτηνται,
487 3617 575 3697 φησίν,
587 3620 611 3677 σί
625 3617 758 3698 ἄνθρωποι
768 3617 832 3696 πρὸς
845 3615 894 3688 τλν
905 3621 1002 3696 γνῶσιν

789 355 995 418 unntcttrt
1016 353 1268 418 FRAGMENTA.

1103 484 1313 552 κατακτείναντες
1328 482 1496 555 ἐξηπάτησαν
1514 479 1638 547 είπόντες·
1653 481 1698 540 ὁσα
1712 480 1806 558 τίθεμεν

1104 572 1150 632 καὶ
1161 570 1353 649 κατελόὸομεν,
1365 576 1448 636 ταῦτα
1463 568 1641 646 ἀπελίπομεν,
1659 567 1705 628 ion
1717 570 1741 628 δὲ
1754 569 1807 627 cin

1104 659 1205 735 ιέδομεν
1219 659 1277 720 οὔτε
1289 657 1434 736 έλιίὸομεν,
1446 661 1531 716 ταῦτα
1546 656 1667 736 φέρομεν.
1840 653 1841 724 1

1144 745 1328 826 (Hippolytus
1340 746 1446 805 Harrea.
1463 743 1559 804 θεῶν.
1571 762 1603 821 p.
1621 743 1687 802 281.
1701 741 1811 800 Codicis
1840 751 1841 818 (

1103 836 1276 914 scripturam
1299 831 1475 910 ἀπολείπομεν
1497 831 1630 890 converti
1648 831 1679 889 in
1692 829 1813 888 δειλίαν·
1840 821 1841 904 l

1104 943 1163 997 μιν.
1178 921 1212 981 ld
1226 923 1304 980 enim
1316 920 1458 980 sententia
1467 918 1589 995 flagitat.
1603 917 1814 996 Pseudoptutu»
1840 929 1841 972 t

1105 1009 1222 1068 chuade
1236 1008 1297 1067 rita
1310 1006 1430 1065 Homeri
1441 1025 1504 1085 cap.
1516 1015 1532 1074 η
1545 1005 1606 1067 rol.
1620 1004 1683 1064 xlv
1692 1025 1719 1083 p.
1734 1015 1786 1076 (77
1804 1026 1811 1059 :

1106 1094 1289 1176 ίὸὍμηρος)
1302 1085 1378 1166 ἦλθεν
1392 1095 1417 1159 te
1427 1089 1493 1153 Ἴον·
1506 1093 1570 1151 ἔνθα
1583 1091 1628 1150 tut
1637 1091 1729 1167 πέτρας
1739 1097 1813 1150 καθε-

1105 1181 1210 1260 ζόμενος
1220 1181 1347 1241 testeum
1361 1181 1442 1247 ἁλιεῖς
1454 1177 1671 1259 προσπλέοντας,
1684 1170 1718 1238 ῶν
1735 1181 1811 1236 ἐκπυν-

1107 1269 1199 1328 θιίνετο
1212 1267 1237 1329 εί
1248 1291 1274 1327 τι
1287 1267 1381 1348 ἔχοιεν·
1392 1269 1417 1326 οἱ
1431 1267 1459 1328 δέ
1470 1267 1513 1326 tet
1526 1269 1564 1346 τῷ
1579 1271 1692 1346 θηρᾶσαι
1705 1265 1746 1342 μέν
1759 1291 1814 1342 μη-

1107 1356 1161 1432 δέν,
1182 1355 1357 1437 φθειρέζεσθαι
1377 1353 1404 1414 δέ
1418 1353 1463 1414 tlt
1478 1353 1526 1425 τὴν
1549 1353 1663 1434 ἀπορίαν
1682 1358 1725 1425 τῆς
1739 1353 1814 1431 θήρας

1104 1441 1185 1510 οὕτως
1194 1442 1396 1522 ὁπεκρίναντο·ε
1405 1439 1813 1517 Ὀσσ’έλομεν,λιπόμεσθα·ὁτσ’

1106 1531 1156 1610 οὐχ
1180 1527 1271 1606 έλομεν
1299 1527 1491 1609 φερόμισθα,ι
1516 1529 1692 1603 αἰνιττόμενοι
1714 1529 1746 1590 ῶς
1763 1525 1813 1602 ἄρα

1105 1615 1148 1684 οὸς
1159 1616 1207 1694 μέν
1221 1615 1316 1676 ἔλαθον
1335 1617 1388 1675 τῶν
1401 1618 1513 1696 φθειρῶν
1527 1612 1725 1677 ἀποκτείναντες
1737 1611 1811 1670 κατέ·

1106 1704 1192 1762 λιπον·
1214 1701 1259 1771 οὸς
1279 1702 1366 1764 δίοῦκ
1387 1701 1492 1774 ἔλαθον,
1507 1701 1535 1759 ἐν
1554 1703 1692 1778 τῇίσθῆτι
1712 1697 1814 1778 φέροιεν.
1840 1725 1841 1728 ·

1105 1790 1196 1869 Ὅπερ
1218 1795 1246 1850 οὗ
1262 1791 1378 1862 δυνηθεὶς
1408 1787 1553 1865 συμὸαλεῖν
1575 1788 1698 1866 Ὅμηρος
1715 1785 1757 1845 διδ
1770 1783 1815 1854 τὴν

1108 1877 1220 1954 ἀθυμίαν
1234 1876 1416 1955 έτελείτησε.)

1077 2011 1083 2026 .
1110 1968 1145 2027 Οἱ
1160 1965 1187 2025 δέ
1203 1967 1335 2046 ἄνθρωποι
1350 1967 1381 2025 έκ
1391 1968 1443 2023 τῶν
1458 1965 1578 2045 φανερῶν
1592 1963 1627 2024 τὰ
1647 1962 1745 2042 ἀφανέα
1763 1962 1817 2021 m'·
1840 1979 1841 2042 j

1106 2056 1217 2111 πτεσθαι
1231 2055 1277 2112 οὔκ
1291 2051 1455 2113 ἐπίστανται.
1477 2051 1597 2130 Τέχνησι
1617 2049 1668 2130 γὰρ
1688 2049 1816 2130 χρεόμενοι
1840 2053 1841 2116 ζ

1108 2137 1213 2218 ὁμοίῃσι
1241 2140 1390 2218 ἀνθρωπίνη
1413 2136 1474 2218 φύσι
1499 2141 1529 2198 οὐ
1556 2136 1722 2216 γενώακουφι.
1749 2139 1816 2197 θεῶν
1840 2127 1841 2184 ὁ

1107 2225 1159 2304 γὸρ
1171 2223 1228 2292 νόος
1236 2224 1334 2294 ἐδίδαξε
1344 2224 1483 2302 μιμέεσθαι
1494 2223 1528 2283 τὰ
1539 2227 1645 2283 ἑωυτῶν
1656 2224 1817 2302 γινώσκοντας
1840 2287 1841 2296 2

1109 2313 1127 2372 ὁ
1152 2312 1269 2372 ποιέουσι
1296 2312 1342 2372 καλ
1371 2314 1401 2370 οὸ
1434 2311 1608 2390 γινώσκοντας
1636 2309 1654 2368 ὁ
1682 2311 1815 2386 μεμίανται
1840 2339 1841 2346 1

1110 2399 1203 2459 Πάντα
1223 2398 1274 2479 γὸρ
1299 2399 1378 2477 ὅμοια
1397 2399 1508 2476 ἀνόμοια
1534 2399 1620 2460 ἐόντα·
1642 2398 1688 2458 καὶ
1706 2398 1814 2478 σύμφορα

1103 2485 1191 2544 πάντα
1208 2485 1276 2568 [καί]
1294 2487 1404 2568 διάφορα
1418 2487 1502 2547 έὸντα·
1515 2486 1689 2565 διαλεγόμενα
1701 2487 1729 2544 οὗ
1742 2485 1817 2542 iule-
1840 2537 1841 2560 3

1109 2572 1215 2654 γὸμενα·
1227 2573 1334 2652 γνώμην
1358 2574 1452 2653 έχοντα
1478 2574 1629 2653 ἀγνώμονα·
1646 2571 1815 2632 ὁπεναντίσνὸ
1840 2621 1841 2644 3

1110 2659 1205 2740 τρόπος
1224 2659 1340 2720 έκόστων
1363 2662 1577 2738 ὁμολογεόμσνσς.
1604 2659 1753 2738 Νόμοςγὸρ
1773 2658 1812 2716 καὶ
1840 2697 1841 2702 =

1111 2745 1185 2826 φίισις
1214 2737 1266 2808 οἶσι
1288 2747 1375 2808 πάντα
1399 2748 1590 2828 ὁιαπρήσσεται
1619 2749 1668 2826 οὐχ
1692 2747 1815 2822 ὁμολογέιι
1840 2817 1841 2820 γ

1109 2835 1143 2893 τὸ
1166 2833 1372 2913 ὁμολογεόμενα.
1395 2835 1485 2912 Νόμου
1511 2835 1563 2915 γὰρ
1587 2833 1681 2894 ἔθεσαν
1700 2833 1815 2911 ἅνθρωποι
1840 2831 1841 2852 ³

1110 2919 1184 2980 αὗταλ
1201 2923 1335 2995 ἑωυτοῖσι,
1350 2925 1379 2981 oi
1393 2920 1572 3001 ‘protexeram
1582 2920 1644 3000 περὶ
1666 2912 1704 2979 ῶν
1724 2919 1813 2979 ίθεααν.

1110 3008 1197 3069 Φύσιν
1225 3006 1253 3066 δέ
1276 3007 1371 3075 πόντος
1385 3008 1443 3068 θεολ
1457 3007 1647 3084 διεκόσμησαν.
1671 3007 1715 3068 Τὸ
1726 2996 1812 3084 μὲνῶν

1108 3095 1240 3176 ἄνθρωποι
1247 3095 1340 3155 ἔθεσαν
1355 3096 1474 3155 οὐδέκοτε
1485 3096 1556 3156 κατὰ
1577 3095 1677 3154 τωῦτὸν
1693 3095 1746 3174 ἔχει
1763 3091 1813 3152 οὔτε

1106 3184 1140 3241 τὸ
1153 3181 1217 3258 epti
1229 3181 1287 3243 οὔτε
1299 3181 1334 3241 cir
1349 3183 1387 3262 μὴ
1406 3183 1480 3264 ὁρθό.
1500 3181 1602 3242 Ὁκόσα
1617 3181 1645 3240 δέ
1666 3181 1717 3240 θεολ
1732 3181 1812 3240 έθεατι
1840 3193 1841 3238 l

1110 3269 1162 3328 αλελ
1174 3271 1254 3350 ὀρθῶς
1267 3269 1335 3349 ἔχει.
1353 3270 1407 3332 Καὶ
1420 3269 1455 3330 τὸ
1472 3267 1537 3350 ὁρθὸ
1549 3269 1595 3328 καὶ
1610 3268 1645 3328 τὰ
1657 3269 1695 3344 μὴ
1705 3267 1765 3348 θρθθ
1777 3289 1812 3325 το-
1840 3243 1841 3298 ὁ

1111 3361 1202 3416 σοῶτον
1218 3355 1344 3438 διαφέρει.

1147 3445 1353 3524 (Hippocrates
1362 3443 1428 3524 Περὶ
1435 3443 1597 3516 διαίτηςλίλ).
1608 3444 1634 3517 Ι,
1646 3443 1704 3502 τοί.
1713 3443 1759 3521 lp.
1770 3443 1815 3518 639
1840 3441 1841 3516 l

1110 3550 1171 3610 aeq.
1181 3532 1228 3592 cd.
1237 3532 1332 3591 Hiilrn.
1344 3533 1405 3591 Pro
1421 3533 1506 3594 codd.
1518 3531 1696 3592 lectionibna
1707 3532 1815 3610 ίφενῆ-

1110 3619 1583 3702 φίσει-έαυτῶν-διαπρησσόμενα
1603 3623 1655 3699 οὔχ
1667 3617 1815 3696 ὁμολογέεται
1840 3629 1841 3698 ξ

286 3706 477 3788 παραπλησίως
494 3703 621 3785 Ὁμήρῳ,
635 3701 662 3771 ὁς
685 3704 786 3780 ἐγένετο
799 3705 851 3761 τῶν
864 3703 1002 3777 Ἑλλήνων

286 3794 429 3876 σοφώτερος
439 3793 553 3852 πόντων.
569 3791 687 3852 Ἐκεῖνὸν
696 3814 724 3852 τε
734 3791 784 3872 γὰρ
797 3791 887 3858 παῖδας
900 3795 1005 3872 φθεῖρας

1111 3703 1814 3787 ὁμολογεόμενα-οὗτεόρθῶςοὸτεμὴὀρθῶς-όεὶεὸἰιέῐ
1840 3741 1841 3774 3

1114 3793 1698 3876 ἀφανία-φύσι-ίωυτῶν-διαπρήσσεται
1710 3797 1757 3872 αἰχ
1764 3797 1813 3867 ὁμο-

259 4067 298 4112 nt.
316 4063 429 4124 Ignorant
437 4062 581 4114 concordem
596 4059 798 4112 caeediaoordiam
811 4075 818 4109 ι
833 4060 945 4112 caterina
956 4074 1007 4112 mu·
1056 4062 1309 4127 c-tantneactenteaque
1321 4074 1377 4126 quar
1387 4061 1511 4114 imitentur
1523 4061 1633 4125 ipsorum
1646 4072 1720 4122 opera
1735 4057 1813 4108 imitari.

229 4148 308 4198 tabttie
320 4150 450 4199 concentus
462 4153 489 4199 ut
499 4151 570 4200 arcun
580 4152 605 4200 et
615 4147 683 4212 iyrn.
1054 4149 1151 4214 Quippe
1160 4150 1194 4201 ita
1207 4149 1243 4212 nt,
1252 4152 1282 4200 ut
1291 4150 1373 4199 omnia
1384 4149 1471 4200 cimilia
1488 4148 1538 4199 rint
1550 4161 1607 4211 quae
1618 4147 1744 4196 dissimilia
1758 4147 1814 4200 aunt.

261 4238 300 4285 ot.
318 4237 379 4294 Quae
401 4234 524 4297 ridentur,
543 4234 674 4286 audiuntur
692 4236 717 4284 et
741 4233 877 4297 utuntur,
897 4235 950 4285 haec
965 4246 1009 4296 εςο
1053 4237 1079 4288 et
1097 4238 1255 4300 congruentia
1274 4237 1355 4287 omnia
1374 4249 1430 4300 qun
1452 4236 1547 4287 diretta
1571 4239 1644 4296 eunt,
1667 4237 1692 4284 ct
1715 4230 1815 4296 Ισφεειθε

231 4325 325 4374 caeteris
335 4328 461 4387 antepono.
1055 4335 1104 4374 non
1124 4323 1245 4387 loquentia
1260 4325 1285 4374 et
1310 4323 1402 4374 ratione
1422 4321 1514 4374 utentia
1529 4319 1629 4372 rationis
1652 4321 1764 4385 expertia.
1780 4317 1815 4368 sal

261 4417 301 4462 95.
320 4410 347 4460 ld
356 4423 385 4460 er
399 4410 437 4460 hia
454 4411 507 4472 ejus
525 4409 604 4460 rcrbie
616 4409 685 4460 [acilo
702 4409 842 4474 intelligitur
860 4425 866 4454 ι
884 4413 1010 4473 Εεεετααι,
1057 4423 1128 4461 auum
1144 4410 1261 4473 cujutqne
1276 4409 1399 4473 ingenium
1408 4409 1474 4472 quod
1492 4409 1518 4458 in
1527 4407 1639 4458 οοαῐεεεο
1651 4410 1688 4459 eat
1701 4407 1814 4470 aliquantu·

231 4498 317 4560 inquit,
338 4498 447 4548 hominen
467 4498 492 4547 in
504 4510 585 4547 rerum
599 4495 729 4548 illuatriurn
745 4497 882 4560 cognitione
902 4497 1011 4550 similiter
1055 4501 1108 4552 lum
1123 4499 1272 4552 adversatur.
1287 4503 1339 4552 Lex
1350 4500 1415 4550 eninr
1424 4505 1450 4552 et
1462 4503 1548 4550 natura
1558 4499 1649 4563 quibua
1660 4500 1767 4549 universa
1774 4507 1813 4544 cce

231 4589 304 4648 atque
317 4587 435 4636 Homerua
446 4584 488 4647 qui
504 4583 703 4647 reliquieGraecia
713 4584 842 4647 sapientior
854 4584 909 4636 tuit.
937 4584 1009 4634 Illum
1056 4585 1171 4635 flcinnlur
1184 4585 1215 4636 de
1235 4585 1272 4634 hir
1289 4597 1345 4648 quae
1361 4585 1386 4634 in
1397 4585 1508 4636 conleaao
1524 4588 1582 4637 aunt
1606 4599 1656 4636 non
1675 4584 1812 4636 wnaantinnt

230 4674 294 4723 enirn
314 4673 381 4735 pueri
401 4673 443 4736 qui
462 4671 585 4736 pedicnlce
601 4671 776 4722 interficiebant
795 4671 832 4721 trie
845 4671 926 4722 rcrbia
942 4670 1011 4722 dece·
1036 4683 1037 4686 ’
1056 4672 1151 4722 Etenim
1165 4672 1240 4734 legem
1251 4671 1351 4735 aibiipai
1363 4672 1474 4722 homines
1488 4673 1633 4735 statuerunt,
1655 4667 1813 4734 lpacrantcrlr

231 4774 287 4823 pere
301 4773 308 4808 ι
321 4778 333 4802 ι
347 4762 409 4818 Quae
420 4759 527 4810 ridimna
537 4760 699 4823 ceptumque,
714 4771 743 4810 ea
760 4758 841 4808 omnia
851 4757 1010 4822 τεδίηυὶευυες
1057 4758 1295 4822 ortibusatatuerent.
1327 4761 1442 4810 Naturam
1456 4758 1558 4808 teredii
1574 4771 1661 4810 οιααοε
1675 4756 1814 4810 cunemine

233 4861 287 4910 qnae
301 4860 358 4897 vero
371 4859 450 4910 neque
461 4846 566 4897 vidimus
580 4858 658 4909 neque
673 4845 789 4908 repimus,
802 4849 995 4906 cunemannus.»
1056 4846 1240 4896 constituerunt.
1266 4847 1327 4902 Qun
1340 4843 1412 4906 igitur
1427 4843 1698 4906 accumulamur,
1718 4857 1744 4892 ea
1764 4853 1811 4889 rut·

264 4937 303 4982 to.
319 4935 351 4981 at
361 4944 417 4982 vero
427 4932 559 4983 lromineee
572 4931 704 4985 mentientia
710 4930 812 4982 obscura
822 4933 929 4995 epectare
941 4932 1014 4982 nesci·
1057 4945 1130 4996 quarn
1146 4932 1231 4984 codem
1250 4931 1322 4982 moto
1340 4943 1366 4981 ee
1383 4931 1481 4992 habent,
1501 4930 1554 4981 aire
1567 4933 1633 4981 reeta
1643 4931 1695 4981 rire
1707 4943 1749 4980 non
1761 4927 1808 4978 neit

233 5024 286 5067 unt.
300 5019 412 5082 itemque
429 5020 523 5071 artibus
541 5021 654 5071 humane
669 5021 762 5070 nature
778 5019 976 5070 convenientibus
988 5033 1013 5070 sa
1057 5024 1121 5071 eunt.-
1135 5021 1197 5078 Qua
1209 5032 1266 5070 vero
1278 5018 1310 5068 dit
1318 5019 1463 5081 statuerunt,
1475 5030 1504 5068 ea
1517 5030 1612 5082 εεαιρεε
1622 5020 1687 5068 recte
1696 5030 1720 5066 εε
1731 5014 1805 5064 tuat

236 5105 272 5154 uti
283 5106 400 5169 inrorant.
411 5109 518 5160 Dcnrurn
534 5110 599 5160 enim
618 5121 684 5160 mena
698 5109 781 5160 docuit
793 5108 895 5160 acientea
908 5121 964 5172 qun
979 5107 1013 5158 ta·
1060 5109 1139 5170 atque
1155 5113 1219 5158 recta
1231 5110 1255 5158 et
1268 5121 1316 5158 non
1327 5108 1392 5158 recta
1403 5107 1496 5158 tantuna
1506 5107 1571 5158 inter
1584 5119 1610 5158 aa
1622 5105 1714 5156 disum
