3840 5924
478 349 519 411 ΙΝ
540 349 780 414 uurnouttts
803 352 1015 416 ChlllleUhl
1039 353 1259 429 unttotttas
1629 367 1664 418 la

66 484 111 544 illo
124 481 203 562 quod
224 481 441 563 praeceditmpl
456 481 627 542 offenderet.
649 483 794 562 Namque,
809 497 841 543 nt
924 486 973 548 Vs.
989 509 1021 560 ¹7
1048 489 1155 564 legitur
1174 487 1250 565 apud
1264 487 1442 546 Clementem
1457 487 1540 548 Alex.
1556 487 1662 547 Strom.

65 570 226 652 philosophi
239 570 341 629 verbis
356 584 422 630 utar
438 593 445 627 :
463 569 555 650 δέργα
571 574 649 651 βορᾶς
664 571 841 648 μητισάμενος
887 573 929 632 lll
946 595 977 652 p.
993 576 1049 642 lla
1066 575 1097 634 ll.
1113 575 1244 633 Declarat
1257 588 1341 653 poeta
1352 593 1438 652 quem
1453 575 1583 633 dolorem
1598 596 1664 654 per·

65 670 112 726 τοῖς
129 682 156 717 τε
176 661 268 718 ὀδοῦσι
281 658 326 716 καὶ
340 658 394 726 τοῖς
408 659 596 738 περικειμένσις
609 658 726 738 χείλεσιν
743 659 841 736 έμητί-
887 663 997 740 ceperit
1016 683 1054 728 εκ
1072 665 1189 740 aspec'lu
1204 675 1302 734 terras,
1319 680 1408 738 quum
1423 661 1550 739 primum
1564 681 1581 720 e
1595 663 1664 720 deo-

65 770 133 807 σατσ.
153 747 233 806 Hinc
248 759 327 825 patet
340 745 402 826 περὶ
424 767 479 826 pro
493 745 634 806 adverbio
655 766 717 806 esse
733 747 842 806 haben·
888 769 952 809 rum
969 749 1087 810 sedibus
1106 749 1276 808 exturbatus
1291 750 1322 808 in
1339 750 1414 808 banc
1435 751 1523 808 vitam
1545 751 1664 828 profici-

66 837 179 908 duur,ut
191 836 222 894 in
231 836 349 914 Hymno
362 837 395 894 iu
409 835 473 894 Cer.
486 856 516 894 ν.
525 838 584 910 a76
597 834 665 904 ιὮς
677 839 786 896 ἀποῦσα
796 835 843 897 θεὰ
889 829 1024 896 secratur.
1034 836 1149 896 Excidit
1163 837 1283 895 lortasse
1293 835 1462 913 hujusmodi
1477 839 1641 896 versiculus
1658 857 1666 896 :

66 922 168 1000 μέγεθός
178 945 209 982 τε
227 925 273 982 καί
287 915 355 996 κίδος
369 923 482 1006 ditaris,
492 927 574 1005 γῆρας
585 923 766 1000 ἀπωσαμένη,
781 924 843 1004 περί

64 1016 85 1069 τ’
96 1013 162 1092 ἀμφί
172 1035 202 1070 τε
211 1011 308 1080 κάλλος
321 1011 397 1082 ἄητο.
410 1013 510 1090 Neque
521 1031 591 1069 vero
605 1011 767 1071 audiendus
780 1012 843 1070 ttet-

65 1101 158 1176 shius,
182 1098 270 1176 cujus
293 1099 495 1178 interpretatio
517 1101 622 1159 callide
642 1115 670 1157 et
695 1105 844 1174 artificiose
889 1117 954 1162 ante
967 1104 1070 1164 κλαῦσό
1083 1127 1111 1162 τε
1123 1127 1150 1162 κ.
1161 1127 1187 1164 τ.
1202 1106 1228 1164 λ.
1243 1103 1277 1163 ld
1291 1103 1484 1183 probabiliter
1499 1105 1619 1182 colligas
1631 1128 1668 1166 ex

65 1188 98 1264 [i.
114 1204 141 1246 e.
166 1186 248 1264 περὶ)
277 1194 448 1243 committere
462 1189 569 1243 scelera
593 1190 675 1244 labiis
691 1188 844 1248 Karstenio
890 1192 1033 1250 Hieroclis
1048 1193 1078 1250 in
1094 1211 1210 1250 carroco
1223 1209 1286 1251 aur.
1303 1211 1407 1250 comm.
1423 1213 1454 1270 p.
1470 1195 1551 1265 ιθύὴ
1567 1193 1593 1251 δὲ
1607 1194 1665 1275 ἔφε-

65 1289 178 1349 qnoque
193 1291 255 1330 non
279 1273 425 1332 satisfecit.
440 1273 556 1352 Quippe
574 1288 706 1352 apertum
722 1289 766 1336 est
779 1274 842 1355 ql·
890 1301 930 1346 σις
943 1284 989 1336 τιῦ
1003 1277 1141 1360 φεύγοντος
1158 1277 1200 1336 cir
1212 1282 1259 1350 τῆς
1269 1275 1350 1352 Ἄτης
1360 1280 1477 1352 λειμῶνα
1491 1280 1666 1358 πρδςτδντῆς

64 1358 111 1416 τλι’
123 1359 189 1439 ἔργα
205 1362 286 1439 βορᾶς
299 1357 360 1434 περί
372 1359 472 1439 χείλεσι
487 1359 649 1438 μητίσασθαι
659 1362 756 1421 ναίετε
770 1385 777 1420 ι
793 1383 844 1422 ne·
890 1366 1012 1438 ἀληθείας
1028 1365 1297 1444 ἀπείγεταιλειμῶνα·
1309 1363 1338 1425 θν
1348 1364 1485 1426 ἀπολιπὼν
1494 1371 1528 1440 τῇ
1543 1369 1611 1447 ὁρμῇ
1621 1373 1668 1442 τῆς

67 1448 133 1506 laria
144 1447 309 1506 devorandi
320 1449 431 1507 scelera
444 1448 632 1526 circumcirca
645 1449 732 1510 labiis
742 1451 845 1508 admit·
890 1452 1105 1533 πτερορρυήσεως
1119 1455 1155 1518 εἰς
1165 1452 1253 1531 γήινον
1265 1452 1371 1533 ἔρχεται
1383 1456 1461 1530 σῶμα
1474 1452 1563 1514 ildico
1577 1457 1669 1523 αἰῶνος

66 1547 142 1606 tere,
167 1534 201 1594 id
227 1546 290 1607 est,
313 1535 451 1595 nefandas
471 1535 559 1614 dapes
584 1556 644 1595 non
660 1537 843 1616 primoribus
891 1538 1071 1619 ἀμερθιίς,ἰιι
1085 1534 1194 1618 quibu's
1207 1540 1454 1600 verbisversuum
1474 1539 1668 1619 Empedocle-

65 1621 153 1680 labris
167 1635 289 1698 gustare
300 1623 310 1705 i
322 1621 414 1702 ἄκροις
426 1623 526 1704 χείλεσι
538 1623 717 1703 γεύσασθαι)7
731 1626 780 1684 sed
798 1625 845 1684 to·⁸
891 1646 977 1685 orum
993 1625 1131 1704 reliquias
1148 1628 1244 1686 inesse
1256 1627 1369 1705 poetica
1380 1628 1470 1688 dictio
1482 1628 1587 1703 arguit.

66 1710 102 1768 tis
112 1711 192 1768 circa
203 1708 294 1768 labiis
305 1711 459 1786 attingere.
475 1710 519 1770 Ex
531 1711 578 1771 his
590 1732 654 1790 quas
666 1713 754 1771 modo
768 1711 846 1771 dicta
931 1712 993 1773 llss.
1019 1714 1118 1772 ιθ-αι.
1135 1713 1251 1796 ἀτερπέα
1274 1716 1560 1795 χῶρον-ἠλάσκουσιν
1575 1713 1587 1800 ]
1608 1719 1668 1779 Hos

65 1809 149 1865 sunt,
162 1796 322 1856 conficitur
347 1797 468 1856 minime
488 1797 679 1858 necessariam
694 1819 757 1858 esse
771 1798 846 1858 llar-
890 1821 992 1860 versus
1003 1816 1108 1882 praeter
1120 1824 1157 1861 ao
1172 1804 1269 1863 laudat
1279 1804 1428 1864 Hierocles
1442 1804 1473 1863 iu
1487 1808 1558 1865 Aur.
1569 1806 1666 1868 Caum

67 1883 151 1942 stenii
172 1885 384 1943 correctionem
397 1884 602 1962 μαστεύσααθαι.
893 1910 923 1970 ρ.
943 1891 997 1958 aas
1010 1889 1056 1950 ed.
1071 1904 1161 1953 nostr.
1172 1890 1237 1951 Vss.
1250 1913 1286 1968 ¹9
1300 1904 1328 1949 ct
1343 1913 1394 1965 ar,
1410 1893 1518 1950 omisso
1530 1894 1600 1953 itern
1622 1915 1667 1957 rs.

103 1971 166 2030 l'ss.
195 1971 287 2028 ι5-ι6
308 1972 436 2030 servarit
454 1972 587 2032 Clemens
608 1973 654 2034 hl.
675 1974 782 2034 Strom.
808 1971 846 2031 lv
893 1998 941 2048 ao,
957 1977 1097 2056 Synesins
1110 1977 1147 2038 de
1164 1978 1287 2038 Prov.1
1309 1999 1340 2056 p.
1363 1981 1401 2056 89
1422 1981 1464 2052 ὓς
1480 1983 1668 2058 posteriorem

69 2079 95 2136 Ρ·
116 2068 194 2136 47θὶ
209 2059 338 2136 priorem
355 2079 471 2119 versum
488 2059 662 2121 Plutarchus
676 2060 712 2120 de
736 2059 846 2120 Exsilio
894 2065 998 2124 horum
1011 2065 1087 2124 idern
1102 2066 1154 2145 Ep.
1170 2068 1226 2134 ιύθ
1238 2088 1268 2145 p.
1285 2067 1354 2127 283.
1365 2067 1430 2126 Vss.
1447 2089 1482 2145 ¹9
1496 2081 1525 2125 et
1544 2089 1582 2126 ao
1596 2069 1669 2129 Pro·

69 2166 94 2222 p.
109 2147 167 2218 607
191 2145 273 2226 (vot.
294 2146 404 2225 vulp.
421 2147 476 2225 397
496 2146 543 2209 ed.
564 2147 661 2206 lleislt.
672 2149 700 2225 );
715 2147 847 2206 Stobaeus
893 2154 996 2212 clusin
1008 2152 1157 2231 Cratylnm
1169 2175 1198 2233 p.
1214 2156 1267 2212 103
1277 2154 1324 2214 ed.
1336 2155 1479 2226 taisson,
1490 2175 1548 2213 non
1557 2157 1669 2234 adjecto

71 2231 165 2292 Hvril·
188 2234 251 2294 Til·
273 2241 311 2300 lo
326 2247 398 2294 10⁰1·
425 2234 451 2293 ll
469 2256 500 2313 p.
517 2235 555 2292 8⁰
573 2235 620 2293 ed·
636 2235 728 2294 θεῖαί.
742 2233 845 2293 Verbis
895 2241 1078 2319 Empedoclis
1092 2243 1229 2312 nomine,
1245 2241 1295 2300 sed
1310 2241 1413 2300 horum
1426 2247 1582 2320 posterior,
1595 2263 1612 2302 a
1624 2266 1670 2305 me

69 2319 285 2398 Empedocleis,
309 2320 418 2398 quibus
435 2321 627 2401 philosophus
651 2321 760 2400 prioris
777 2323 846 2380 vitae
893 2331 978 2387 uncis
997 2328 1143 2402 inclusus,
1158 2328 1268 2406 injuria
1290 2329 1466 2408 philosopho
1483 2331 1577 2407 qualis
1593 2353 1670 2392 nnnc
1693 2317 1695 2324 ’

69 2407 242 2466 dfflidffl'ium
257 2409 412 2486 exprimit,
427 2411 469 2468 Sic
482 2409 621 2488 praefatur
629 2408 762 2468 Clemens
776 2409 845 2486 ιούχ
893 2428 937 2473 est
954 2415 1059 2474 ascribi
1081 2415 1209 2475 ridetur.
1225 2414 1274 2476 lls.
1289 2436 1323 2474 οι
1339 2417 1408 2474 citat
1424 2417 1510 2474 etiam
1534 2417 1670 2478 lulianus

70 2493 179 2572 ύόρέζων
199 2493 246 2553 τὀν
260 2497 419 2576 πειράζοντα
436 2497 473 2577 [i.
487 2515 514 2554 e.
532 2495 696 2574 diabolum)
717 2494 848 2554 παιδεύων
895 2501 1055 2580 imperator
1080 2502 1112 2560 in
1128 2503 1208 2560 Orat.
1225 2524 1253 2575 7.
1278 2503 1425 2561 Hierocles
1444 2504 1481 2562 tle
1506 2505 1585 2579 genii
1608 2507 1670 2564 sivo

69 2579 107 2654 δέ,
117 2570 215 2660 siper,
228 2582 276 2642 ¹⁸1
292 2581 407 2662 ῑδὲτχυν
894 2591 1112 2669 lrominislapsu
1126 2591 1157 2649 in
1168 2604 1273 2649 terram
1286 2591 1399 2649 locutus
1409 2591 1449 2649 ita
1462 2594 1557 2670 pergit
1568 2613 1575 2649 ι
1588 2595 1670 2652 ἀνεισι

895 2676 922 2736 δέ
933 2679 979 2737 καί
995 2676 1041 2750 τὴν
1057 2674 1168 2757 ἀρχαίαν
1178 2675 1229 2746 ἕξιν
1245 2675 1435 2752 ἀνσλαμόάνει,
1448 2680 1470 2736 sl
1481 2677 1556 2757 φύγοι
1567 2678 1600 2739 τὰ
1610 2679 1671 2759 περὶ

894 2767 943 2840 γῆν
955 2763 999 2824 καλ
1011 2763 1054 2822 τὸν
1068 2762 1200 2844 ,ἀτερπέα
1214 2763 1328 2842 χῶρον,”
1341 2767 1377 2830 ὡς
1397 2763 1474 2831 αὐτὸς
1494 2763 1574 2842 λέγει,
1591 2764 1669 2844 ,ἔνθα

67 2855 97 2922 ῶς
111 2877 195 2934 φησιν
207 2854 407 2930 Ἐμπεδοκλῆς,
424 2845 477 2914 bit
487 2854 573 2915 λιπὼν
584 2853 652 2914 κατὰ
672 2859 770 2924 θνητῶν
781 2859 846 2914 ἀνα·
895 2851 981 2921 Φύνυς
997 2874 1026 2910 τε
1046 2851 1130 2917 Κότυς
1145 2852 1231 2909 τεκαὶ
1246 2850 1333 2910 ἄλλων
1348 2850 1421 2910 ίθνεα
1437 2853 1549 2931 Κηρῶν,
1574 2851 1628 2920 ”ε“ἶς
1642 2853 1669 2912 dr

67 2944 217 3024 στρέφεται.
230 2943 264 3002 lu
279 2945 379 3022 priore
392 2963 480 3002 uersu
493 2963 548 3022 pro
562 2943 606 3002 καὶ
622 2941 676 3002 οἵου
691 2942 847 3002 Plutarcho
894 2941 918 2998 ol
928 2935 1188 3017 ἐμπισόντες,,’δτηι
1197 2936 1228 2996 ἂν
1236 2938 1578 3014 λιιμῶνα-ἠλέσκουσιν”.
1587 2940 1670 3000 Unde
1755 2959 1757 2964 ’

67 3046 185 3090 auctore
199 3031 355 3107 legendum
367 3050 431 3090 esse
445 3054 474 3088 τε
491 3031 535 3089 καὶ
550 3029 628 3103 δσσου
646 3044 783 3110 ορριιιει,
797 3031 848 3090 sed
895 3027 1034 3106 conjicias
1045 3027 1189 3098 ἠλάσκουσι
1204 3047 1263 3085 non
1278 3028 1314 3086 ad
1326 3027 1411 3093 Φόνος
1422 3041 1450 3090 et
1462 3027 1546 3096 Κότυς
1559 3048 1576 3086 a
1587 3044 1671 3106 poeta
1696 3103 1700 3114 ¹

65 3139 128 3196 quae
149 3119 309 3198 subjungit
330 3119 485 3191 Clemens,
509 3120 540 3177 in
555 3119 592 3178 iis
614 3137 848 3196 quoqueversus
894 3134 957 3174 esse
971 3116 1109 3184 relatum,
1132 3114 1183 3173 sed
1199 3115 1234 3173 ad
1251 3135 1301 3175 eos
1320 3116 1371 3192 qui
1393 3116 1498 3175 ecoelo
1519 3119 1668 3176 interram

66 3208 191 3282 vestigia
212 3225 366 3284 superesse
389 3225 474 3265 nemo
490 3226 550 3264 non
566 3206 655 3264 ridet.
679 3205 849 3264 Karstenius
894 3205 1055 3263 deciderint
1066 3203 1075 3282 ί
1083 3205 1141 3270 τοὺς
1155 3200 1331 3281 ἐμπεσόντας)
1342 3248 1349 3275 ,
1362 3216 1447 3280 atque
1458 3222 1569 3262 errasse
1583 3204 1671 3282 Syne-

66 3315 119 3370 pro
130 3291 220 3352 λιπὼν
236 3293 335 3372 posuit
351 3291 439 3352 πεσὼν
453 3307 573 3373 propter
583 3293 694 3352 Plotini
708 3291 801 3352 verba
812 3297 851 3352 ci-
895 3292 986 3364 sinm,
1000 3291 1051 3369 qui
1065 3311 1181 3350 versum
1199 3290 1259 3350 ἔνθα
1272 3291 1357 3357 Φόνυς
1370 3291 1428 3350 κτλ.
1446 3312 1510 3349 cum
1524 3304 1669 3370 postremo

66 3393 123 3439 tata
139 3380 181 3438 ad
199 3401 232 3438 r.
250 3400 269 3456 9
295 3392 324 3438 et
337 3401 392 3460 pro
413 3380 618 3460 ἀναστρέφεται,
645 3379 849 3458 ἀναστρέφομαι.
893 3372 1169 3450 Ἄτης-ἠλάσκουσιν
1181 3379 1287 3453 jungit.
1302 3377 1435 3437 Fortasse
1446 3379 1555 3437 excidit
1567 3379 1669 3456 hujus·

64 3463 160 3536 Quum
184 3486 258 3525 uero
282 3465 394 3526 deesset
417 3486 523 3526 nomen
544 3467 580 3525 ad
594 3467 674 3545 quod
694 3467 850 3526 referretur
895 3467 974 3524 modi
996 3484 1121 3524 versus:
1146 3455 1183 3532 οἷς
1210 3464 1321 3544 μέροπες
1342 3464 1420 3523 δειλοὶ
1435 3463 1507 3540 μέλα
1527 3465 1669 3542 τειρόμενοι

64 3555 130 3614 κατὰ
140 3553 336 3633 prepositio,
347 3555 549 3634 Empedoclem
562 3573 621 3613 non
635 3555 710 3613 male
721 3555 849 3632 suspica·
895 3553 989 3634 φρένας
1003 3552 1057 3610 αἰέν
1072 3565 1138 3610 ante
1150 3548 1231 3621 Ἄτης
1250 3553 1308 3610 κτλ.
1333 3551 1398 3610 Non
1413 3569 1516 3625 magua
1535 3553 1669 3611 lectionis

64 3655 107 3701 tus
120 3656 172 3702 est
187 3640 343 3719 scripsisse
359 3642 405 3699 rel
421 3631 472 3698 ὧδε
490 3639 577 3699 πεσὼν
599 3641 708 3706 δειλαῖσς
723 3639 848 3717 ἀναστρί·
895 3642 1047 3700 diversitas
1058 3653 1110 3697 est.
1126 3639 1268 3697 Hieroclis
1282 3639 1424 3697 editiones
1436 3639 1580 3716 pleraeque
1594 3640 1670 3700 clau·
1742 3683 1745 3692 ·

62 3751 147 3804 φομαι
158 3725 232 3804 μετὰ
240 3729 340 3797 θνητῶν
350 3727 398 3785 vel
407 3717 458 3786 its
468 3727 555 3786 πεσὼν
565 3731 714 3802 κευθμῶνας
724 3726 849 3806 ἀναστρί·
895 3729 1009 3787 dicante
1028 3740 1119 3784 metro
1132 3725 1239 3784 habent
1256 3747 1262 3782 ι
1275 3721 1354 3798 Ἄτης
1369 3724 1417 3784 eisd
1426 3728 1497 3800 λειμ.
1510 3726 1595 3784 τεκαὶ
1608 3727 1670 3786 σκό·

62 3837 146 3892 φομαι
173 3813 245 3872 κάτα
268 3817 379 3885 θνητῶν.
407 3815 548 3890 Hergltins
563 3814 600 3873 de
620 3815 701 3894 Ernp.
723 3835 846 3893 prooem.
894 3839 937 3883 τος
947 3814 1098 3894 probatum
1111 3813 1182 3871 olim
1199 3813 1345 3888 Scaligero
1357 3813 1433 3892 apud
1450 3813 1544 3872 Karst.
1558 3834 1586 3891 p.
1602 3815 1668 3888 165;

62 3921 89 3977 p.
118 3903 160 3959 33
181 3901 311 3978 conjecit
327 3891 377 3959 ῶδε
400 3899 485 3960 λιπὼν
509 3903 639 3978 λειμῶνας
654 3901 849 3982 ἀναστρέφομαι
895 3903 960 3960 cod.
977 3900 1053 3960 bled.
1069 3899 1100 3958 ἀν
1123 3902 1239 3974 λειμῶνα
1256 3901 1333 3978 quod
1347 3919 1401 3976 ego
1414 3903 1510 3978 recepi
1529 3922 1593 3978 pag.
1614 3905 1667 3970 143

61 3989 129 4049 arrd
146 3993 272 4061 θνητῶν,
288 3988 365 4066 qnod
376 4008 480 4048 vercor
491 3989 652 4068 utprobari
667 3991 766 4068 possit.
777 3990 849 4049 ltthi
895 4008 965 4047 rneaa
976 3987 1124 4047 editionis.
1141 3988 1280 4064 Synesius
1296 3983 1355 4049 τἌ.
1368 3989 1393 4044 έν
1404 3989 1512 4064 λειμῶνι
1525 3987 1593 4047 sach
1608 3987 1669 4047 σκύ-

60 4076 233 4136 litterarum
256 4076 361 4136 ductus
386 4095 546 4155 versusque
566 4078 705 4156 reliquias
725 4078 850 4136 intuenti
895 4099 951 4137 τον.
974 4074 1107 4133 Julianus
1133 4095 1140 4131 ι
1162 4069 1206 4135 Ἀ.
1230 4076 1256 4132 έν
1272 4076 1380 4151 λειμῶνι
1395 4073 1464 4132 κατὰ
1483 4073 1574 4132 σκότον
1600 4077 1670 4145 ἠλά-

58 4165 249 4224 exarandum
260 4163 377 4222 videtur
388 4153 438 4222 dtr
447 4163 528 4231 τέλος
542 4166 673 4244 λειμῶνας
685 4165 849 4248 ἀναστρέφο-
896 4187 1011 4223 σκονται.
1026 4163 1152 4220 Omnino
1166 4161 1332 4240 ponendum
1343 4159 1374 4218 ἀν
1386 4163 1501 4236 λειμῶνα
1514 4162 1592 4240 quod
1602 4183 1670 4242 pro·

51 4277 105 4329 μαι
120 4253 199 4312 κάτα
213 4253 327 4322 θνητῶν.
340 4250 439 4330 Neque
461 4253 540 4310 enim
555 4253 715 4332 quidquam
733 4252 847 4326 obstat,
895 4265 960 4329 pter
976 4251 1077 4310 forma
1091 4251 1275 4310 insolentiam
1291 4267 1308 4305 a
1323 4248 1454 4307 librariis
1474 4263 1612 4308 mutatum
1627 4266 1671 4310 est

50 4341 133 4418 (prin
155 4331 213 4398 ὧδε
228 4339 307 4398 idem
322 4357 385 4399 esse
406 4339 456 4398 hic
476 4352 635 4400 statuamus
654 4339 733 4419 quod
753 4339 848 4414 οθτως,
896 4343 928 4398 in
942 4341 968 4398 έν
978 4339 1096 4412 λιιμῶνι.
1112 4337 1178 4396 Νοιί
1192 4349 1258 4395 sunt
1270 4336 1327 4394 loci
1342 4334 1546 4409 Homerici,in
1563 4336 1671 4413 quibos

51 4447 150 4504 quam
173 4427 237 4486 vim
252 4426 402 4504 plerisque
415 4427 533 4486 Homeri
544 4439 573 4486 et
585 4428 760 4504 tragicorum
777 4427 850 4486 locis
898 4427 929 4486 ἀν
953 4427 999 4484 rel
1019 4423 1058 4502 ἀμ
1075 4445 1128 4504 pro
1154 4423 1203 4482 ἀνθ
1224 4425 1354 4502 ponitur.
1381 4423 1521 4482 Similiter
1541 4423 1669 4502 llisehyl.

52 4513 128 4573 hnic
142 4515 301 4592 purticulae
311 4513 403 4572 tribui
413 4515 640 4574 convenitvelnt
649 4514 726 4594 apud
736 4513 851 4591 lEschy·
896 4513 1027 4593 Supplic.
1041 4533 1073 4571 ν.
1092 4513 1149 4582 3t6
1161 4513 1170 4588 ί
1180 4533 1209 4568 ν.
1225 4513 1281 4568 362
1294 4510 1341 4572 ed.
1354 4509 1474 4589 Schntzi
1488 4511 1670 4570 lauricomos

51 4601 118 4660 lum
134 4602 246 4661 Proto.
270 4621 301 4661 ν.
320 4601 376 4680 ι59
389 4599 429 4668 τίς
444 4591 495 4660 ὧδε
515 4601 698 4683 τλησικάρδιος
715 4604 779 4661 θεῶν
797 4600 850 4682 διφ
897 4604 931 4668 ὡς
945 4601 1058 4675 δάμαλιν
1072 4598 1110 4674 ἀμ
1124 4598 1231 4678 πέτραις
1248 4596 1393 4668 ἡλιόύτοις.
1408 4598 1451 4658 Cl.
1469 4598 1585 4656 Boeckh.
1601 4619 1632 4658 ν.
1648 4599 1669 4658 l.

55 4689 115 4747 τύδ’
128 4693 269 4768 ἐπιχαρῆ,
279 4689 415 4766 quamvis
429 4688 602 4748 Buttmaono
613 4689 742 4748 Gratum.
758 4689 849 4766 ampl.
896 4688 981 4748 Pind.
993 4688 1039 4746 01.
1054 4686 1119 4765 llll,
1131 4689 1179 4746 61.
1194 4686 1333 4745 hliramur
1348 4701 1441 4746 autem
1456 4687 1512 4746 hoc
1524 4683 1555 4744 δν
1568 4705 1585 4744 a
1601 4687 1673 4744 liar·

58 4787 131 4836 torar.
157 4776 187 4834 ll
213 4797 245 4855 p.
273 4777 332 4835 atto
351 4775 494 4835 assentiar
515 4775 627 4847 τοπικὴν
646 4777 724 4835 illam
740 4775 851 4835 voculae
897 4778 992 4837 stenio
1009 4789 1038 4834 et
1057 4775 1179 4850 Bergltio
1203 4775 1267 4834 sine
1289 4789 1408 4834 accentu
1435 4793 1498 4833 esse
1521 4775 1670 4852 scriptum.

60 4865 312 4941 significationem
328 4883 418 4944 quam
434 4864 620 4924 Aristarchus
635 4859 667 4923 in
689 4865 851 4924 Homericis
897 4864 1040 4924 Praeterea
1054 4863 1131 4943 epici
1143 4863 1287 4922 sermonis
1299 4861 1491 4938 consuetudo,
1509 4881 1595 4939 quam
1606 4859 1671 4917 Em·

61 4953 245 5015 carminibus
258 4953 386 5034 reperiri
400 4951 726 5030 negabatiridlebrs.
742 4952 851 5010 dehri·
898 4953 1032 5032 peducles
1052 4952 1236 5030 potissimum
1262 4953 1406 5029 sequitur,
1434 4969 1493 5009 non
1512 4947 1562 5022 (τὸ)
1583 4947 1673 5012 σκότος

67 5041 171 5100 starchi
185 5043 288 5102 studiis
301 5039 477 5101 Homericis
496 5059 525 5118 p.
547 5041 600 5118 84)
616 5041 696 5098 omni
713 5053 794 5098 aetate
819 5043 849 5098 in
898 5039 1037 5118 requirit,
1053 5039 1103 5098 sed
1122 5036 1202 5118 (riv)
1220 5036 1331 5112 σκότον,
1347 5059 1411 5115 quae
1426 5038 1484 5096 viri
1499 5036 1577 5094 docti
1598 5053 1674 5113 pro-

72 5144 118 5186 usn
131 5130 215 5192 luisse
221 5131 345 5193 dicenti.
900 5128 1009 5186 miscus
1019 5125 1192 5186 habuerunt.
1204 5127 1340 5202 Denique·
1350 5125 1497 5184 llierocles
1517 5124 1674 5203 po'rocprae·

1573 5233 1594 5276 a.

927 964 1037 1047 ἄπτερος
1049 959 1200 1040 ὤν,θνητδς
1212 965 1338 1048 προτέρου
1349 967 1374 1026 τ’
1387 969 1479 1035 αἰῶνος
1493 970 1614 1048 ἀμιρθεές

143 2717 173 2787 ἐξ
187 2715 245 2788 οἵης
259 2721 338 2794 τιμῆς
356 2719 401 2778 καί
412 2715 467 2778 σίου
481 2717 579 2797 μήκεος
591 2716 684 2789 δλόου,
