3840 5924
584 701 1141 849 ,Pacuuium
1220 615 1224 625 ’

115 1204 305 1289 Philosophia
317 1228 382 1287 qnae
395 1227 412 1266 a
424 1207 534 1266 Graecis
552 1219 581 1264 et
594 1195 733 1264 Romanis
747 1218 844 1264 rerum
892 1203 936 1263 ria
947 1217 976 1263 et
995 1199 1172 1282 geographia
1186 1202 1225 1282 (al
1243 1208 1430 1280 nuncupatur
1446 1223 1453 1258 ι
1467 1196 1566 1260 eadem
1581 1201 1663 1260 deni-

78 1293 242 1354 divinarum
265 1297 512 1372 humanarumque
533 1293 659 1366 cognitio
675 1303 845 1366 vocataest,
893 1309 949 1368 que
963 1290 1059 1368 poesis
1074 1302 1103 1346 et
1116 1289 1287 1366 eloquentiae
1301 1287 1425 1366 speciem
1440 1287 1554 1362 induit,
1574 1305 1664 1364 quum

79 1395 132 1440 tam
144 1401 198 1440 sua
210 1383 304 1459 ipsius
317 1380 464 1457 majestate
477 1391 745 1457 praeceptorumque
758 1378 847 1436 firmi·
893 1377 1037 1434 clarorum
1055 1374 1187 1432 virorum
1202 1373 1274 1430 lacta
1288 1391 1440 1448 moresque
1454 1372 1581 1432 celebrat
1593 1373 1665 1435 alla·

79 1481 133 1526 tate
146 1487 233 1544 quam
255 1468 389 1526 utilitatis
406 1465 603 1542 magnitudine
616 1465 738 1540 reliquis
751 1467 845 1522 omni·
894 1466 987 1538 tisque
998 1459 1146 1519 veteribus
1159 1460 1300 1540 exemplis
1310 1460 1443 1518 mortales
1454 1459 1568 1518 arebus
1579 1460 1666 1519 fluxis

78 1555 129 1612 hus
142 1555 309 1632 disciplinis
329 1554 400 1612 adeo
418 1552 553 1622 excellit,
566 1565 599 1610 ut
615 1550 734 1609 uberior
745 1563 773 1608 et
787 1569 848 1608 am·
895 1566 1015 1606 avocare
1028 1559 1057 1605 et
1072 1546 1109 1605 ad
1121 1547 1238 1604 virtutis
1250 1545 1377 1604 studium
1391 1557 1559 1603 convertere
1578 1565 1665 1604 cona·

77 1641 151 1718 plior
174 1660 271 1718 neque
296 1660 358 1700 esse
381 1657 475 1716 neque
511 1639 608 1697 animo
638 1638 709 1714 hugi
742 1638 845 1715 possit.
895 1647 953 1697 tur.
969 1634 1019 1692 Est
1030 1635 1119 1708 igitur
1130 1633 1315 1710 philosophia
1326 1633 1409 1708 quasi
1421 1631 1521 1690 divina
1535 1631 1666 1710 quaedam

77 1728 168 1796 Quum
184 1728 267 1786 enim
287 1739 396 1784 creterae
409 1739 485 1784 artes
502 1736 532 1782 et
546 1723 686 1782 doctrinae
699 1723 731 1781 in
749 1723 848 1798 singu·
895 1722 998 1780 mentis
1011 1722 1143 1778 humanae
1155 1719 1231 1795 dux,
1245 1721 1315 1777 vitiu
1329 1719 1480 1794 magistra,
1493 1719 1666 1778 virtutisin·

78 1814 166 1871 larum
200 1811 301 1872 rerum
338 1811 560 1886 investigatione
585 1823 735 1870 versentur
763 1822 848 1886 utrque
895 1809 1044 1884 dagatrix,
1070 1806 1217 1883 expultrix
1233 1807 1372 1865 vitiorum
1399 1805 1667 1882 laudandumque

77 1901 183 1959 idcirco
203 1901 252 1958 vel
273 1899 311 1957 ad
329 1897 540 1977 patefaciendus
554 1910 663 1954 naturae
682 1896 778 1954 aditus
800 1896 848 1954 rel
896 1896 1025 1953 omnium
1044 1894 1150 1951 artium
1169 1911 1283 1970 parens.
1299 1892 1354 1950 Sed
1376 1891 1523 1969 quomodo
1542 1893 1666 1950 aliorum

78 1987 111 2044 ad
124 1987 260 2045 civitates
274 1987 381 2062 quovis
390 1983 533 2042 bonorum
547 2001 651 2058 genere
661 1981 848 2040 cumulandas
895 1981 1075 2056 studiorum,
1087 1980 1129 2037 sic
1142 1979 1228 2056 hujus
1239 1978 1435 2036 doctrinarum
1450 1979 1595 2056 principis
1609 1977 1666 2035 ob-

77 2072 117 2130 rel
141 2072 178 2129 ad
201 2071 364 2130 ornandam
384 2071 473 2128 vitam
496 2069 650 2130 humanam
675 2069 846 2138 reserantur,
895 2080 1059 2126 scurasuut
1080 2067 1166 2124 initia
1180 2084 1273 2142 neque
1289 2065 1448 2124 litterarum
1471 2065 1666 2124 monumentis

77 2159 119 2215 vel
133 2159 263 2232 denique
273 2157 310 2216 ad
325 2156 470 2232 cogitandi
485 2168 513 2214 et
523 2155 686 2214 disserendi
700 2154 849 2213 subtilita-
895 2154 1021 2231 prodita.
1041 2151 1125 2231 Apud
1138 2152 1254 2210 Graecos
1267 2165 1361 2210 autern
1376 2151 1466 2229 primi
1480 2151 1623 2228 sapientes
1637 2165 1668 2210 et

78 2257 131 2302 tem
145 2257 278 2322 spectent
294 2263 303 2302 ε
317 2263 375 2302 una
393 2242 454 2300 baec
467 2242 557 2300 nullis
577 2242 708 2300 terminis
722 2242 848 2299 circum-
897 2254 988 2318 poetae
1001 2253 1030 2298 et
1044 2253 1124 2298 rates
1141 2252 1170 2297 et
1183 2240 1288 2298 musici
1300 2239 1454 2318 Orpheus,
1469 2237 1579 2308 Linus,
1602 2239 1667 2296 tte-

78 2333 184 2408 scripta
201 2330 297 2389 libere
322 2342 444 2404 vagatur
467 2347 577 2405 suoque
599 2328 709 2386 lumine
731 2339 848 2385 cunctas
897 2347 970 2387 saeus
985 2328 1072 2386 fuisse
1092 2327 1254 2386 traduntur.
1267 2327 1326 2396 Qui
1342 2326 1477 2402 quoniam
1491 2325 1623 2383 homines
1635 2329 1667 2382 in

77 2416 237 2474 litterarum
261 2428 357 2494 partes
381 2413 515 2492 complet.
541 2414 655 2492 Quippe
675 2427 707 2472 ut
728 2431 848 2490 magnus
895 2415 972 2489 agris
987 2414 1134 2490 dispersos
1148 2413 1261 2471 ratione
1276 2411 1398 2489 quadam
1415 2411 1550 2469 nnumin
1570 2411 1666 2470 locum

77 2505 154 2575 uiri,
172 2503 305 2578 argenti,
320 2499 417 2560 eboris
428 2519 547 2560 acervus
560 2520 611 2578 per
626 2519 659 2558 se
670 2501 784 2560 inutilis
793 2514 847 2576 est,
895 2500 1097 2578 compulerunt
1109 2511 1139 2557 et
1150 2513 1361 2574 congregarunt
1373 2511 1459 2575 atque
1472 2516 1489 2556 e
1500 2497 1569 2558 ieris
1579 2510 1607 2556 et
1615 2498 1668 2556 im·

76 2591 129 2648 nisi
142 2608 224 2648 mens
238 2588 365 2646 humana
377 2587 617 2662 accesserit,quae
628 2587 798 2661 indigestam
810 2587 847 2644 il·
896 2589 1029 2646 manibus
1048 2587 1132 2644 mites
1146 2597 1175 2644 et
1189 2598 1353 2644 mansuetos
1372 2585 1577 2656 reddiderunt,
1591 2584 1668 2661 lapi-

75 2675 129 2732 lam
141 2675 250 2734 molem
265 2675 376 2750 digerat
392 2695 399 2730 ι
413 2675 454 2730 ita
464 2674 528 2732 aliae
541 2672 704 2750 disciplinae
717 2675 849 2750 quamvis
894 2672 946 2731 des
956 2686 984 2730 et
1004 2671 1123 2730 arbores
1134 2685 1222 2730 cautu
1239 2672 1365 2730 movisse
1386 2669 1587 2748 perhibentur.
1600 2672 1670 2729 ruit

75 2763 237 2837 praeclarae,
252 2778 289 2817 ne
301 2760 427 2818 materiai
441 2758 849 2838 obscuritatelaborent‚phi-
894 2779 964 2817 vero
984 2760 1114 2817 omnium
1134 2759 1240 2817 artium
1255 2757 1457 2834 antiquissima
1471 2757 1568 2834 poesis
1583 2757 1667 2834 cujus

75 2847 209 2925 losophia
224 2859 359 2924 tanquam
376 2857 470 2902 mente
488 2845 681 2905 illustrantur.
896 2846 1037 2906 beneficio
1051 2846 1185 2905 mortales
1198 2845 1234 2903 ad
1254 2845 1323 2903 vitae
1338 2845 1468 2906 melioris
1481 2841 1666 2906 consuetudi·

113 2934 180 2992 llaec
191 2953 282 3009 quum
298 2932 428 2990 divinam
448 2945 579 2990 naturam
597 2945 751 3002 scrutatur,
768 2951 849 2992 sacra
895 2935 960 2993 uem
975 2933 1099 2992 traducti
1120 2933 1215 2991 divini
1235 2933 1329 2990 cultus
1344 2931 1505 3010 primordia
1525 2931 1664 2994 didicere.

72 3018 230 3098 disciplina
251 3019 350 3078 vocari
376 3019 466 3090 solet3
496 3037 587 3095 quum
611 3037 706 3077 rerum
730 3021 847 3078 univer·
895 3021 1000 3080 Verum
1023 3018 1268 3098 aposterioribus
1288 3019 1484 3096 poetisnenro
1502 3018 1666 3076 carminum

73 3107 184 3164 sitatem
209 3107 446 3182 intuetur‘atque
471 3105 502 3163 in
526 3125 679 3184 corporum
703 3119 797 3165 motus
819 3120 848 3165 et
896 3107 1115 3186 pulchritudine
1127 3106 1237 3165 diutius
1250 3104 1418 3163 Graecorum
1432 3105 1544 3164 animos
1558 3106 1666 3181 tenuit,

74 3210 222 3252 mensuras
240 3191 376 3268 inquirit,
392 3191 514 3268 physica
532 3203 560 3248 et
579 3189 776 3250 mathematica
796 3213 848 3252 no·
894 3213 981 3272 quarn
1002 3194 1239 3268 llomerusatque
1255 3191 1407 3252 llesiodus.
1422 3192 1487 3261 Quo
1502 3191 1607 3249 iactum
1623 3205 1667 3251 est

73 3281 219 3350 minatur3
242 3298 331 3355 quum
353 3277 389 3335 de
408 3278 539 3336 moribus
562 3276 706 3354 disputat,
729 3279 848 3338 moralis
895 3291 1044 3339 uteorum
1068 3277 1172 3338 sahulae
1194 3277 1231 3336 ah
1258 3277 1394 3336 omnihus
1419 3277 1549 3355 probatae
1567 3297 1666 3338 rerum

72 3362 261 3443 philosophia
272 3364 379 3422 dicitur
392 3385 398 3422 :
413 3364 510 3422 eadem
525 3383 543 3422 a
559 3363 718 3424 disserendi
737 3368 848 3424 ratione
894 3384 1041 3424 sacrarum
1050 3366 1108 3423 vim
1117 3365 1371 3441 auctoritatemque
1378 3363 1667 3442 obtinerentipsique

72 3452 211 3511 tradenda
234 3451 393 3508 dialecticae
415 3468 521 3509 nomeu
538 3451 676 3509 invenit:
700 3452 731 3508 iu
751 3453 846 3527 legum
894 3455 982 3528 vulgo
999 3453 1107 3510 Graecae
1129 3451 1313 3528 mythologice
1341 3451 1503 3510 conditores
1525 3451 1666 3509 haheren-

74 3539 201 3598 lonribus
226 3538 391 3616 aperiendis
410 3550 440 3596 et
460 3539 489 3596 ri
514 3536 686 3615 explicanda
703 3538 847 3615 jurispru·
894 3553 941 3599 tur
959 3539 1008 3618 (3).
1024 3540 1061 3597 ht
1073 3537 1244 3616 procedente
1258 3550 1386 3615 tempore
1398 3556 1456 3614 quo
1468 3539 1559 3612 magis
1573 3537 1666 3596 bouri-

72 3626 167 3684 deuria
191 3623 358 3703 appellatur
385 3625 445 3682 :in
460 3623 652 3682 animantium
667 3643 804 3701 compage
820 3639 849 3684 et
893 3645 963 3686 uum
977 3626 1039 3684 vita
1059 3644 1173 3683 tuorum
1194 3623 1338 3702 probitate
1359 3624 1479 3684 scrutari
1501 3623 1666 3702 artiumque

74 3713 182 3772 lubrica
195 3711 409 3772 consideranda
427 3711 597 3789 morbisque
610 3712 745 3770 curaudis
758 3713 848 3770 medi·
893 3713 1032 3772 varietate
1046 3711 1140 3769 excoli
1154 3723 1248 3788 coepta
1263 3723 1327 3770 est:
1342 3730 1377 3768 eo
1393 3712 1486 3786 magis
1499 3712 1585 3770 etiam
1602 3712 1666 3770 ani·

72 3801 134 3858 ciua
153 3800 195 3877 (ι)
223 3811 269 3857 est
297 3816 305 3857 ι
330 3817 419 3875 quum
439 3817 535 3856 rerum
560 3811 703 3874 gestarum
725 3799 847 3872 semem,
893 3819 1006 3859 morum
1033 3797 1150 3856 habitus
1173 3809 1217 3856 est
1240 3809 1374 3856 mutatus.
1402 3797 1502 3874 ltaque
1534 3811 1665 3857 veterum

74 3889 186 3961 generis
212 3887 335 3944 humani
364 3887 438 3962 lata,
465 3885 614 3960 gentium,
653 3885 846 3964 populorum,
893 3885 1066 3962 opinionum
1082 3896 1243 3942 commenta
1254 3883 1322 3942 dum
1339 3884 1490 3962 paullatim
1502 3883 1579 3943 delet
1589 3886 1663 3957 dies,

72 3974 222 4032 civitatum
238 3972 382 4047 origines,
397 3973 591 4043 incrementa,
611 3971 844 4044 vicissitudines,
893 3991 977 4030 norae
988 3989 1087 4048 eaeque
1100 3972 1228 4029 veriores
1243 3971 1398 4046 opiniones
1418 3971 1663 4048 percrebuerunt,

72 4061 276 4118 conversiones
285 4071 436 4118 enarratet
444 4078 532 4136 quum
540 4059 670 4116 locorum
678 4059 846 4134 regionum·
894 4075 959 4133 quae
978 4070 1038 4115 tum
1062 4069 1211 4136 poetarum
1226 4059 1342 4134 scriptis
1364 4057 1532 4132 divulgatae,
1549 4071 1609 4116 tum
1632 4060 1664 4118 in

72 4164 126 4222 que
141 4148 231 4206 situm
245 4145 367 4229 velutin
381 4147 460 4223 picta
473 4144 578 4204 tabella
594 4145 747 4224 proponit,
758 4144 847 4204 histo·
892 4144 1039 4222 mysteriis
1061 4143 1177 4202 creditu
1188 4143 1336 4221 politioris
1350 4143 1537 4204 humanitatis
1554 4147 1665 4206 semina

75 4281 1658 4297 ffl———mss

100 4341 132 4401 (tl
147 4341 217 4390 Plato
230 4341 326 4390 Phaedr.
343 4354 368 4403 p.
380 4347 420 4391 121
438 4343 467 4391 0.
481 4343 531 4392 ΣΩ.
545 4342 630 4404 Ψυχῆς
644 4340 685 4390 οθν
699 4341 767 4402 οὖσιν
776 4340 845 4399 ἀξίως
890 4357 931 4404 χος
945 4343 985 4390 καὶ
999 4341 1097 4406 Ἔφορος
1110 4341 1150 4390 καλ
1163 4341 1227 4390 ἄλλοι
1239 4341 1344 4397 πλείους·
1357 4340 1390 4390 ἔτι
1403 4342 1427 4390 θλ
1446 4343 1469 4391 ol
1483 4342 1541 4404 μετὰ
1554 4341 1663 4405 τούτους,

71 4409 137 4470 λόγου
145 4415 292 4468 κατανοῆσαι
302 4410 345 4459 olet
352 4412 448 4461 δυνατὸν
455 4411 513 4460 εἶναι
523 4411 622 4470 dreani<
629 4415 671 4460 τοῦ
679 4411 734 4460 ὅλου
741 4412 844 4474 φύσεως;
889 4411 1054 4476 Ἐρατοσθένης
1062 4427 1088 4460 τι
1097 4412 1137 4460 aul
1149 4411 1263 4466 Πολθθιος
1279 4412 1318 4460 οιαὶ
1333 4413 1502 4470 Ποσειδώνιος,
1511 4412 1590 4475 ἄνδρας
1600 4413 1664 4474 utt-

71 4481 133 4527 ott.
145 4481 175 4526 lil
189 4481 232 4542 pio
242 4478 390 4542 Ἰπποαράττι
400 4485 435 4543 τῷ
445 4485 492 4530 τῶν
503 4481 675 4537 Ἀσκληπιαδῶν
687 4483 724 4530 δοῖ
733 4497 756 4529 τι
770 4481 843 4530 πιὶθι·
889 4492 971 4544 σοφοι·
986 4477 1002 4538 ἢ
1022 4495 1048 4529 τι
1058 4481 1218 4541 πολυμάθεια,
1234 4478 1264 4528 δι’
1283 4477 1310 4538 tlt
1332 4479 1403 4542 μόνης
1415 4480 1531 4541 ἐφικέσθαι
1544 4482 1611 4530 utos
1621 4487 1664 4532 τοῦ

71 4548 135 4608 σθαι,
148 4547 203 4597 otta
215 4549 268 4611 πτρλ
282 4548 392 4610 σώματος
404 4549 458 4599 ἄνευ
470 4555 510 4609 τῆς
527 4549 625 4612 μιθθθου
637 4551 721 4607 ταύτης
739 4549 789 4600 ιιτλ.
806 4550 841 4600 Gl.
888 4549 956 4610 θργου
968 4547 1081 4610 δυνατόν,
1096 4549 1140 4596 οὐκ
1155 4547 1226 4596 ἄλλου
1239 4547 1299 4603 τινος
1318 4547 1403 4607 θοτινη
1416 4553 1458 4598 τοῦ
1466 4549 1496 4598 τὰ
1511 4551 1560 4598 tcto
1575 4551 1614 4600 aul
1633 4550 1664 4600 τὰ

72 4616 152 4665 Galen.
165 4619 260 4666 voram.
276 4617 301 4666 in
314 4618 429 4681 lllppocr.
444 4617 486 4668 lih.
503 4617 533 4669 de
546 4624 598 4668 nat.
616 4619 729 4681 nominis,
745 4621 843 4670 lom.V
887 4617 1018 4681 ἀνθρώπεια
1032 4617 1208 4677 θπιθλθποντος,
1230 4615 1305 4677 ὧνπερ
1322 4616 1363 4674 clu
1383 4617 1517 4679 φιλοσοφίαν
1533 4619 1663 4681 ἐπιστήμην

74 4691 121 4743 Μ
136 4685 162 4732 ei
172 4688 202 4732 ld
217 4685 257 4734 cd.
277 4687 333 4736 lits.
886 4686 964 4748 φασίν.
973 4687 1013 4742 Ὡς
1024 4685 1044 4734 θ’
1057 4685 1133 4740 οὕτως
1144 4687 1185 4734 καὶ
1202 4687 1218 4742 ἡ
1231 4685 1333 4746 ὠφέλεια
1350 4684 1445 4743 ποικίλη
1454 4702 1488 4742 τις
1500 4686 1572 4747 οὖσα,
1591 4691 1607 4746 η
1622 4688 1663 4749 μὲν

100 4752 133 4812 (²)
145 4753 244 4813 Strabo,
257 4753 297 4802 lib.
318 4755 344 4813 l,
364 4759 375 4802 l
391 4773 397 4803 ι
412 4756 459 4812 Τῆς
480 4759 521 4803 τοῦ
546 4755 670 4818 φιλοσόφου
686 4757 843 4819 πραγματσῖσς
886 4757 942 4819 πρὸς
953 4756 982 4804 τὰ
993 4754 1103 4804 πολιτικὰ
1116 4756 1157 4803 οιαὶ
1172 4753 1214 4810 τὰς
1222 4753 1361 4816 ἡγεμονικὰς
1371 4753 1530 4816 πράξεις,ἠῶ
1540 4759 1597 4820 πρὸς
1609 4758 1661 4806 ἐπι·

73 4820 125 4867 tim
139 4822 280 4884 νομίζομεν,
295 4821 360 4884 σθπιρ
372 4821 442 4880 tillus
453 4823 519 4881 τινά,
532 4825 572 4874 καὶ
586 4825 627 4884 τήν
636 4829 805 4888 γιωγρσριυήν,
814 4828 842 4886 ἢν
886 4825 978 4888 στημην
993 4829 1040 4874 τῶν
1048 4841 1073 4874 ts
1083 4824 1196 4888 οὐρανίων
1205 4825 1245 4873 καὶ
1255 4829 1302 4872 τῶν
1315 4823 1353 4872 ἐπὶ
1366 4829 1408 4884 γῆς
1419 4826 1460 4874 καὶ
1472 4827 1583 4884 θαλάττης
1593 4828 1661 4891 ζῴων

72 4889 277 5016 amssa&
286 4892 431 5022 ‘gilimiri
438 4891 690 5025 πρΐαδθέρησᾞ
698 4895 842 5026 σθθςθθθςζθιθθνα1
885 4896 1013 5014 affl
1019 4895 1172 5026 θιθθθθσθιππῗθ
1180 4894 1548 5026 θάζθειῃθθθθιαλλωθθὸθθρθθθθθζθθτρθ
1556 4897 1662 5026 θῗηςάποιθ

73 5026 231 5077 οθαιτοιοῖπσθ
244 5044 303 5084 τινος
323 5030 439 5092 ὑπῆρξαν,
452 5029 554 5092 Ὅμηρός
571 5045 597 5079 τι
615 5033 655 5081 rat
669 5031 841 5098 Ἀναξίμανδρος
884 5032 924 5082 cte
936 4999 987 5094 {ilos
1005 5032 1086 5095 τέχνης
1099 5034 1138 5082 καὶ
1154 4980 1308 5094 :intusum
1329 4999 1337 5024 '
1608 4983 1651 5031 m

72 5096 84 5141 θ
98 5098 207 5154 Μιλήσιος
215 5099 258 5146 acl
267 5100 406 5158 Ἔτσοτιῖος,
416 5101 431 5148 d
442 5099 537 5157 πολίτης
547 5101 628 5158 αι’ποθ,
638 5103 714 5159 καθὼς
723 5105 763 5151 κοιλ
773 5105 841 5166 Ἐρο-

71 5164 173 5220 τωθθντς
186 5164 258 5224 φησί·
272 5165 312 5213 καὶ
323 5166 467 5229 Δηιόνιριτος
477 5167 502 5218 θλ
513 5170 553 5218 καὶ
566 5169 662 5227 Εὔδοξος
671 5172 710 5219 καὶ
728 5171 838 5236 Arcaiap-
915 5171 949 5234 (θ)
961 5171 1031 5223 eorl.
1048 5173 1170 5234 llerctlol,
1182 5173 1222 5222 lib.
1236 5175 1257 5222 ll
1274 5185 1326 5234 cap.
1343 5177 1380 5222 ⁵³.

168 5261 255 5302 ratws
277 5269 352 5311 οπερ.
