3696 5922
302 359 358 408 386
901 343 951 404 DE
971 342 1112 403 ocstto
1135 342 1298 401 Lucano.

297 479 390 537 noniae
402 498 427 534 a.
448 477 520 542 1646
535 476 680 550 vulgarit,
696 494 759 550 quae
771 473 859 531 editio
872 477 974 531 iterum
988 473 1066 550 typis
1116 472 1312 530 commodate.
1353 471 1490 547 Sequitur
1507 470 1690 532 llotermundi
1708 475 1777 535 editio
1790 503 1821 557 qo

297 585 432 644 expressa
452 578 494 622 cst
514 565 589 641 apud
613 565 743 620 llatavus.
784 563 831 618 Sic
852 575 944 618 autem
960 562 1066 618 inscri-
1116 577 1142 616 a.
1169 567 1239 632 ¹794
1258 557 1362 635 Lipsiae
1385 558 1530 634 publicata
1548 579 1675 633 magnam
1693 567 1830 637 pariente]

295 653 374 712 bitur
405 650 555 717 ιὬκιλλος
577 651 743 728 hprlo'copor
758 647 816 722 περὶ
841 651 886 716 τῆς
904 651 947 704 τοῦ
971 648 1065 712 παντός
1116 645 1462 720 Dargcnsianaconcinit.
1502 647 1641 704 Caeterum
1664 668 1750 706 omnes
1768 653 1830 726 ithai

295 738 402 816 φύσεως.
444 737 558 794 Ocelhts
584 736 715 792 lucanus
741 735 931 813 philosophus
946 735 981 791 de
1001 736 1064 791 uni·
1088 779 1093 808 ,
1115 733 1222 807 quihus
1234 731 1294 787 dixi
1307 732 1430 789 editores
1442 751 1499 788 non
1510 732 1691 807 dubitarent,
1703 727 1830 810 quintode}

295 825 372 880 versi
394 836 504 881 natura.
547 822 668 880 'l'extum
694 842 710 879 e
742 823 843 879 Graeco
871 821 901 878 in
930 820 1064 878 Latinum
1117 823 1222 874 veteris
1236 818 1327 874 Orelli
1347 837 1419 894 opius
1440 831 1604 877 tractarent.
1647 809 1830 883 lnterinCluisd

295 909 439 965 transtulit
453 908 621 984 collatisque
638 909 735 964 rrttdtis
752 907 968 984 exemplaribus
980 908 1064 964 etiam
1116 903 1288 960 lllcinersius
1311 904 1340 960 in
1370 904 1497 962 ilistoria
1519 905 1658 978 doctrinae
1682 907 1714 963 de
1733 929 1784 966 tero
1799 901 1830 970 ded

295 1014 364 1052 mss.
389 995 569 1064 emendavit,
602 997 771 1071 paraphrasi
807 1006 835 1050 et
860 995 1066 1052 commentario
1118 987 1830 1066 Lemgoviae1780divulgataatqueinGeschicleda

295 1081 449 1138 illustravit
466 1081 586 1138 Carolus
612 1079 774 1138 Emmanuel
802 1079 951 1137 Vizzanius
972 1080 1065 1136 bono·
1121 1079 1201 1136 Wias.
1216 1086 1244 1134 in
1260 1079 1367 1132 Griecd.
1383 1081 1440 1132 und
1449 1083 1528 1136 Boura.
1544 1091 1614 1136 tom.
1629 1077 1642 1134 l
1660 1099 1688 1154 p.
1704 1079 1828 1158 Sdtpn'nn

295 1169 412 1226 niensis.
455 1168 524 1225 l‘ars
535 1167 654 1243 physica
667 1168 706 1242 (i.
721 1186 745 1225 e.
759 1187 821 1244 cap.
839 1165 930 1244 l-3)
945 1167 980 1224 ad
995 1167 1067 1225 Emi·
1115 1166 1246 1240 spurium
1262 1183 1324 1221 esse
1336 1163 1466 1221 libellum
1482 1166 1698 1234 animadvertit,
1710 1187 1828 1244 quanqam

295 1255 495 1312 nentissinrum
528 1266 556 1310 et
590 1253 865 1311 Reverendissintum
900 1254 1065 1331 Principem
1118 1251 1146 1304 lit
1162 1251 1198 1306 ils
1213 1269 1276 1324 quae
1291 1249 1326 1305 de
1340 1247 1486 1306 scribendi
1500 1269 1603 1323 genere
1618 1260 1648 1306 el
1664 1251 1766 1324 Singulis
1778 1272 1830 1312 tuta·

296 1337 722 1399 FranciscumBathea-inum&
741 1340 772 1397 R,
789 1340 1066 1400 1⁴2,C31·d,vjcecan.
1116 1334 1194 1393 bulis
1207 1348 1302 1392 monet
1317 1335 1470 1410 aliquoties
1483 1338 1603 1395 erravit.
1647 1336 1741 1394 Contra
1751 1339 1830 1398 idcina-1

295 1427 455 1486 cellarium.
497 1427 700 1484 dmstelodami
715 1425 791 1503 apud
813 1426 954 1484 loannem
978 1427 1064 1484 Blaen
1117 1423 1190 1480 sium
1203 1422 1293 1480 libelli
1304 1423 1501 1479 auctoritatem
1513 1422 1641 1480 defendit
1650 1423 1827 1484 Christhodelr.

299 1515 383 1587 1661,
401 1521 427 1579 l.
469 1513 537 1570 Pars
550 1514 667 1590 politica
683 1512 723 1590 (i.
738 1533 764 1570 e.
782 1533 843 1590 cap.
861 1512 897 1590 4]
914 1515 960 1570 cui
973 1532 1053 1572 acces
1117 1508 1261 1565 Bardilius
1275 1509 1305 1565 iu
1320 1509 1449 1582 Epocden
1467 1511 1518 1564 der
1534 1511 1830 1584 uoraaiglichstenplihn

295 1614 393 1658 serunt
403 1600 435 1660 V.
446 1599 477 1660 C.
493 1599 633 1658 Ludovici
648 1599 796 1675 Nogea-oie
806 1601 836 1658 in
848 1599 969 1658 eundem
980 1612 1066 1676 note,
1114 1597 1247 1670 pata-cleu
1259 1598 1395 1667 Begnffe,
1419 1595 1498 1653 italis
1515 1599 1607 1667 1788,
1623 1597 1673 1671 qui
1684 1598 1756 1653 simut
1768 1597 1830 1657 huia

296 1686 422 1762 ejusdem
446 1687 536 1744 Ocelli
553 1687 589 1744 dc
611 1685 723 1762 legibus
743 1687 929 1762 fragmentum
953 1706 1066 1763 unaque
1117 1687 1242 1757 universi
1258 1699 1360 1742 natura
1373 1685 1543 1762 opusculum
1555 1698 1584 1742 et
1598 1687 1765 1759 fragmentum
1775 1689 1799 1744 de
1807 1679 1830 1746 td

296 1772 537 1848 locupletissimus
551 1773 637 1830 index
649 1773 958 1832 ad‘llmiuentissimum
971 1787 1024 1832 etc.
1038 1787 1069 1831 ut
1116 1772 1200 1845 gibus
1215 1773 1378 1844 ger-nranice
1400 1771 1529 1828 reddidit
1542 1785 1571 1828 et
1585 1771 1830 1831 observationum

295 1857 326 1914 in
341 1859 539 1934 prioreparte.
582 1859 690 1916 Praeter
699 1859 847 1936 Nogarolae
857 1872 886 1916 et
898 1859 1068 1917 Conameliui
1113 1858 1247 1914 lustravit
1257 1859 1286 1914 in
1300 1857 1475 1914 Fiillebornii
1485 1861 1652 1932 Beytroegen
1662 1879 1708 1914 aar
1720 1863 1830 1916 Gesclidu

295 1943 438 2002 editiones
453 1944 488 2001 ad
511 1946 716 2003 recensendum
743 1949 930 2022 scriptorem,
955 1944 1068 2021 dequo
1114 1948 1165 1999 der
1184 1945 1366 2018 Philosophia
1392 1957 1466 2020 part.
1493 1945 1518 2000 x
1545 1965 1576 2021 p.
1611 1965 1710 2015 1-77.
1746 1946 1830 2021 lleuiqn

295 2028 370 2088 bene
385 2031 504 2088 meritus
520 2044 580 2100 est,
595 2031 745 2090 Vizzanius
758 2033 889 2090 adhibuit
903 2032 975 2090 duos
990 2034 1068 2090 codi·
1116 2034 1187 2104 Aug.
1205 2030 1249 2087 Fr.
1268 2031 1347 2088 Guil.
1375 2031 1545 2107 lludolphus
1563 2032 1691 2088 Ocellam
1712 2035 1830 2106 recensitio}

296 2135 342 2174 ces
360 2115 531 2185 Vaticanus,
547 2137 671 2192 quorum
692 2119 810 2176 alterum
828 2131 912 2175 vocat
926 2119 1069 2194 antiquio·
1114 2130 1143 2173 et
1163 2118 1350 2192 amplissimis
1364 2119 1576 2175 commentariis
1591 2120 1750 2175 instructum
1764 2111 1830 2194 lipia

296 2203 513 2273 rem,alterum
539 2202 687 2260 aLollino
708 2207 844 2281 episcopo
868 2203 985 2261 Urbano
1003 2203 1068 2262 Vlll
1115 2204 1205 2260 edidit
1217 2222 1292 2260 anno
1312 2206 1396 2260 1801.
1440 2204 1830 2280 AcceperataTzschucliou,

294 2289 431 2346 Pontifici
446 2289 572 2345 llaximo
586 2289 721 2346 donatum
736 2309 797 2348 esse
809 2303 923 2360 narrat,
939 2309 991 2347 nec
1011 2310 1068 2347 non
1116 2291 1174 2346 rias
1187 2291 1343 2361 lectiones,
1367 2309 1438 2366 quas
1459 2290 1679 2348 Siebenkeesius
1698 2293 1776 2366 paullo
1791 2291 1830 2368 ante}

296 2374 423 2430 codicem
446 2374 566 2434 'l'lromae
588 2375 743 2434 llartbolini
763 2377 848 2436 Daui.
889 2377 958 2434 Post
971 2376 1069 2434 Vizza-
1117 2375 1212 2433 Romae
1234 2396 1250 2433 e
1269 2377 1368 2434 codice
1389 2377 1512 2452 quodam
1537 2376 1674 2434 Vaticano
1693 2393 1830 2453 excerpserat,

295 2460 375 2516 nium
397 2478 490 2536 neque
504 2479 521 2517 a
543 2461 632 2517 Galen
654 2463 692 2537 (7)
709 2481 802 2538 neque
815 2483 831 2520 a
846 2463 1004 2537 llargensio
1029 2463 1066 2538 (8)
1114 2462 1182 2530 Quae
1199 2464 1334 2520 lectiones
1347 2482 1434 2536 quum
1447 2463 1533 2520 modo
1547 2483 1613 2520 cum
1627 2483 1662 2520 eo
1677 2463 1743 2520 libro
1755 2453 1830 2518 maon}

295 2544 410 2602 Ocellus
423 2545 524 2604 critica
538 2559 599 2604 arte
613 2560 747 2604 tractatus
763 2561 816 2605 est.
858 2549 912 2606 Sed
926 2552 989 2625 plus
1002 2548 1069 2605 huic
1116 2549 1203 2617 tiant,
1219 2569 1304 2625 quem
1316 2548 1468 2606 Vizzanius
1480 2551 1674 2624 antiquiorem
1688 2563 1765 2617 vocat,
1777 2549 1830 2603 noda

296 2632 433 2708 scriptori
451 2633 563 2709 proluit
580 2633 746 2704 battaesius,
763 2636 845 2710 cujus
858 2636 965 2712 duplex
978 2648 1070 2694 exstat
1116 2656 1180 2692 cuna
1197 2635 1303 2693 Lolliui
1317 2636 1467 2712 exemplo,
1483 2635 1568 2692 modo
1584 2635 1623 2693 ab
1643 2651 1750 2710 utroque
1762 2625 1830 2690 disus}

296 2717 502 2789 editio,'altera
515 2721 546 2776 in
563 2723 712 2777 Me'mor'ree
724 2725 931 2788 dedecorauere,
950 2725 1070 2778 tiresdes
1115 2739 1196 2801 pent,
1212 2727 1351 2783 incertum
1368 2737 1423 2794 est,
1442 2726 1500 2782 duo
1521 2744 1557 2781 an
1581 2737 1639 2782 tres
1661 2728 1688 2782 in
1708 2719 1830 2781 biblioheti

296 2811 423 2880 registres
436 2801 476 2860 de²
493 2805 664 2862 I'Academie
681 2811 777 2880 royole
793 2811 841 2863 des
855 2815 1028 2883 inscripsimus
1043 2823 1071 2864 et
1117 2810 1251 2868 Vaticana
1259 2812 1351 2870 Ocelli
1361 2811 1474 2868 codices
1487 2813 1674 2888 reperiantur.
1713 2810 1773 2866 Adde
1782 2807 1830 2882 qudi

297 2892 498 2960 belles-lettres,
519 2895 618 2966 depuis
629 2892 647 2947 l
650 2898 740 2948 nanee
757 2895 917 2950 MDCCLV
917 2899 972 2950 III
977 2939 986 2967 ,
999 2901 1069 2966 jas·
1117 2895 1286 2976 lludolphus
1309 2899 1420 2955 collatis
1435 2912 1539 2975 praeter
1558 2898 1708 2955 editionem
1721 2897 1830 2972 principue}

297 2996 363 3050 ques
374 2991 403 3032 et
414 2986 532 3052 compris
548 2982 717 3037 MDCCLX
718 3024 723 3036 .
740 2979 825 3037 Toni.
846 2980 937 3038 xxix
957 3001 986 3058 p.
1012 2991 1069 3048 ato
1114 2996 1142 3040 et
1155 2983 1287 3042 Venetam
1308 2985 1457 3058 Nogarolae
1479 2986 1617 3042 omnibus
1638 3005 1697 3060 quae
1716 2983 1830 3064 prodieram}

300 3081 392 3138 seqq„
404 3064 491 3121 altera
501 3084 628 3124 seorsum
642 3067 752 3144 prodiit
762 3069 804 3125 sic
813 3068 951 3144 inscripta
965 3089 971 3123 :
989 3072 1068 3124 Ocel·
1114 3069 1292 3126 editionibus
1306 3072 1405 3128 multis
1414 3071 1486 3128 locis
1501 3073 1663 3128 orationem
1677 3069 1778 3126 correxit
1787 3065 1830 3122 soil

301 3153 343 3205 tas
358 3155 490 3220 maanus,
503 3155 537 3208 de
547 3158 577 3208 Ia
590 3158 730 3210 naturede
741 3159 879 3225 l'unaers,
893 3176 957 3210 avec
970 3159 998 3210 Ια
1012 3169 1067 3210 tra·
1115 3155 1206 3230 ptoris
1218 3175 1301 3230 quem
1316 3155 1392 3213 haud
1407 3175 1488 3213 secus
1500 3175 1532 3212 ac
1547 3157 1688 3214 llardilius
1700 3153 1824 3210 reteninun

297 3239 407 3292 doctiora
413 3235 560 3310 sanncoise
573 3255 600 3296 et
610 3244 658 3296 der
669 3262 838 3314 remarques,
849 3263 907 3314 por
917 3245 958 3296 M.
972 3244 1072 3296 l'Abde'
1091 3265 1095 3298 ι
1115 3261 1176 3297 esse
1191 3243 1324 3318 opinatus
1338 3254 1382 3300 est
1394 3255 1422 3299 et
1434 3242 1519 3316 longa
1535 3239 1824 3319 disputationeadacnu

297 3325 426 3378 Botteua.
448 3323 541 3394 Paris,
557 3325 784 3384 ithetjhxvttt.
826 3327 939 3384 Primus
954 3327 988 3382 ad
1006 3347 1069 3382 cor·
1090 3305 1096 3395 l
1115 3326 1302 3384 Meinersium
1319 3329 1392 3385 tueri
1407 3328 1525 3386 studuit.
1567 3327 1626 3386 Sed
1639 3347 1688 3385 nos
1704 3326 1762 3382 nihil
1773 3323 1825 3378 onini-

298 3409 448 3480 rigendum
474 3408 630 3468 verborum
657 3425 822 3469 contextum
838 3413 964 3470 excussit
983 3412 1068 3468 Codi·
1092 3409 1095 3414 ’
1115 3413 1169 3470 bus
1187 3413 1250 3489 ejus
1272 3415 1448 3488 argumentis
1468 3414 1601 3480 deterriti
1628 3413 1693 3490 quid
1718 3413 1759 3468 hac
1775 3409 1825 3465 den

298 3513 363 3549 cem·
374 3494 439 3555 l'ar.
454 3497 487 3552 Α.
502 3513 538 3552 ex
548 3515 639 3572 eoque
652 3511 681 3554 et
694 3499 822 3555 lacunam
839 3499 996 3574 supplevit,
1008 3517 1071 3572 qnae
1116 3501 1302 3574 sentiremus,
1319 3519 1406 3578 supra
1419 3501 1658 3575 significavimus.
1679 3496 1830 3576 ilcciditetiaup

299 3592 379 3636 antea
389 3581 419 3637 in
430 3581 565 3640 omnibus
580 3583 757 3641 editionibus
770 3585 873 3658 fuerat,
891 3599 919 3641 et
934 3584 988 3641 alia
1003 3605 1070 3660 pro·
1118 3588 1284 3665 liudolpho,
1298 3601 1329 3646 ut
1338 3589 1431 3646 fallaci
1446 3590 1566 3646 Patricii
1579 3579 1830 3664 testimonioinductad

299 3665 365 3722 tulit
380 3686 437 3724 non
452 3670 670 3729 contemnenda.
713 3671 853 3730 Praeterea
863 3673 988 3748 inspexit
999 3671 1069 3732 Cod.
1116 3675 1279 3751 quindecim
1294 3676 1374 3744 loca,
1398 3696 1414 3732 e
1429 3676 1650 3752 Pseudarchytae
1670 3673 1736 3732 libro
1753 3669 1787 3744 qui
1801 3667 1830 3720 iu·¹

298 3749 345 3821 C.‚
362 3753 412 3808 sed
427 3755 514 3810 semel
531 3768 639 3813 tanturn
655 3757 717 3834 ejus
732 3761 904 3816 mentionem
920 3759 994 3818 lecit.
1039 3759 1070 3816 ln
1116 3761 1254 3820 scribitur
1274 3762 1407 3820 xahohxol
1434 3763 1506 3836 λόγοι
1526 3763 1589 3819 δέκα
1614 3777 1693 3838 atque
1713 3751 1830 3830 abllrdlia

235 3863 239 3872 ·
299 3857 357 3912 quo
376 3840 477 3896 virosi
495 3841 1070 3918 tnajorsuissetdiligentia,nihillorsi—
1115 3849 1268 3925 Opusculis
1295 3862 1423 3906 veterum
1449 3849 1619 3906 Graecorum
1657 3842 1830 3920 sententiosisetj

300 3935 346 3980 tau
358 3927 481 4000 posteris
492 3928 522 3982 in
535 3927 590 3984 hoc
601 3949 704 4002 genere
716 3931 858 4006 reliquum
874 3931 994 3990 lecisset.
1037 3933 1071 3986 At
1117 3935 1407 3992 moralibusinsertus
1420 3949 1478 4004 est,
1490 3936 1642 4011 depromta
1652 3948 1762 4006 tanquan
1772 3924 1830 4002 delli

299 4009 348 4066 ille
363 4012 464 4068 inutile
478 4032 539 4070 esse
558 4029 636 4072 ratus
655 4036 768 4074 ornnem
783 4019 934 4094 scriptura·
949 4019 1071 4076 varieta·
1118 4023 1274 4096 fragmenta
1296 4039 1361 4096 pag.
1385 4021 1499 4092 53-57
1532 4021 1688 4079 exhiberet.
1724 4015 1768 4071 Etsi
1784 4028 1830 4064 aaa

299 4107 354 4152 tem
383 4097 535 4169 adnotare,
563 4122 769 4178 nonnunquam
795 4123 829 4160 ea
860 4104 976 4178 omisit,
1009 4125 1071 4181 quaa
1092 4047 1096 4158 l
1117 4109 1177 4183 ipse
1198 4107 1257 4182 jam
1284 4107 1319 4163 de
1343 4126 1441 4164 eorum
1468 4109 1588 4165 veritate
1609 4105 1750 4174 dubitarit,
1769 4111 1830 4174 tanen

299 4182 416 4237 maximi
436 4197 503 4241 sunt
523 4191 673 4256 tntitncnti,
690 4209 782 4265 neque
803 4211 868 4248 raro
891 4191 994 4267 spretis
1008 4209 1071 4264 ‹ptae
1117 4204 1234 4269 propter
1249 4205 1409 4267 suspectam
1428 4193 1548 4250 Patricii
1560 4192 1644 4250 fidem
1660 4211 1692 4248 ne
1704 4191 1830 4246 mudena-3

300 4267 397 4340 regius
414 4271 504 4326 codex
517 4277 553 4330 Α.
574 4273 776 4349 suppeditabat
794 4275 936 4334 deteriora
957 4276 1072 4333 aliunde
1092 4321 1096 4356 ὁ
1118 4279 1205 4336 randa
1216 4277 1332 4352 quidem
1345 4291 1438 4336 erant.
1467 4277 1492 4334 'l'
1495 4279 1576 4336 ribus
1587 4293 1652 4337 utar
1661 4271 1781 4349 eretnplis.
1789 4265 1830 4328 ui}

299 4352 433 4427 arripuit.
475 4356 586 4413 Gallica
596 4357 659 4433 ejus
669 4359 867 4437 interpretatio
879 4361 1071 4436 Dargensiana
1118 4381 1194 4419 inum
1208 4378 1250 4421 est
1266 4363 1311 4420 aad
1329 4369 1342 4422 ὁ
1360 4363 1407 4439 μὲν
1430 4373 1528 4442 πρᾶτος
1541 4363 1618 4441 λόγος
1637 4369 1652 4434 ἡ
1670 4360 1741 4428 aiala,
1755 4361 1830 4442 spirat}

300 4441 399 4516 paullo
414 4454 457 4498 est
474 4446 646 4515 accuratior,
664 4447 862 4506 adnotationes
875 4447 976 4506 breves
990 4461 1018 4506 et
1036 4449 1069 4506 ad
1118 4449 1297 4525 adddaepxtou
1314 4449 1359 4506 καὶ
1377 4449 1499 4526 aparatio,
1515 4450 1552 4526 μὴ
1574 4451 1689 4528 δεόμενον
1709 4444 1773 4520 ἑτέρω
1787 4457 1830 4526 apg

301 4544 397 4584 rerum
410 4530 599 4606 magisquaru
616 4533 651 4590 ad
666 4534 820 4593 verborum
835 4536 1010 4593 intellectum
1024 4555 1068 4592 ac·
1118 4536 1240 4592 σύστασιν
1256 4537 1281 4592 ἐν
1295 4535 1393 4611 γενέσει
1406 4537 1539 4594 ὑπόκειται
1555 4537 1618 4595 καθὸ
1636 4535 1722 4612 γέγονε.
1753 4528 1822 4582 Sed

1829 4703 1830 4738 l

331 4774 363 4834 (7)
373 4774 475 4823 Thomas
483 4775 570 4824 Galeas
582 4778 690 4824 Ocellam
702 4778 775 4828 edidit
791 4781 812 4828 in
824 4781 943 4840 opusculis
954 4783 1070 4842 mytholo·
1117 4785 1185 4832 ciens
1207 4783 1253 4844 qui
1272 4785 1382 4842 peoucrd
1392 4786 1475 4834 servir
1484 4783 1516 4832 de
1531 4787 1625 4836 ntiled
1640 4785 1665 4834 la
1675 4765 1830 4845 praeoptarit}

299 4843 371 4903 giris,
383 4845 465 4892 ethicis
474 4847 498 4891 et
509 4843 619 4904 physicis
631 4846 787 4908 cantatutgta
802 4852 894 4898 tsitet
904 4851 1069 4898 Amstetodami
1116 4851 1163 4899 hoa
1177 4863 1251 4910 seas‚·
1264 4864 1314 4910 por
1323 4854 1356 4900 M.
1368 4852 1392 4900 le
1405 4855 1522 4914 Morquis
1533 4854 1666 4914 d'Araens,
1678 4835 1830 4912 annotando

297 4927 338 4973 ἢν·
357 4916 428 4960 ilenr.
443 4916 560 4962 wetsten.
582 4919 648 4963 tosti.
1117 4921 1141 4967 S.
1169 4921 1202 4968 Μ.
1223 4919 1247 4966 ie
1267 4922 1310 4968 dot
1331 4918 1362 4968 dc
1391 4921 1498 4982 Prusae,
1520 4921 1551 4970 de
1567 4921 1707 4971 lucutenta
1719 4911 1782 4974 will
1796 4902 1830 4949 pp.

332 4983 364 5041 (8)
377 4982 476 5030 ocellus·
493 4987 623 5043 lacunas,
636 4997 667 5033 ea
686 4989 748 5034 Grac
763 4991 787 5035 rt
799 5001 829 5036 ea
857 4991 995 5047 Francois,
1011 5002 1070 5038 auec
1115 4991 1223 5034 scicaces
1239 4989 1264 5035 et
1284 4987 1466 5037 halles-lettres
1491 4990 1523 5039 de
1537 4991 1640 5049 Berlin,
1657 4989 1767 5038 Dtrecteu
1778 4970 1818 5024 Μ

300 5048 343 5096 des
357 5049 535 5098 (dissertatione
547 5064 593 5098 sar
615 5054 648 5101 les
661 5057 815 5115 principales
835 5059 967 5118 praesciant
989 5057 1020 5106 de
1042 5059 1068 5106 lo
1115 5055 1196 5102 vitatae
1212 5055 1244 5102 de
1265 5057 1415 5117 philologis,
1443 5058 1531 5106 Berlin
1568 5063 1640 5118 176²,
1658 5055 1709 5105 cle:
1728 5044 1790 5099 dordr
1806 5037 1819 5081 d

300 5119 506 5183 atactopltpstpac,
520 5119 550 5167 dc
564 5121 590 5168 la
600 5123 725 5186 physicae
737 5131 761 5174 at
777 5127 806 5174 de
817 5127 842 5174 lo
856 5127 952 5174 audate
965 5125 1007 5174 des
1021 5139 1067 5175 aa·
1114 5129 1216 5190 Speurr.
1307 5141 1310 5146 ·
