3690 5924
657 331 707 394 ΙλΕ
726 333 980 399 tutxtuottt.
1557 351 1613 403 247

53 466 192 527 Animalia
202 464 329 544 primum
339 480 375 521 ex
383 462 505 524 humore
513 477 541 520 et
551 463 646 523 calore
655 467 788 545 terrtque
835 488 905 546 quas
918 469 1079 528 animantes
1102 488 1164 528 esse
1185 469 1297 548 judicat
1321 472 1394 550 (λγ).
1418 472 1499 532 ltlens
1522 488 1619 533 autem

19 557 192 626 exstiterunt,
207 566 310 630 postea
323 571 359 609 ex
370 570 401 609 so
415 551 540 610 invicem
553 561 620 611 ncta
632 566 702 612 suut
716 556 786 632 (33).
835 557 930 616 omnis
938 557 1044 617 similis
1055 570 1098 616 est
1107 569 1136 616 et
1145 558 1238 636 major
1245 572 1275 617 et
1285 561 1380 618 minor
1392 561 1460 640 (38).
1477 560 1618 619 Somnum

21 643 114 702 «lllud
135 659 272 719 quoque,
288 641 384 716 inquit
404 638 584 700 Censorinus
602 661 664 719 cap.
679 641 713 715 V,
725 661 788 700 am·
834 643 871 702 ad
886 664 991 723 corpus
997 687 1006 718 ,
1017 664 1076 704 non
1088 647 1125 703 ad
1135 648 1263 704 animum
1275 648 1423 724 pertinere
1432 649 1531 706 statuit
1544 649 1618 726 (39).

18 733 121 808 higuam
135 730 204 786 tacit
218 729 296 786 iuter
310 740 443 786 auctores
454 728 640 806 opinionem,
653 741 788 789 utrumne
833 731 896 789 Vox
913 731 1042 807 auditur,
1057 734 1135 810 quod
1150 735 1269 811 spiritus
1282 753 1347 792 uere
1364 734 1454 792 denso
1475 754 1619 812 repercu-

18 840 48 878 cx
58 815 240 897 patrismodo
254 815 363 872 senune
377 827 476 891 partus
489 829 633 888 nascatur,
645 831 677 876 ut
687 819 790 894 Dioge·
834 820 904 877 titur
917 819 987 897 (40).
1005 821 1063 877 lter
1075 821 1136 879 sole
1151 820 1279 880 interdiu
1295 821 1449 880 calefactus
1466 822 1568 880 stridet
1591 837 1619 882 et
1656 805 1664 822 '

19 920 97 966 nocet
112 906 230 982 llippon
243 903 734 981 Stoiciquesoripseruut,anetiam
750 925 787 964 ert
834 906 992 984 obstrepit,
1011 919 1098 964 noctu
1121 907 1294 984 requiescit,
1315 927 1405 984 quum
1428 907 1521 965 omnis
1541 909 1621 966 calor

18 994 119 1069 mauis,
137 991 218 1068 quod
235 991 415 1065 Anaxagorae
429 1004 458 1048 et
479 991 634 1051 Alcmaeoni
655 1012 787 1052 necnon
834 992 919 1051 absit.
939 994 1032 1070 lgitur
1051 993 1132 1052 horis
1153 996 1304 1054 nocturnis
1325 995 1433 1071 quibus
1458 994 1556 1054 nullus
1578 1010 1621 1055 est

18 1081 165 1140 Parmenidi
178 1079 408 1157 Empedoclique
417 1091 445 1136 et
455 1076 581 1156 Epicuro
594 1080 688 1138 visum
700 1092 754 1139 est.
772 1105 785 1134 ν
834 1084 970 1160 strepitus
984 1081 1080 1140 audiri
1095 1095 1197 1141 cuncta
1210 1083 1314 1140 melius
1326 1103 1411 1159 quam
1424 1083 1539 1142 diurnis
1553 1103 1621 1160 pos·

19 1167 215 1248 ldemcap.lll:
231 1164 788 1244 cEdextrispartibusprotusosetnine
834 1170 1162 1246 sunt(41).Acutorum
1184 1168 1355 1227 morborum
1379 1189 1492 1227 causam
1515 1170 1619 1228 Clazo-

20 1278 97 1317 maret
109 1257 204 1333 gigni,
216 1267 251 1314 ut
264 1273 282 1313 e
293 1255 374 1312 laeuis
387 1253 509 1312 feminas
523 1255 709 1330 Anaxagoras
720 1251 787 1312 Em·
835 1257 933 1315 menio
944 1256 1120 1335 philosopho
1133 1257 1226 1336 placet
1239 1276 1302 1316 esse
1314 1257 1368 1328 tel,
1382 1257 1460 1334 quod
1471 1257 1620 1317 abundans

20 1347 192 1426 pedoclesque
205 1345 395 1402 consentiunt
406 1342 464 1418 (34)
481 1367 506 1401 ι.
834 1345 864 1403 in
875 1344 1055 1422 pulmonem,
1068 1345 1099 1402 iu
1107 1363 1197 1403 venas
1205 1345 1326 1421 atqueiu
1336 1345 1425 1403 latera
1434 1343 1534 1402 detluit
1545 1347 1617 1426 (un).

50 1435 104 1493 Non
118 1434 211 1494 solum
225 1432 384 1503 animalia,
400 1431 450 1490 sed
465 1449 566 1490 omues
581 1449 627 1490 res
642 1431 788 1508 respirant
834 1431 912 1489 ldem
937 1452 1003 1490 cum
1019 1432 1124 1490 Stoicis
1143 1432 1300 1490 Fortunam
1324 1450 1386 1490 esse
1408 1431 1484 1490 dixit
1503 1451 1617 1491 causam
1707 1441 1716 1450 '

19 1543 92 1599 eaque
104 1523 215 1580 rutione
230 1519 351 1578 aluntur
366 1515 436 1598 (35).
449 1518 568 1577 Plantas
582 1519 725 1594 originem
739 1541 786 1578 ac·
833 1539 899 1595 quae
912 1519 1038 1578 humana
1051 1520 1274 1578 ratiocinatione
1288 1520 1426 1594 cognosci
1440 1538 1500 1577 non
1511 1533 1617 1597 posset.

21 1612 111 1688 cepisse
124 1621 219 1668 censet
233 1626 251 1665 a
265 1607 428 1666 seminibus
442 1625 507 1683 qum
520 1625 555 1665 ex
570 1625 636 1664 aere
650 1625 707 1664 uno
720 1626 786 1664 cum
833 1603 911 1663 Fieri
932 1606 1011 1664 enim
1031 1606 1088 1662 ulia
1107 1607 1286 1676 necessario,
1300 1606 1358 1663 alia
1373 1605 1447 1676 lato,
1467 1606 1525 1664 alia
1550 1627 1619 1666 con·

21 1717 79 1774 aqua
91 1697 118 1754 in
132 1711 238 1753 terram
256 1693 450 1762 deciderunt,
464 1693 542 1752 unde
555 1695 658 1752 sumtis
671 1693 786 1752 viribus
832 1693 925 1764 sulto,
942 1693 1000 1750 alia
1014 1692 1087 1750 torte
1102 1692 1234 1769 fortuna,
1252 1692 1309 1750 alia
1323 1713 1390 1751 casu
1404 1691 1477 1772 (43).
1488 1693 1544 1751 Sed
1556 1694 1621 1771 ipsa

21 1795 169 1844 enascuntur
188 1778 264 1858 (36).
292 1779 417 1838 Mentem
442 1780 537 1838 inesse
560 1778 660 1837 docuit
679 1779 785 1856 plantis
834 1779 994 1855 fragmenta
1003 1779 1063 1858 jam
1078 1798 1285 1858 proponemus.

22 1955 117 2016 ροσάντων
126 1956 247 2014 ποταμῶν.
266 1923 413 2001 Plutarchus
431 1949 462 1998 de
482 1949 544 2012 plac.
566 1948 651 2010 philos.
671 1949 715 2007 ΙΙΙ,
737 1953 765 1997 lu
777 1962 784 1995 :
831 1949 856 1998 ct
867 1948 1032 2011 Ἀναξαγόρας,
1044 1948 1080 1996 ότι
1090 1949 1211 2012 turpetur
1223 1951 1313 1998 τούτων
1324 1950 1388 1998 ἐστίν
1401 1949 1448 1997 ἀπὸ
1461 1954 1501 2007 τῆς
1513 1954 1563 2009 γῆς.
1578 1949 1619 1996 καὶ

23 2023 145 2084 Ἀναξαγόρας
162 2024 206 2070 τοῦ
226 2019 285 2070 κατ’
303 2020 376 2082 ἀρχὴν
394 2019 540 2082 λιμνάζοντος
552 2019 623 2081 ὑγροῦ
638 2018 785 2080 περικαέντος
830 2021 869 2070 διὰ
887 2025 956 2069 τοῦτο
974 2021 1016 2081 tou
1032 2019 1089 2083 πρὸς
1107 2018 1300 2081 Λεχίνεον,ότιὴ
1317 2023 1348 2080 γῆ
1366 2017 1441 2083 μήτηρ
1452 2020 1493 2080 μέν
1506 2017 1556 2066 ἐστι
1567 2023 1615 2067 τῶν

22 2093 58 2140 tri
68 2097 101 2148 τῆς
112 2092 204 2148 ἡλιακῆς
215 2093 360 2152 περιφορᾶς,
372 2091 412 2137 καί
428 2093 471 2137 τοῦ
489 2089 587 2149 λιπαροῦ
598 2087 784 2149 ἐξατμισθέντος,
830 2096 917 2154 φυτῶν,
931 2092 944 2140 ό
955 2090 981 2138 u
990 2091 1055 2147 ἣλιος
1064 2090 1149 2150 πατήρ.

24 2161 47 2216 τίς
58 2160 140 2208 uhu«
151 2160 190 2208 καί
203 2159 303 2221 πικρίαν
314 2159 342 2207 τό
353 2157 434 2206 λοιπόν
445 2159 584 2215 ἀποστῆναι.
861 2163 909 2223 (97)
926 2159 1065 2210 Aristoteles
1078 2157 1108 2206 de
1121 2157 1210 2206 Plautis
1222 2159 1242 2220 l,
1256 2163 1266 2208 1
1282 2158 1327 2208 :⁸0
1343 2158 1368 2206 st
1380 2157 1530 2218 Ἀναξαγόρας
1547 2159 1587 2206 καὶ
1601 2159 1614 2212 ό
1704 2179 1706 2184 ·

48 2232 85 2292 (λθ)
99 2231 208 2290 Diogenes
224 2231 338 2279 Laertius
354 2229 395 2279 ut.
407 2229 438 2290 ll,
452 2235 467 2277 9
479 2243 487 2278 ε
498 2231 547 2288 ζῷα
560 2226 700 2289 γενίσθαιίξ
713 2229 784 2290 ὑγροῦ
831 2230 976 2293 Δημόκριτος
993 2229 1060 2277 καὶὸ
1074 2227 1297 2289 Ἐμπεδοκλῆς,καί
1315 2231 1369 2276 νοῦν
1387 2228 1427 2274 καί
1448 2232 1534 2288 γνῶσιν
1553 2228 1616 2289 ἔχειν

25 2302 55 2348 “l
67 2301 184 2362 ίῑίμΰῡῑαῖ
194 2300 313 2360 Υῑῶδῡυί·
323 2300 419 2362 *lew
428 2299 454 2346 Pl
465 2299 488 2354 tt
496 2297 611 2355 ἀλλήλων·
830 2301 896 2349 είπον
907 2301 937 2348 τὰ
946 2298 1015 2361 φατοί.
1027 2295 1088 2347 tud.
1101 2311 1108 2346 t
1120 2295 1270 2360 Ἀναξαγόρας
1283 2297 1324 2358 μὲν
1343 2295 1384 2345 οάν
1392 2297 1432 2344 καί
1442 2297 1615 2357 Ἐμπεδοκλῆς,

46 2370 84 2432 (ίί)
98 2370 233 2420 Aristoteles
244 2371 280 2420 de
292 2372 398 2430 generat.
415 2368 512 2417 animal.
528 2370 571 2426 Ν,
585 2367 692 2418 λτΦασλ
702 2367 747 2430 γὰρ
763 2371 785 2416 ot
830 2370 940 2433 ἐπιθυμίᾳ
951 2373 1025 2418 ταῦτα
1036 2369 1148 2416 κινεῖσθαι
1160 2367 1276 2428 λίγονσιν,
1289 2365 1439 2415 αίσθάνεσθαί
1451 2367 1525 2414 τεκαὶ
1536 2371 1617 2415 λυπεῖ·
1719 2423 1721 2428 Ι

25 2441 133 2502 μίνίντοῖς
143 2444 277 2503 σπέρμασιν
287 2439 344 2488 εἶναι
353 2439 439 2494 ταύτην
451 2439 493 2497 τὴν
502 2437 636 2487 ίναντίωαιν
645 2437 710 2494 εὐθύς
719 2473 726 2497 ,
736 2437 786 2486 olor
830 2443 883 2490 σθαι
895 2442 935 2489 καὶ
954 2439 1050 2498 ἣδεσθαι
1068 2438 1265 2486 όιαόεόαιοῡνεσιι·
1277 2438 1310 2486 ὧν
1327 2437 1392 2498 όμὲν
1407 2435 1557 2498 Ἀναξαγόρας
1574 2439 1617 2484 καί

25 2511 147 2572 Ἆπίογθρος
160 2511 199 2557 καί
210 2511 271 2558 ἔνιοι
282 2514 330 2557 τῶν
340 2508 491 2570 φυσιολόγων.
501 2505 605 2569 γίνεσθαί
619 2523 644 2556 τε
653 2507 698 2570 γὰρ
708 2507 735 2556 tt
743 2511 786 2554 τοῦ
830 2516 877 2574 ζῷα
888 2512 947 2560 εἶναι
961 2511 1001 2558 καί
1011 2507 1107 2566 ἧδεοθαι
1119 2509 1159 2556 καί
1170 2508 1289 2556 λυπεῖσθαι
1302 2507 1366 2563 εἶπε,
1376 2512 1404 2568 τῆ
1414 2522 1439 2554 τε
1454 2505 1618 2570 traducuntur

24 2580 97 2642 iltuto<
111 2582 137 2630 τό
151 2581 257 2643 σπέρμα,
278 2581 305 2628 τό
318 2580 342 2627 tt
355 2581 412 2637 θῆλυ
427 2578 537 2640 παρέχειν
547 2578 588 2626 τόν
601 2576 682 2626 τόπον.
699 2578 739 2626 καί
757 2579 785 2627 τὸ
831 2583 920 2644 μύλλων
930 2581 971 2629 καί
990 2583 1019 2640 τῇ
1036 2570 1132 2633 αὐξήσει
1149 2581 1218 2625 τοῦτο
1238 2575 1397 2637 ὲκλαμόόνων.
1412 2575 1450 2624 ct.
1471 2575 1572 2625 Aristut.
1588 2575 1619 2624 de

26 2651 121 2713 μίνάρρεν
132 2651 185 2701 εἶναι
198 2653 287 2701 ἀσιτῶν
299 2651 387 2710 δεξιῶν,
396 2649 456 2698 reu
473 2650 529 2707 θῆλυ
539 2649 565 2696 tu
583 2654 630 2698 τῶν
649 2648 785 2710 ἀριστερῶν,
829 2650 914 2698 Anima
925 2651 945 2709 Ι,
962 2655 984 2698 2.
999 2646 1121 2696 Plutarch.
1136 2651 1229 2705 Qutusl.
1247 2651 1297 2694 unt.
1313 2633 1501 2705 t,rot.x1ttp.
1517 2649 1538 2692 l.
1679 2668 1681 2674 ν

23 2723 53 2769 καί
67 2727 101 2778 τῆς
117 2723 206 2785 ὑστέρας
226 2723 257 2770 τά
281 2722 322 2784 μὲν
340 2719 425 2783 iturus
442 2721 465 2768 ἀν
478 2724 526 2775 τοῖς
541 2719 624 2775 δεξιοῖς
635 2718 707 2778 εἶναι,
719 2720 749 2767 τὰ
760 2720 785 2768 et
862 2719 910 2780 (38)
926 2718 982 2766 th.
994 2716 1079 2778 trugm.
1094 2723 1117 2766 α.
1131 2719 1253 2766 caeterum
1268 2717 1374 2764 mentem
1388 2713 1461 2775 (νοῦν)
1473 2719 1497 2762 et
1511 2715 1615 2764 animam

25 2790 555 2856 ίήλεαίντσῖςάριστεροῐς.ΡΙιΙΙοροιιοεαάΙι.
570 2791 623 2852 lp.
643 2795 673 2840 83
693 2791 785 2839 brou
831 2789 925 2852 (ψυχὴν)
951 2784 1615 2846 romiscuerideturdirisse.tristot.deAnimal,2s

25 2860 100 2922 utre
112 2863 203 2923 είθόναι,
214 2863 252 2911 ότι
265 2863 306 2910 καί
323 2861 390 2916 οὗτος
402 2863 426 2910 ἐν
437 2867 472 2924 τῷ
484 2863 600 2924 σπέρματι
615 2861 716 2924 ἐνεργείᾳ
727 2861 785 2910 εἶναι
830 2861 922 2921 ἑτέρωθι
935 2802 959 2908 h
970 2860 1010 2908 τόν
1020 2861 1074 2906 νοῦν
1083 2857 1143 2905 εἶναι
1156 2857 1278 2904 cornutos
1293 2859 1321 2917 τῇ
1334 2857 1407 2917 ψυχῇ.
1425 2854 1486 2902 lbld.
1505 2867 1512 2902 :
1527 2853 1618 2911 Ἀναξα-

26 2928 107 2992 θιγετά
116 2932 192 2995 μόρια,
205 2932 338 2988 ἀναίσθητα
350 2933 375 2980 u
391 2932 429 2980 διὰ
443 2929 577 2994 μικρότητα.
596 2931 739 2980 Plutarchus
755 2930 786 2982 de
830 2929 900 2990 γόρας
910 2929 1003 2977 θ’ίοικε
1021 2927 1063 2989 μὲν
1078 2927 1155 2990 ἕτερον
1173 2927 1247 2986 λέγειν
1264 2927 1342 2988 ψωγήν
1359 2940 1385 2972 τι
1406 2926 1446 2972 καί
1464 2929 1527 2982 νοῦν,
1537 2927 1617 2989 ὥσπερ

27 3001 76 3049 Pltc.
89 3002 140 3062 phil.
154 3005 205 3062 v‚t
221 3000 565 3064 εἈναξαγόρας,ΙΙαρμενίδης
582 2999 613 3048 τόν
635 3000 677 3061 μὲν
696 2999 785 3048 ἐκτῶν
830 2999 925 3060 τίκτομεν
943 3000 984 3047 καί
1007 2997 1126 3061 πρότερον.
1155 3003 1240 3060 χρῆται
1263 2997 1283 3044 θ’
1308 2996 1392 3058 ἀμροῖν
1414 2999 1445 3051 ὡς
1471 3001 1517 3067 μιοζιΙ
1539 2998 1615 3060 φύσει.

27 3070 87 3124 δεξιόν
95 3071 358 3126 κατσθάλλεσθαιείςτά
369 3071 431 3126 δεξιὰ
448 3071 505 3132 με’ρη
522 3075 563 3128 τῆς
574 3071 675 3131 μήτρας,
687 3069 717 3117 tul
729 3070 749 3118 δ’
758 3070 785 3118 ἐκ
830 3070 868 3117 ct.
881 3068 949 3117 Puto
963 3069 1053 3130 Grutyl.
1065 3081 1090 3130 μ.
1101 3071 1193 3129 luuh.
1207 3067 1297 3130 Pltllop.
1308 3065 1338 3114 τό
1349 3067 1417 3116 Arist.
1430 3066 1548 3118 dehulm.
1561 3081 1614 3130 cap.

27 3145 61 3188 ult
72 3141 182 3205 ἀριστερῶν
195 3145 227 3198 εἰς
236 3143 271 3191 τὰ
281 3140 403 3204 ἀριστερά·
414 3142 435 3189 τί
446 3139 467 3188 δ’
476 3140 590 3201 ίναλλαγῇ
605 3140 635 3187 τά
650 3144 692 3196 τῆς
708 3156 783 3188 κατα·
833 3141 843 3186 l
855 3139 879 3186 et
893 3142 916 3188 7.
1561 3177 1563 3182 .

27 3209 194 3274 &luminatur
206 3214 289 3270 θήλεα.
311 3209 429 3270 Diogenes
442 3210 550 3257 Laertius
572 3208 612 3257 lib.
635 3211 700 3266 1Ι,9
719 3229 725 3259 :
744 3211 785 3258 καὶ
862 3207 911 3268 (39)
927 3205 1070 3255 Plutarchus
1083 3204 1114 3256 de
1127 3205 1192 3256 Pluc.
1211 3205 1375 3267 plril.1V,35
1395 3223 1402 3256 r
1424 3205 1572 3270 Ἀναξαγόρας
1591 3208 1617 3258 tt

28 3278 91 3342 Ιίρῑντ
101 3281 136 3342 μίν
144 3283 188 3332 ἀπὸ
197 3288 244 3332 τῶν
254 3282 345 3339 δεξιῶν,
357 3282 427 3338 θήλεα
443 3279 468 3328 ct
478 3280 526 3328 ἀπὸ
540 3279 675 3342 ἀριστερῶν.
693 3280 783 3340 llippo·
830 3277 891 3326 κατὰ
902 3276 976 3326 κόπον
988 3283 1030 3334 τῆς
1040 3281 1175 3337 σωματικῆς
1187 3276 1298 3338 ἐνεργείας
1312 3276 1415 3338 γίνεσθαι
1424 3277 1463 3326 τόν
1474 3277 1554 3326 ὕπνον·
1564 3295 1614 3327 σω-

28 3346 76 3410 htut
90 3351 160 3401 llttut·
180 3355 273 3402 lloeree.
287 3365 311 3413 μ.
328 3355 354 3400 15
366 3365 373 3398 :
389 3351 430 3398 καί
442 3347 537 3412 ἄρρενας
549 3349 590 3410 μὲν
602 3350 719 3409 γίνεσθαι,
730 3349 785 3397 όταν
831 3363 928 3409 ματικον
939 3347 984 3408 γάρ
994 3346 1052 3394 εἶναι
1062 3345 1089 3393 τό
1100 3345 1187 3403 πόθος,
1199 3345 1226 3392 οὐ
1240 3345 1350 3408 ψυχικόν.

28 3418 111 3470 turm
120 3423 193 3480 δεξιῶν
214 3427 292 3485 μερῶν
302 3421 423 3483 ἀποκριθὲν
436 3422 464 3469 τό
476 3420 569 3484 σπέρμα
583 3423 631 3474 τοῖς
645 3419 725 3474 δεξιοῖς
742 3420 782 3480 με’-
861 3415 910 3476 (ίθ)
927 3413 983 3463 vid.
997 3412 1118 3464 Plutarch.
1129 3411 1159 3461 de
1170 3413 1232 3461 Plac.
1246 3413 1305 3473 phil.
1320 3415 1363 3472 lV,
1382 3419 1418 3463 19.
1689 3463 1691 3468 ,

27 3489 63 3549 tiu
70 3496 102 3549 τῆς
111 3494 190 3556 μήτρας
198 3493 317 3554 κολληθῇ,
327 3491 357 3540 τὰ
368 3491 393 3540 rt
404 3489 474 3548 θήλεα
486 3490 548 3538 κατὰ
558 3488 701 3538 τούναντίον.
864 3488 913 3546 (tt)
929 3485 983 3534 t'iu.
994 3483 1092 3534 Aristot.
1104 3483 1270 3544 problemxt,
1281 3489 1319 3544 ³³5
1331 3483 1453 3532 Plutarch.
1463 3483 1612 3548 symposno.

50 3563 88 3621 ltu)
102 3558 785 3622 Aristotelesdellespiratloueurhuoturdootttxulmo·
829 3557 896 3614 vlll,
908 3559 932 3617 9,
948 3553 995 3604 rol.
1012 3556 1044 3604 xl
1059 3568 1083 3615 ρ.
1097 3560 1151 3602 ³55.
1357 3605 1362 3619 ,
1646 3602 1650 3611 Ι

28 3628 78 3685 ris-g
86 3632 153 3680 πάντα
168 3633 296 3692 φάσκοντες
310 3633 430 3692 ἀναπνεῖν,
442 3630 494 3692 περὶ
512 3635 558 3678 τῶν
573 3629 662 3692 ίχθόων
681 3629 784 3677 καὶτῶν
860 3626 910 3687 (tu
926 3626 1064 3674 Aristoteles
1086 3622 1116 3672 de
1130 3625 1192 3673 Part.
1211 3621 1283 3672 anim.
1304 3625 1348 3682 ΙΙΙ,
1367 3629 1381 3672 2
1403 3642 1409 3672 ι
1432 3625 1483 3672 Οὐκ
1501 3623 1573 3685 ὀρθῶς
1592 3624 1613 3674 θ’

29 3695 106 3760 ίοτρίαν
117 3703 204 3763 λέγουσι
216 3701 271 3751 τίνα
281 3699 366 3766 τρόπον
377 3700 534 3761 ἀναπνέονσι,
546 3699 586 3748 καί
605 3715 674 3760 φησιν
689 3697 783 3752 Ἀναξα·
828 3697 933 3747 ἐοίκασιν
949 3697 971 3744 ot
989 3696 1040 3756 περί
1057 3692 1208 3755 Ἀναξαγόραν
1222 3695 1393 3757 θπσλαμόοίνειν
1406 3697 1437 3751 ὡς
1451 3694 1527 3744 αἰτίαν
1541 3695 1614 3745 οὖσαν

29 3767 81 3828 λόγος
90 3771 287 3832 μίκ,ότανάρῶσι
296 3773 323 3820 τό
335 3772 398 3833 ὕδωρ
407 3771 445 3819 διὰ
455 3775 502 3818 τῶν
513 3767 642 3834 βραγχίων,
651 3768 691 3817 τὸν
710 3769 733 3816 ἐν
749 3773 783 3830 τῷ
828 3773 876 3817 τῶν
907 3768 978 3824 ὀξέων
1009 3765 1148 3827 νοσημάτων
1174 3763 1224 3828 [τὴν
1247 3763 1337 3828 χολήν)
1361 3765 1550 3828 ὑπερόοίλλοοσαν
1568 3765 1614 3828 γὰρ

28 3837 103 3894 στόματι
122 3840 235 3900 γινόμενον
260 3841 317 3902 ἀέρα
335 3841 444 3896 ίλκοντας
466 3840 575 3888 ἀναπνεῖν
593 3839 648 3894 τοὺς
662 3839 736 3902 ίχθῡς.
754 3839 782 3887 οὐ
828 3839 974 3902 ἀπορραίνειν
988 3837 1045 3900 πρός
1060 3853 1085 3886 τε
1100 3836 1140 3885 τόν
1156 3835 1274 3898 πνεύμονα
1295 3837 1395 3892 καὶτὰς
1415 3837 1498 3898 ρλέόας
1517 3836 1557 3884 καί
1573 3837 1614 3891 τὰς

28 3904 117 3966 turim
132 3913 194 3960 κενόν
207 3913 283 3961 οὐδέν.
297 3912 348 3960 κτλ.
361 3910 435 3959 tude
448 3911 540 3959 Plantls
554 3911 574 3970 Ι,
589 3915 602 3958 2
617 3908 782 3972 τἈναξαγόρας
830 3909 936 3972 πλευράς.

29 3975 109 4038 ripum
119 3985 187 4028 ταῦτα
198 3982 260 4045 ἔχειν
272 3981 312 4029 καλ
323 3981 406 4041 πνοὴν,
423 3980 465 4028 ubi
480 3980 585 4042 loquitur
598 3978 628 4028 dc
639 3979 735 4041 plantis.
862 3979 913 4040 (lt)
929 3975 1051 4026 Plutarch.
1066 3977 1096 4026 de
1111 3978 1177 4027 Plac.
1197 3977 1237 4038 ptr.
1256 3978 1277 4036 l,
1295 3980 1325 4026 29
1346 3996 1352 4026 ε
1370 3976 1520 4040 Ἀναξαγόρας
1537 3979 1577 4026 καί
1592 3981 1614 4027 σί

51 4049 89 4106 uu
102 4051 274 4113 theophrastus
285 4051 348 4100 rust.
359 4051 434 4112 plant.
443 4053 507 4112 tu‚t
518 4064 525 4097 τ
537 4050 687 4114 Ἀναξαγόρας
695 4051 736 4112 μὲν
743 4051 783 4100 τόν
832 4049 931 4099 Στωϊκοί
945 4049 1029 4104 ἄθηλον
1043 4046 1120 4095 αἰτίαν
1138 4047 1274 4110 ἀνθρωπίνῳ
1292 4047 1398 4110 λογισμῷ
1420 4045 1470 4109 [τὴν
1488 4046 1578 4109 τύχην).
1598 4049 1614 4096 u

30 4111 158 4176 ίὲγοπιίπιον
167 4122 262 4182 φάσκων
274 4121 336 4184 ἔχειν
346 4121 483 4183 σπέρματα·
498 4121 539 4168 καὶ
550 4125 625 4170 ταῦτα
634 4137 782 4184 συγκαταρε-
828 4121 869 4183 μὲν
885 4118 929 4182 γάρ
940 4119 1000 4168 εἶναι
1017 4117 1070 4166 κατ’
1080 4117 1193 4178 ἀνάγκην,
1204 4118 1219 4165 ἀ
1229 4118 1253 4166 δὲ
1265 4117 1319 4166 καθ’
1331 4119 1480 4180 εἱμαρμένην,
1492 4117 1541 4166 tu
1552 4119 1614 4166 κατὰ

30 4182 203 4254 ονοιτριαε
215 4192 339 4256 παρτε
350 4191 417 4250 φατε.
431 4193 502 4243 auu.
513 4192 544 4244 ue
558 4192 700 4254 νίσομαι
712 4210 718 4242 ι
733 4191 783 4240 σπι
829 4190 970 4254 προαιρεσιν,
981 4189 997 4238 ι
1008 4189 1032 4240 u
1043 4189 1104 4239 κατὰ
1114 4189 1197 4253 egat,
1207 4189 1223 4238 ε
1233 4189 1258 4238 α
1267 4181 1330 4239 κατὰ
1342 4190 1369 4240 τι
1379 4189 1517 4254 αὐτόματοι.
