3708 5916
277 303 334 356 48²
808 289 1013 352 fllattoctas
1031 291 1344 355 COMMENTARIUS

276 428 304 484 οὗ
318 423 361 484 τὸν
371 423 430 484 ὅλον
440 423 573 503 ἄνθρωπον
587 421 687 482 καθαί
697 444 710 500 ρ
720 443 731 480 ι
740 443 758 480 ι.
799 422 886 482 flattu
899 423 921 482 δ’
936 414 969 481 αὸ
982 425 1052 481 ὅτοῦ
1097 423 1184 504 χιιρὸς
1190 425 1235 484 καί
1244 425 1321 492 ποδὸς
1330 423 1403 494 ἀξίαν
1415 425 1538 504 ίχόντων·
1548 427 1610 504 πρὸς
1619 426 1716 500 ἄλληλα
1725 429 1817 490 llatae
1839 495 1840 498 ,

275 511 397 588 σώματος
416 509 532 586 ditm<
553 511 605 568 δεῖν
628 509 810 584 ίπῑμῑλῑῗῦθῑῑ
832 508 914 588 χωρίς
933 512 980 580 τῆς
998 512 1054 588 ψυ·
1098 513 1322 590 συντεταγμένων,
1347 516 1382 580 ὡς
1407 513 1497 580 ἀτελές
1521 502 1586 573 έίναι
1601 517 1682 573 ὁτιοῦν
1704 517 1784 576 τούτων
1797 545 1816 576 rr
1839 557 1840 566 ,

273 605 341 680 γῆς,
358 598 375 670 ἢ
392 599 437 666 τίς
447 603 492 658 τοῦ
508 595 630 674 σώματος
652 597 790 674 θεραπείας
802 597 964 656 συντελέσειν
976 620 1001 654 τι
1019 601 1052 676 τῇ
1097 600 1172 678 ἔγγὺς
1190 601 1317 678 μάταιον,
1334 601 1370 676 μὴ
1383 604 1428 671 τῆς
1443 604 1494 659 τῶν
1504 603 1602 662 λοιπῶν
1616 605 1820 683 cusp-seleges„

274 691 364 768 ψυχῇ
388 684 469 762 μηδίν
492 687 525 742 δι’
548 687 641 754 ίαυτῆς
664 681 919 762 καθαιρομένῃ,
944 683 1053 742 τὸαὸτὸ
1096 709 1150 747 νον,
1195 687 1242 748 Διὸ
1257 691 1292 755 είς
1304 690 1366 763 μίαν
1379 685 1471 748 ίνωσιν
1486 691 1614 749 συνελθεῖν
1630 691 1668 752 δεῖ
1678 692 1723 762 fle
1735 717 1821 762 m,

274 774 455 852 διαμαρτόντι.
480 771 514 834 Ὁ
529 771 556 830 δί
569 773 600 830 δι’
615 771 768 851 ἀμφοτέρων
776 772 876 837 οἰκείως
885 772 982 851 προϊὼν
994 769 1053 838 ὅλος
1097 776 1166 840 θείας
1182 774 1314 855 εὑρετικὴν
1330 775 1493 851 ίπιστιίμην,
1507 777 1552 834 καί
1566 776 1614 848 τὴν
1625 771 1714 856 θ’ρετῆς
1725 781 1824 860 effa-,e

274 865 437 932 τελιιοῦται,
452 861 497 921 καί
507 859 575 920 κατίι
590 863 664 918 τοῦτο
679 859 838 919 συνάπτεται
855 863 887 936 τῇ
907 863 959 918 τῶν
975 861 1051 938 ίιρῶν
1096 864 1281 939 κὴνδύναμιν,
1296 864 1340 921 καί
1354 861 1400 934 πλν
1415 865 1591 942 καθαρότητος
1606 869 1824 945 ἀπεργαστικῆν,ίιι

272 949 381 1030 τίχνῃὴ
395 947 587 1028 φιλοσοφία,ὡς
601 945 661 1024 περί
676 945 724 1018 τὴν
738 953 782 1004 τοῦ
794 947 941 1026 αὐγοειδοῦς
953 945 1053 1024 κοίθαρ-
1096 951 1234 1030 σύμφωνον
1245 954 1283 1030 τῷ
1296 949 1434 1029 ἡγουμένῳ
1445 955 1483 1028 τῷ
1493 951 1524 1010 τὸ
1542 952 1673 1011 πολιτικὸν
1687 953 1753 1032 ἔργον
1765 960 1825 1013 ἆται·

273 1061 313 1096 σιν
323 1035 568 1113 πραγματιυομένη·
579 1035 611 1106 ἣν
622 1037 645 1093 εί
654 1035 793 1113 χωρίσιιας
802 1040 849 1094 τοῦ
857 1033 996 1114 φιλοσόφου
1006 1039 1052 1093 νοῦ
1096 1039 1186 1114 λῆται,
1202 1037 1247 1095 καί
1260 1037 1359 1103 τούτοις
1373 1036 1529 1116 ἀμφοτέροις
1542 1039 1741 1117 ὁμολογούμενον
1749 1041 1774 1099 τί
1783 1045 1825 1120 ίιρλ

272 1127 318 1184 οὔκ
335 1123 375 1183 ίτι
388 1123 436 1195 τὴν
449 1122 529 1194 αὐτὴν
539 1123 646 1198 δύναμιν
662 1122 774 1202 ἔχουσαν
793 1122 922 1200 εὑρήσεις.
936 1120 987 1181 Καὶ
1000 1125 1051 1200 γὰρ
1096 1125 1170 1201 ίργον
1186 1123 1372 1202 ἀποφαίνηται.
1416 1125 1501 1184 Τοῦτο
1512 1128 1559 1195 τῆς
1573 1128 1747 1204 Πυθαγορικῆς
1759 1153 1825 1204 argue

272 1217 324 1270 τῶν
339 1211 559 1290 συμπληροόντων
575 1209 623 1282 clv
635 1210 766 1290 ἡμετέραν
781 1210 914 1268 τιλείωσὶν
926 1209 959 1269 τίε
977 1208 1051 1284 μίνὸ
1096 1211 1125 1270 τὸ
1135 1212 1225 1290 πέρας,
1241 1211 1315 1277 ὅλους
1325 1211 1358 1269 δι’
1368 1210 1435 1270 ὅλων
1450 1210 1613 1290 ὑποπτέρους
1621 1216 1732 1291 γινέσθαι
1740 1216 1790 1292 πρὸς
1796 1217 1825 1286 τί,

273 1301 410 1382 φιλόσοφος
426 1306 483 1366 νοῦς
497 1298 649 1378 προεξεῦρι,
665 1297 698 1357 sd
713 1297 768 1366 δέὴ
784 1295 920 1365 τελεστικὴ
934 1295 1050 1374 ίνέργειιι
1095 1301 1146 1358 τῶν
1166 1299 1240 1357 θείων
1254 1302 1356 1370 ἀγαθῶν
1372 1299 1528 1378 μιτοίληψιν,
1541 1298 1575 1356 ἵν’
1590 1301 1651 1358 ὅταν
1667 1303 1681 1358 ὅ
1699 1307 1740 1359 τοῦ
1751 1303 1825 1361 inim

271 1388 457 1465 συνιισίγαγε,
469 1389 507 1466 τῷ
521 1385 653 1466 φιλοσόφῳ
667 1389 703 1464 νῷ
713 1383 839 1460 ίπομένη.
849 1381 1009 1454 Τελεστικιλν
1024 1382 1050 1442 ὅί
1096 1385 1183 1464 καιρός
1194 1389 1280 1462 ίνστῇ,
1288 1384 1475 1451 καταλιπόντες
1485 1383 1528 1444 ἰαί
1535 1389 1583 1463 γῆς
1592 1385 1622 1444 τί
1634 1387 1794 1462 θνητθνσῦρκ
1800 1392 1827 1444 ul

272 1477 402 1554 ἐνέργειαν
429 1473 498 1550 λέγω
521 1475 568 1543 τὴν
591 1479 636 1532 τοῦ
661 1475 809 1550 αὐγοιιὸοῦς
847 1469 1050 1550 καθαρτικὴν
1096 1473 1143 1544 τὴν
1157 1475 1248 1532 τούτου
1272 1473 1349 1554 φύσιν
1373 1473 1582 1551 ἀποδυσάμενοι,
1605 1473 1669 1554 πρὸς
1682 1477 1725 1547 τὴν
1745 1477 1826 1553 mperes

271 1563 399 1638 δύναμιν,
414 1557 458 1618 ira
474 1565 521 1631 τῆς
533 1559 595 1633 ὅλης
617 1559 769 1642 φιλοσοφίας
784 1561 812 1620 τὸ
830 1559 877 1636 μίν
892 1559 1049 1636 θεωρητικὸν
1096 1562 1202 1637 πορείαν
1216 1552 1279 1622 ὦσιν
1295 1561 1400 1630 εὔζωνοι
1415 1564 1437 1618 oi
1449 1564 1500 1618 τῶν
1515 1561 1666 1642 φιλοσοφίας
1679 1563 1828 1641 ἆγόινωνίθη

271 1655 436 1730 προηγῆται,
460 1653 495 1716 ὡς
518 1657 591 1721 νοῦς,
605 1649 636 1708 τὸ
651 1649 678 1707 δέ
692 1648 854 1726 πρακτικόν,
869 1651 904 1714 ὥς
925 1645 1050 1722 δύναμις,
1096 1649 1148 1706 ταί·
1173 1651 1231 1708 τότε
1257 1648 1306 1729 γὰρ
1329 1647 1376 1706 καί
1394 1646 1441 1717 calu
1464 1648 1578 1727 ἀρχαίαν
1602 1651 1685 1718 αίιτοῑς
1705 1651 1828 1709 ἀποίίίεώιι

271 1739 379 1810 ὅπηται.
431 1738 485 1797 Τοῦ
497 1736 524 1795 δέ
538 1741 684 1813 πρακτικοῦ
697 1735 742 1794 δύο
754 1740 840 1814 θῶμεν
855 1735 911 1806 είδη
925 1779 932 1806 ,
947 1735 1051 1792 πολιτι-
1097 1737 1204 1810 στάσιν,
1231 1737 1277 1796 καὶ
1299 1740 1488 1806 eanonicam,
1513 1734 1574 1794 ὅση,
1604 1729 1656 1794 οἷό,
1678 1761 1706 1796 τ,
1728 1739 1829 1816 &pm

270 1825 317 1884 κὸν
329 1826 375 1884 καί
386 1825 542 1884 τελεατικόν·
556 1823 586 1884 τὸ
598 1825 644 1900 μὲν
656 1821 699 1882 td
711 1827 763 1882 τῶν
776 1827 874 1903 ἀρετῶν
885 1826 932 1892 τῆς
945 1821 1051 1899 ἀλογίας
1096 1824 1167 1891 θιοθς
1180 1825 1314 1902 γενέσθαι,
1331 1823 1424 1900 μηνίει
1439 1827 1453 1882 ὅ
1468 1821 1543 1899 λόγος
1553 1823 1597 1882 ὅιίι
1611 1827 1663 1882 τῶν
1677 1823 1739 1895 ἑξῆς.

271 1917 447 1994 ἀποκαθαῖρον
461 1918 547 1988 ἡμᾶς,
562 1912 592 1971 τί
606 1911 633 1970 dl
646 1911 688 1969 διὰ
702 1915 753 1970 τῶν
775 1915 851 1992 ἱερῶν
871 1910 986 1986 μεθόδων
1002 1910 1049 1976 τίις

271 2002 361 2067 ὑλικὰς
380 2000 523 2078 φαντασίας
535 1999 703 2076 ,ἀποτέμνοκ
746 2005 849 2078 Δεῖγμα
864 1999 890 2056 δὲ
903 2000 931 2056 od
957 1996 1050 2073 μικρὸν
1346 1993 1472 2054 xxvll.
1497 2001 1593 2050 ‘lo-l
1603 2002 1627 2050 Ι.

270 2091 317 2158 τῆς
332 2089 378 2166 μίν
393 2092 529 2158 πολιτικῆς
544 2085 695 2166 φιλοσοφίας
708 2088 732 2145 σί
746 2088 772 2144 ἐν
788 2089 866 2166 κοινῷ
881 2086 996 2160 κείμενοι
1005 2083 1050 2144 νό-

265 2197 330 2248 -μοι,
352 2179 397 2246 τῆς
411 2175 439 2233 δέ
460 2179 611 2242 τιλεστικῆς
628 2173 661 2230 td
682 2176 732 2231 τῶν
756 2173 856 2232 πόλεων
870 2173 938 2249 lepti.
995 2171 1050 2231 Kal

270 2261 326 2320 ἔστι
339 2261 369 2320 tl
382 2260 428 2339 μέν
444 2261 587 2340 ἀκρότατον
600 2264 647 2328 τῆς
660 2258 724 2328 ὅλης
738 2259 912 2336 φιλοσοφίαςὸ
927 2262 1051 2335 θεωρητι-

270 2347 314 2415 κὸς
327 2353 394 2415 νοῦς·
410 2347 488 2424 μέσον
504 2347 545 2418 δέ,
561 2346 724 2412 θπολιτικός·
738 2344 782 2404 καί
793 2345 891 2424 τρίτον,
904 2349 917 2402 θ
933 2346 1052 2402 τελεστι-
1135 2339 1222 2396 Τοῦτο
1235 2333 1317 2412 πέρας
1332 2337 1383 2391 τῶν
1394 2330 1478 2391 πίνων
1493 2330 1524 2389 τί
1538 2330 1687 2390 κάλλιστον·
1723 2331 1830 2396 Τῠῧτυιίί

270 2434 322 2504 κός·
338 2441 383 2494 τοῦ
403 2435 449 2512 μίν
464 2435 568 2515 πρώτου
583 2435 646 2514 πρὸς
660 2433 693 2491 τὰ
709 2435 753 2492 δύο
770 2433 818 2504 τὴν
836 2433 970 2512 ὀφθαλμοῦ
986 2433 1050 2490 ἀνα·
1096 2425 1211 2484 Πλοίτων
1229 2422 1317 2502 φησίν,
1339 2425 1354 2478 ὅ
1374 2420 1455 2496 μέγας
1473 2418 1544 2495 dedu
1566 2418 1612 2478 καί
1630 2415 1702 2482 ἐλπίς
1719 2419 1734 2484 ’λ
1751 2417 1830 2490 tulli?-

270 2522 360 2599 λογίαν
376 2522 561 2591 ἀποαώζοντος·
576 2525 627 2579 τῶν
644 2522 671 2580 δὲ
686 2522 742 2596 μετ’
757 2521 820 2581 αὐτὸ
834 2520 897 2600 πρὸς
911 2523 993 2578 έκιῖνο
1003 2517 1050 2588 τὴν
1096 2517 1182 2573 Τοῦτο
1202 2507 1352 2590 φιλοσοφίας
1375 2511 1389 2565 θ
1407 2505 1568 2572 παλαιότατος
1593 2503 1708 2582 καρπός,
1726 2505 1830 2604 amulric

274 2635 1828 2672 .....................-—-.-..----—-——---——-···--···

1158 2145 1201 2193 'flu
1215 2141 1235 2192 θ’
1246 2142 1374 2204 ἀπαλείψας
1385 2145 1456 2202 σῶμα
1466 2142 1488 2196 ές
1500 2139 1571 2202 αῑθέρ’
1582 2140 1695 2201 ἐλεύθερον
1704 2139 1771 2198 ἔλθῃς,

1157 2216 1237 2266 tectu
1252 2214 1365 2270 ἀθάνατος
1381 2211 1440 2271 θεός,
1453 2212 1578 2274 ᾰμθροτσς,
1590 2212 1633 2258 οὐκ
1645 2211 1676 2258 lo
1692 2208 1769 2267 θνητός.

270 2751 347 2797 totus
362 2739 522 2818 perficitur,
541 2758 632 2815 eaque
648 2739 761 2798 ratione
781 2735 964 2816 philosophia
985 2752 1049 2791 cum
1092 2731 1222 2790 veritatis
1245 2727 1435 2786 inventricem
1449 2736 1477 2782 et
1492 2723 1655 2781 facultatem
1675 2721 1776 2778 virtutis
1786 2737 1830 2794 pra·

271 2848 418 2887 sacrorum
436 2839 496 2885 arte
514 2828 676 2903 copulatur,
699 2828 808 2903 quippe
822 2843 887 2900 quae
908 2823 940 2881 in
961 2819 1051 2879 lucidi
1093 2819 1259 2879 creatricem
1274 2832 1410 2891 eamque,
1426 2832 1492 2889 quae
1513 2810 1651 2889 puritatis
1668 2807 1829 2869 effecti-isca.

270 2915 404 2992 corporis
427 2914 631 2992 purificatione
652 2925 800 2982 ver·setur;
819 2930 904 2987 quam
922 2922 1010 2966 artem
1026 2911 1050 2966 si
1093 2909 1123 2968 in
1140 2927 1228 2965 unum
1239 2905 1329 2974 coire,
1343 2916 1375 2961 ut
1387 2902 1475 2959 menti
1486 2899 1554 2957 duci
1565 2916 1724 2972 congruens
1736 2894 1831 2952 reddatur

270 3001 503 3080 aphilosoplrica
519 3015 612 3059 meme
634 3000 830 3079 separaveris,
847 3017 907 3054 non
929 2996 1052 3072 amplius
1094 2997 1181 3053 civile
1205 3013 1278 3072 opus
1303 2991 1394 3048 ethis
1416 2985 1558 3046 ambobus
1581 2998 1784 3043 consentaneum
1801 2981 1831 3036 iat

269 3090 389 3148 eandem
405 3091 466 3146 vim
482 3087 588 3146 habere
607 3087 749 3144 invenies.
765 3085 807 3142 Ex
831 3085 869 3142 iis
887 3084 965 3140 enim
988 3101 1052 3158 quae
1093 3103 1167 3161 opus
1183 3099 1305 3140 sacrum.
1332 3077 1385 3134 llic
1405 3074 1608 3152 Pythagorica
1625 3069 1830 3146 disciplinatius

269 3177 475 3254 perfectionem
501 3188 627 3232 nostram
653 3173 824 3244 absolvunt,
851 3171 908 3228 alia
933 3170 1050 3246 quidem
1093 3183 1197 3242 est,ut
1210 3165 1479 3248 philosophicorum
1494 3161 1687 3219 certaminum
1700 3153 1830 3216 athletatati

269 3263 472 3342 philosophica
499 3283 579 3321 mens
603 3263 686 3340 prius
714 3261 845 3330 invenit,
867 3257 923 3315 alia
957 3268 1050 3313 autem
1094 3259 1209 3334 penitus
1225 3255 1293 3312 alati
1316 3253 1386 3310 fiam
1409 3249 1445 3306 ad
1467 3248 1684 3324 adipiscendam
1706 3245 1844 3334 divinum

270 3352 392 3426 mystica
411 3349 556 3408 industria
582 3348 669 3405 simul
694 3345 826 3416 induxit,
842 3363 905 3421 quae
924 3343 1052 3421 philoso-
1094 3341 1484 3424 bonorum'consortionem,
1499 3351 1531 3396 ut
1544 3357 1634 3414 quum
1648 3336 1744 3394 mortis
1753 3348 1829 3408 tempu
1843 3337 1844 3340 ’

269 3437 381 3514 plricam
398 3450 520 3494 mentem
547 3435 690 3510 sequitur.
706 3433 943 3510 llystieamvero
963 3428 1053 3487 indu·
1094 3435 1255 3504 advenerit,
1288 3431 1390 3490 relicto
1413 3429 1445 3486 in
1469 3440 1545 3484 terra
1559 3425 1677 3484 mortali
1704 3427 1831 3498 corporea

269 3525 368 3582 striam
379 3545 451 3581 voco
463 3517 1051 3598 lucidicorporispurlficarrdlfacultatem,
1094 3536 1177 3580 exuta
1191 3521 1254 3598 ejus
1269 3532 1373 3578 natura
1395 3515 1430 3573 ad
1452 3514 1675 3590 ingrediendum
1688 3511 1786 3569 eoeleste
1797 3509 1831 3562 iter

269 3625 300 3669 ut
322 3616 409 3669 totius
430 3609 624 3688 philosophiae
645 3627 713 3685 pars
729 3605 966 3680 contemplativa,
988 3617 1053 3661 tan·
1095 3612 1150 3668 rite
1172 3609 1293 3667 accincti
1316 3612 1389 3676 sint,
1416 3617 1484 3662 tune
1508 3603 1585 3660 enim
1613 3614 1644 3658 et
1667 3601 1698 3658 in
1722 3597 1831 3671 antiquus

269 3716 354 3774 ‘luam
380 3717 478 3768 mens,
506 3707 630 3773 Plaeeals
661 3695 756 3752 activa
781 3707 891 3761 autem,
915 3704 1050 3767 tanquam
1094 3711 1197 3756 statum
1222 3717 1272 3754 eos
1294 3695 1455 3753 restitutum
1478 3691 1516 3749 iri
1538 3703 1568 3748 et
1589 3691 1661 3747 deos
1683 3687 1750 3754 fore,
1768 3679 1831 3758 quad

270 3785 402 3854 facultas,
422 3797 568 3860 sequatur.
586 3781 726 3839 Caeterum
742 3781 843 3839 activae
857 3777 1052 3857 philosophiae
1095 3787 1224 3845 homines
1234 3786 1276 3844 dii
1288 3785 1349 3844 fieri
1367 3791 1499 3860 possunt,
1512 3797 1628 3838 carmen
1645 3769 1832 3852 insequentibus

266 3871 338 3929 diras
362 3871 472 3948 species
496 3887 655 3946 ponamus,
682 3867 799 3925 civilem
826 3878 854 3922 et
883 3865 1050 3941 mysticam3
1095 3874 1231 3932 declarat,

268 3978 391 4034 quarum
405 3959 455 4016 illa
464 3959 604 4015 virtutum
618 3975 673 4033 ope
686 3974 766 4014 nosa
779 3953 901 4013 rationis
910 3965 938 4008 et
945 3951 1050 4030 judicii

268 4045 369 4121 inopia
393 4045 512 4116 liberat,
532 4043 593 4101 haec
626 4056 719 4101 autem
744 4042 835 4100 sacris
859 4039 970 4098 artibus
989 4039 1052 4096 visa
1245 4110 1248 4120 Ι
1350 4050 1465 4111 χχγῃ,
1488 4069 1615 4122 70-71·

268 4133 429 4190 materialia
451 4131 592 4209 praecidit.
606 4133 646 4189 Ac
661 4131 758 4189 civilis
781 4128 898 4206 quidem
920 4126 1049 4204 plriloso·
1824 4187 1827 4194 Δ

268 4219 345 4296 plriae
361 4239 418 4276 non
435 4221 571 4294 exiguum
590 4220 737 4296 specimen
751 4218 827 4293 leges
842 4228 908 4274 sunt
921 4215 951 4272 in
963 4233 1049 4291 repu·
1157 4203 1250 4262 Qu⁰f⁸i
1261 4201 1353 4251 ''015020
1360 4210 1465 4261 ⁶⁰r1’0f0
1474 4196 1509 4246 “d
1519 4195 1631 4246 ²³le
1641 4193 1755 4244 &lim
1764 4197 1834 4304 Ἢ

267 4305 344 4362 blica
357 4317 478 4376 sanetae,
493 4307 621 4380 mysticae
635 4325 705 4363 vero
726 4306 875 4364 civitatum
890 4322 980 4362 sacra.
1002 4303 1050 4362 Est
1154 4349 1204 4397 em
1217 4341 1372 4394 ,mmmm
1385 4338 1449 4390 dm
1476 4339 1646 4399 mmmm
1671 4259 1832 4396 mfflpp}

267 4395 354 4452 etiam
368 4396 456 4452 totius
468 4393 661 4471 philosophiae
674 4407 759 4470 caput
774 4413 854 4451 mens
875 4396 1048 4470 contempla·
1455 4374 1463 4401 ’
1533 4389 1536 4395 ’
1557 4437 1561 4446 .
1637 4372 1831 4469 [ιἰισνιιοθιωιιι.

268 4483 343 4552 tiva,
359 4481 484 4538 medium
507 4501 577 4538 vero
591 4481 703 4552 civilis,
718 4481 833 4539 tertium
855 4478 982 4556 denique
1001 4499 1049 4536 ve·
1110 4537 1113 4542 ,

267 4570 311 4627 1ιιι
336 4568 497 4627 membrum
517 4568 655 4644 mystica3
685 4587 809 4643 quorum
835 4567 1048 4644 primumcum
1132 4563 1185 4620 llic
1199 4575 1241 4620 est
1262 4559 1395 4618 laborum
1415 4557 1482 4616 finis
1501 4552 1723 4632 pulcherrimus.
1737 4547 1833 4612 ίίοε,ΠΙ

267 4655 381 4714 duobus
407 4655 466 4713 illis
489 4667 685 4732 comparatum
708 4655 786 4712 oculi
810 4655 875 4713 viee
906 4655 1046 4728 fungitur,
1092 4654 1131 4711 ait
1141 4653 1385 4726 Plato,magpum
1400 4643 1473 4704 illud
1484 4655 1629 4701 certamen
1640 4653 1670 4696 et
1680 4655 1742 4714 spes
1753 4645 1832 4702 σιτ-,ιθ

267 4745 319 4801 illa
337 4757 431 4802 autem
448 4743 597 4819 sequentia
621 4762 686 4800 cum
702 4745 798 4820 primo
821 4744 925 4802 collata
947 4745 1047 4802 manus
1092 4741 1146 4798 llic
1169 4734 1360 4816 philosophiae
1386 4733 1496 4790 fructus
1525 4727 1747 4806 perfectissimus
1797 4715 1833 4770 blf

267 4845 295 4890 et
310 4833 391 4909 pedis
406 4833 502 4890 locum
526 4843 623 4889 tenent
643 4853 649 4889 :
667 4831 766 4889 omnia
780 4851 850 4888 vero
868 4834 909 4889 ita
927 4833 1002 4890 inter
1016 4851 1046 4889 se
1090 4827 1234 4884 hieraticae
1273 4833 1302 4880 et
1340 4819 1470 4902 mysticae
1504 4816 1575 4873 artis
1610 4832 1685 4890 opus
1713 4815 1832 4865 mannum

267 4934 334 4978 sunt
348 4920 502 4998 conjuncta
513 4933 541 4978 et
556 4919 706 4990 ordinata,
720 4918 864 4976 uthorum
877 4919 995 4995 quidvis
1008 4921 1046 4978 sit
1089 4927 1213 4993 spectat,
1231 4923 1263 4968 ut
1280 4909 1395 4984 eosqui
1417 4910 1471 4962 iter
1489 4922 1577 4980 supra
1598 4901 1766 4978 descriptum
1783 4890 1833 4986 fef*

266 5006 465 5084 imperfectum
488 5027 520 5066 ac
534 5008 743 5086 propemodum
759 5007 859 5078 inane,
876 5007 901 5064 si
916 5005 1044 5082 reliquo-
1089 5017 1158 5061 runt
1170 4999 1337 5059 conciliatos
1352 4995 1388 5052 ad
1402 5011 1538 5051 verorum
1553 4990 1697 5048 bonorum
1714 4992 1832 5063 possessu

267 5112 330 5150 rum
356 5115 411 5173 ope
435 5096 614 5154 destituatur.
640 5095 761 5172 Oportet
782 5094 872 5169 igitur
895 5093 1043 5153 seientiam
1089 5111 1153 5150 nem
1169 5089 1302 5156 reducat,
1322 5098 1407 5160 atque
1419 5081 1455 5141 ab
1470 5080 1607 5138 aerumnis
1626 5077 1832 5146 bismantum
