3838 5926
291 417 346 468 tat
973 405 1205 468 Pinnentnts

306 557 333 597 es
347 537 376 596 οὗ
388 537 438 617 γάρ
450 535 511 596 άντυ
523 539 568 595 τοῦ
581 535 682 610 ἐόντος,
694 535 721 594 ἐν
730 525 752 616 ᾧ
762 534 954 614 περατισμένον
969 537 1050 610 ἐστίν,
1112 545 1265 608 nequeenim
1277 555 1386 596 ιοοεοιιιιι
1396 544 1427 594 ab
1438 547 1507 607 ente,
1518 558 1544 595 tn
1553 559 1601 609 quo
1612 546 1763 604 οτιιιιιθειοιιι
1776 549 1830 605 est,

347 623 462 704 εὑρήσεις
474 622 505 681 τὸ
515 631 593 682 νοεῖν·
609 621 681 680 οὐδέν
695 621 745 700 γὰρ
760 622 777 693 ἢ
792 621 861 680 ἐστιν
876 619 892 693 ἦ
908 622 982 681 ἔσται
1113 633 1215 694 reperies
1226 633 1350 694 angliam:
1364 633 1423 682 nibil
1436 633 1500 684 enlm
1513 635 1654 685 antestant
1668 637 1715 684 erit

347 712 412 770 tillo
423 709 509 792 παρέκ
522 717 568 770 τοῦ
583 709 683 776 ἐόντος·
698 709 755 769 ἐπεὶ
768 709 827 786 τόγε
843 711 912 792 μοῖρ’
927 712 1051 783 ἐπέδησαν
1112 720 1177 770 aliud
1190 723 1274 783 praeter
1283 732 1335 781 οιιε,
1346 721 1460 784 quoniam
1472 720 1518 770 boe
1532 721 1607 771 iatum
1620 723 1653 772 ita
1666 724 1770 772 vinculis
1785 722 1905 784 illigavit,

345 788 398 857 οἱον
410 797 532 869 ἀκίνητόν
541 801 565 856 τ’
581 797 688 873 ἔμεναι,
700 801 738 876 τῷ
752 795 830 856 πάντ’
845 797 918 876 ὄνομ’
930 797 1013 869 ἐστίν,
1114 809 1141 856 ut
1155 807 1391 858 solumetlmmobile
1401 808 1441 869 sit,
1452 807 1490 858 eui
1500 822 1581 858 retum
1590 810 1742 860 universitati
1752 824 1844 860 aornar
1855 816 1905 867 est,

346 883 412 944 θσσα
429 886 516 964 βροτοὶ
533 886 671 946 κατέθεντο
685 885 835 952 πεποιθότες
849 877 914 946 εἶναι
931 888 1016 960 ἀληθῆ
1114 895 1154 957 (de
1161 895 1190 944 lis
1197 895 1349 959 loquor)qute
1357 895 1610 948 mortalesstatueruut
1619 898 1885 957 eredentesessevera,

288 995 327 1034 νου
339 973 473 1054 γὶγνεσθαὶ
483 997 511 1032 τε
523 976 568 1034 καλ
581 973 714 1045 όλλυοθαι,
726 964 793 1032 sliat
803 996 831 1032 τε
842 973 887 1032 καὶ
898 973 965 1047 οθκὶ,
1114 983 1178 1032 nasei
1191 985 1263 1045 atqm
1275 983 1380 1044 interire,
1389 996 1443 1034 esse
1452 986 1532 1034 etnon
1544 997 1605 1043 este.

348 1062 394 1122 κοιλ
402 1061 482 1122 τόπον
494 1062 645 1139 ἀλλάσσειν,
657 1062 700 1120 διά
713 1084 741 1119 τε
754 1059 823 1141 χρόα
837 1061 915 1142 ρανὸν
925 1060 1054 1136 οἱμεὶόιιν.
1114 1073 1139 1119 et
1149 1069 1228 1118 Ιοοιιιιι
1239 1073 1341 1132 mutare,
1349 1073 1373 1120 et
1384 1069 1487 1120 nitidum
1497 1071 1600 1120 colorem
1607 1076 1758 1122 οοιινοειετο.

348 1149 438 1228 strip
453 1151 511 1208 ἐπεὶ
522 1152 613 1227 πεῖρας
626 1147 746 1224 πύματον
766 1149 948 1228 τετελεσμένον
963 1148 1047 1228 ἐστίν,
1114 1154 1161 1204 Sed
1177 1155 1289 1216 quostiam
1302 1157 1425 1206 extremus
1439 1155 1503 1205 entis
1517 1155 1571 1204 linis
1582 1158 1702 1218 perlectus
1711 1160 1765 1206 est:

347 1236 474 1296 πάντοθεν
489 1235 614 1296 εὐκύκλου
629 1235 739 1316 σραὶρης
751 1237 897 1314 ἐναλίγκιον
909 1237 978 1316 όγκιρ
1116 1243 1221 1306 nudique
1234 1243 1290 1292 moli
1303 1243 1412 1292 rotundae
1428 1244 1529 1305 sphaerae
1540 1242 1616 1293 simile
1628 1247 1665 1292 est

349 1322 473 1398 μεσσόθεν
487 1322 609 1390 ἱσοπολές
621 1322 724 1402 πάντῃ·
738 1321 767 1380 τὸ
776 1322 827 1401 γάρ
842 1322 900 1380 οὔτε
917 1347 942 1382 τι
958 1324 1043 1401 μεῖζον
1115 1331 1218 1381 emedio
1229 1331 1353 1394 equaliter
1361 1331 1449 1393 ubique
1458 1331 1561 1393 θὶιὶοιιες
1575 1343 1630 1380 nam
1643 1345 1722 1394 neque
1736 1332 1818 1392 majus

289 1431 327 1470 tos
348 1407 406 1468 οὔτε
417 1433 442 1467 τι
456 1409 589 1489 βαιότερον
604 1409 710 1468 πελέναι
726 1409 811 1488 χρεών
826 1411 882 1468 ἐστι
893 1415 925 1490 τῇ
938 1409 1010 1488 ἢτῇ.
1115 1431 1194 1481 αοιμιε
1205 1420 1284 1468 miuus
1295 1418 1340 1467 bae
1354 1418 1496 1481 illaveparta
1508 1431 1561 1468 etse
1570 1421 1674 1480 oportet.

349 1495 421 1556 Οότε
436 1497 488 1575 γάρ
501 1499 548 1555 οὐκ
563 1496 604 1556 ἐὸν
615 1496 682 1570 ἐστι,
693 1497 723 1556 τό
732 1520 776 1556 κεν
789 1497 868 1558 παύοι
880 1521 925 1573 μιν
937 1498 1039 1557 ἱκέσθαι
1116 1507 1274 1569 nequamus
1287 1519 1389 1556 non-ens
1398 1509 1444 1565 est,
1457 1505 1522 1568 qiiod
1536 1506 1615 1567 ipsum
1628 1505 1753 1568 probibeat
1763 1507 1904 1569 pervadere

289 1764 344 1818 bus
368 1763 404 1836 39
419 1771 447 1818 et
467 1771 504 1830 40
523 1764 633 1840 docuit,
651 1783 779 1819 nou-ens
792 1783 886 1838 neque
900 1765 959 1821 diei
978 1783 1071 1839 neque
1117 1763 1317 1820 enuntiationis
1332 1781 1348 1818 a
1361 1760 1445 1836 'poeta
1459 1781 1618 1836 expressum
1635 1773 1687 1817 est.
1707 1764 1791 1818 Nihil
1807 1775 1908 1816 tamen

292 1853 412 1924 eogitari
427 1869 517 1924 posse.
1118 1851 1212 1905 obstat
1232 1850 1302 1922 quin
1316 1851 1454 1905 scribatur
1473 1847 1534 1919 ἐπέ,
1555 1849 1635 1922 quod
1654 1851 1708 1904 arsi
1729 1850 1907 1923 producen-

330 1942 361 1996 V.
382 1938 429 2014 96.
447 1939 606 2014 Simplicius
628 1939 645 1994 ἱ.
673 1958 719 2012 19,
740 1956 768 2012 a,
794 1941 962 2014 scripturam
985 1941 1072 1996 habet
1116 1937 1183 1994 dum
1201 1939 1265 1996 erit.

290 2035 381 2081 metro
395 2036 598 2099 repugnantem
620 2023 753 2102 οὐδὲνγὰρ
769 2021 836 2080 ἐστιν
857 2021 973 2096 ἢέσται,
986 2045 1069 2098 quam
1156 2029 1258 2082 Versus
1276 2023 1429 2081 103-105
1452 2019 1666 2101 [πάντοθεν-τῇ
1682 2019 1761 2100 iiii)
1777 2025 1910 2080 citantur

292 2123 385 2168 tamen
399 2122 548 2168 servarunt
566 2114 743 2188 interpretes.
757 2112 835 2168 Idem
855 2112 904 2168 fol.
923 2113 955 2168 31
980 2114 1068 2188 legit:
1117 2111 1263 2168 aPlatone
1283 2110 1374 2187 Sopb.
1395 2132 1426 2187 p.
1453 2117 1522 2180 nil,
1546 2111 1578 2179 E,
1602 2113 1749 2167 Aristotele
1775 2111 1815 2166 de
1833 2114 1905 2166 lllel.

292 2199 345 2255 οὐδ’
363 2199 385 2256 εἱ
400 2197 490 2277 χρόνος
505 2197 586 2258 ἐστίν.
599 2201 766 2256 Karstenius
786 2217 802 2254 a
823 2201 989 2256 Parmenide
1003 2204 1071 2257 seri·
1117 2198 1190 2257 Xon.
1206 2211 1235 2255 et
1252 2202 1341 2274 Gorg.
1353 2219 1417 2274 cap.
1431 2217 1460 2268 α,
1473 2197 1577 2253 Proeto
1594 2199 1695 2256 Theol.
1709 2201 1826 2256 Platon.
1846 2203 1903 2268 ΙΙΙ,

291 2298 372 2360 ptum
385 2305 442 2343 esse
454 2289 594 2342 existimat
604 2289 648 2342 vel
662 2285 720 2343 οὐδέ
730 2283 816 2363 χρεών
831 2286 886 2342 ἐστί
898 2307 934 2356 πη
949 2275 1017 2343 εἷναι
1026 2290 1071 2344 vel
1118 2303 1167 2354 uo,
1183 2304 1214 2359 p.
1231 2283 1295 2356 155,
1319 2285 1466 2360 Simplicio
1492 2285 1576 2358 Phys.
1599 2288 1624 2342 l.
1642 2286 1663 2344 f.
1685 2305 1731 2353 ιε,
1752 2304 1784 2352 a,
1806 2298 1838 2340 et
1862 2307 1907 2358 τῃ,

294 2371 352 2432 οὐδὲ
365 2373 449 2450 χρεών
463 2373 520 2431 ἐστι
533 2377 636 2442 νοῆσαι.
653 2378 689 2429 At
703 2375 773 2429 nihil
786 2373 963 2432 mutandum.
1116 2372 1146 2444 b,
1157 2372 1276 2426 Boethio
1292 2372 1406 2432 Consol.
1418 2373 1519 2446 philos.
1535 2373 1590 2441 ΙΙΙ,
1607 2371 1725 2428 Stobao
1741 2373 1807 2432 Ecl.
1826 2373 1852 2440 Ι,
1875 2373 1908 2427 15

333 2464 368 2519 V.
383 2480 432 2535 97.
445 2463 562 2518 Correxi
582 2457 667 2538 παρέκ
687 2480 742 2535 pro
757 2463 871 2536 vulgato
887 2459 969 2541 παρὲξ
989 2463 1070 2538 quod
1117 2476 1147 2531 p.
1163 2457 1238 2528 3523
1253 2469 1389 2533 praeterea
1399 2478 1495 2514 versus
1514 2461 1568 2518 103
1582 2470 1611 2514 et
1627 2467 1679 2526 τοί.
1694 2459 1856 2514 laudantur
1868 2461 1904 2514 ab

293 2545 358 2604 ante
373 2565 526 2605 consonam
541 2547 610 2604 ferri
624 2567 683 2604 non
697 2559 801 2621 potest.
1116 2546 1265 2600 Aristotele
1275 2547 1295 2604 l.
1311 2548 1332 2604 l.
1344 2565 1407 2620 cap.
1420 2552 1436 2611 θ
1447 2558 1476 2603 et
1493 2547 1598 2605 Proelo
1610 2549 1640 2600 in
1650 2547 1724 2604 Tim.
1733 2566 1767 2621 p.
1784 2547 1845 2601 160
1858 2547 1906 2600 ed.

333 2640 367 2694 V.
383 2636 433 2710 98.
449 2635 615 2692 atteruntur
625 2637 684 2691 brec
697 2634 966 2690 Parmenidisverba
979 2654 995 2692 a
1008 2639 1072 2693 Pla·
1116 2631 1179 2688 Bas.
1196 2633 1263 2686 item
1275 2651 1290 2687 a
1301 2630 1449 2708 Simplicio
1461 2636 1491 2688 in
1507 2635 1593 2691 Arist.
1607 2635 1691 2706 Phys.
1707 2633 1727 2692 f·
1744 2635 1845 2705 ²7,b;
1861 2634 1910 2688 de·

293 2737 361 2781 tone
376 2725 479 2780 Tbeaet.
499 2741 563 2798 pag.
589 2723 653 2792 180,
671 2725 739 2778 item
760 2741 777 2777 a
792 2721 940 2796 Simplicio
960 2725 989 2778 in
1006 2727 1074 2780 Ari·
1116 2720 1203 2793 nique
1217 2738 1349 2775 vemuum
1364 2727 1416 2786 ιοθ
1431 2732 1461 2776 et
1479 2719 1531 2778 105
1545 2717 1720 2777 dietumo'u'rs
1733 2741 1759 2776 τι
1771 2721 1907 2794 μεῖζον-

292 2823 357 2870 stot.
379 2813 463 2884 Phys.
476 2811 527 2869 fol.
545 2832 574 2884 7,
592 2830 623 2881 ες
646 2811 696 2870 iol.
715 2830 761 2886 19,
776 2827 804 2883 α,
819 2819 847 2864 et
866 2810 916 2868 sol.
935 2812 982 2879 31,
998 2813 1025 2868 b.
1042 2813 1073 2870 ln
1116 2802 1200 2882 χρεόιν
1213 2807 1267 2862 ἐστι
1279 2808 1414 2882 allegatur
1427 2825 1444 2864 a
1456 2806 1560 2865 Proelo
1581 2811 1609 2864 in
1625 2811 1753 2865 Parmen.
1769 2810 1805 2866 T.
1820 2811 1862 2864 1v
1875 2829 1903 2882 p.

293 2899 417 2954 Platonis
431 2898 511 2953 tibris
524 2909 669 2954 exaratum
687 2916 703 2953 a
717 2898 840 2952 librariis
854 2909 894 2952 est
909 2917 916 2952 :
936 2888 999 2957 Οἶσν
1016 2891 1074 2957 att.
1117 2893 1154 2949 ὃν
1168 2904 1197 2948 et
1210 2895 1297 2950 verba
1309 2893 1433 2968 μεσσόθεν
1448 2895 1570 2960 tronelli
1580 2907 1778 2952 memoramur
1789 2896 1828 2950 ab
1843 2899 1914 2950 Ari-¹

292 3007 370 3054 νητον
382 2983 479 3042 τελέθει
489 2986 528 3063 τῷ
541 2982 619 3042 παντλ
633 2982 705 3060 ὄνομ’
720 2972 797 3053 εἶναι,
816 2985 972 3060 eodemque
986 2990 1074 3045 modo
1118 2983 1218 3038 stolele
1230 2983 1316 3055 Phys.
1335 2982 1390 3055 ΙΙΙ,
1399 2984 1428 3052 6,
1442 2985 1547 3042 Proelo
1561 2985 1592 3039 in
1603 2982 1696 3039 Parm.
1707 2985 1740 3042 T.
1752 2985 1796 3040 1v
1805 3002 1839 3058 p.
1855 3003 1908 3039 12⁰

293 3074 369 3129 hunc
381 3092 493 3129 versum
511 3073 623 3129 exhibet
636 3071 797 3147 Simplicius
811 3073 831 3129 i.
846 3092 875 3144 7,
894 3092 920 3144 a,
930 3077 984 3129 nisi
995 3077 1074 3148 quod
1117 3069 1164 3127 ed.
1176 3069 1262 3128 Cous.
1279 3082 1362 3144 atque
1373 3071 1409 3126 ab
1424 3073 1485 3127 aliis
1498 3073 1696 3145 scriptoribus.

293 3167 346 3215 πᾶν
361 3161 468 3234 prabet
489 3179 543 3234 pro
564 3158 660 3230 παντὶ,
682 3161 731 3216 sed
744 3159 869 3216 secundo
882 3162 946 3217 loeo
961 3163 1072 3219 habet:
1157 3160 1190 3215 V.
1210 3157 1277 3215 103.
1300 3157 1480 3214 Parmenides
1502 3158 1618 3232 globum
1632 3157 1845 3230 perfectissima
1869 3157 1906 3211 fi-

294 3235 369 3303 οόλον
384 3244 505 3319 ἀκίνητόν
521 3249 544 3303 τ’
560 3237 775 3326 ἐμενοιιῷπάντ’
784 3244 866 3321 ὄνομα
881 3247 966 3322 Ιοτιιι,
982 3261 1009 3306 et
1020 3263 1075 3307 ter·
1118 3261 1188 3318 gnra
1212 3243 1363 3319 pmdifflm
1392 3245 1544 3300 arbitratus
1571 3245 1637 3300 hssic
1667 3263 1717 3300 ΟΜ
1742 3245 1905 3310 θὸὅὶῐῐῑῑὶίῑί

294 3323 438 3390 ιίοεοόλον
447 3331 567 3404 ἀκίνητόν
576 3334 599 3388 τ’
607 3323 789 3411 έμεναιῷπᾶν
800 3331 872 3407 ὄνομ’
882 3335 1021 3395 ἐστέν.ΙΙίε
1029 3358 1075 3395 ve·
1118 3349 1203 3404 quam
1227 3349 1286 3386 rem
1309 3328 1469 3404 Simplicius
1489 3329 1574 3405 Phys·
1600 3331 1618 3388 f·
1636 3330 1685 3403 3¹,
1701 3331 1732 3400 b,
1751 3323 1913 3404 P0²fic³mi

294 3423 383 3495 stigiis
395 3424 524 3478 insistens
532 3423 600 3478 olim
608 3423 808 3478 emendaverat
825 3415 1071 3484 Buttnrannusoiov
1118 3423 1262 3480 fictionem
1272 3444 1332 3480 uon
1345 3425 1487 3479 immerito
1496 3425 1620 3480 vocarit.
1633 3425 1681 3479 Ait
1690 3435 1786 3479 autem
1805 3425 1865 3481 :Ei
1881 3423 1908 3481 δέ

295 3507 416 3578 άκὶνητον
426 3508 554 3584 τελέθειν,
570 3496 679 3587 thudun
691 3508 764 3585 ὄνομ’
777 3496 854 3580 εἶναι,
871 3511 907 3567 ef.
923 3515 1072 3570 Heindorf.
1118 3508 1242 3566 εὐκύκλου
1258 3509 1371 3589 σφαίρης
1380 3507 1524 3588 ἐναλίγκιον
1547 3507 1617 3588 ὄγκῳ
1631 3507 1662 3566 τὸ
1679 3507 1747 3566 ἐνόν
1761 3531 1846 3588 φησι,
1869 3511 1906 3584 μὴ

294 3598 331 3654 ad
349 3597 419 3656 Plat.
440 3600 461 3654 Ι.
475 3619 515 3662 e.;
530 3598 579 3654 sed
598 3599 674 3654 idem
690 3609 787 3672 postea
811 3609 915 3654 mutata
938 3606 1075 3660 sententia
1118 3594 1262 3674 θαυμάσῃς·
1277 3595 1319 3653 nt
1336 3594 1388 3674 γάρ
1400 3595 1448 3666 τλν
1462 3594 1566 3666 ποίησιν
1578 3595 1624 3654 καὶ
1641 3597 1818 3674 μυθολογικοῦ
1839 3619 1912 3662 τινος

295 3687 349 3758 legi
362 3687 455 3741 voluit
473 3674 524 3742 οἱον
543 3683 664 3755 άκὶνητόν
680 3683 702 3741 τ’
722 3683 832 3760 ἔμεναι,
848 3687 886 3763 τῷ
907 3685 984 3743 πάντ’
1002 3687 1073 3766 ὄνομ’
1118 3681 1285 3761 ποράπτεται
1300 3682 1464 3759 πλάσματος.

295 3772 376 3829 ἐστίν.
397 3771 468 3829 Vide
482 3774 610 3846 (γιιοεὶιοο
626 3775 706 3830 dere
720 3774 873 3846 disputavit
893 3776 923 3829 in
938 3780 1073 3834 Auctario
1157 3775 1192 3831 V.
1211 3780 1277 3838 1⁰4·
1301 3775 1475 3846 Philoponus
1493 3775 1522 3828 in
1540 3775 1625 3830 Arist.
1652 3775 1733 3848 Phys.
1749 3775 1798 3830 111
1818 3797 1851 3851 p.
1873 3795 1908 3833 aa

295 3858 454 3915 animadvv.
467 3861 497 3914 in
510 3861 579 3918 Plat.
596 3863 686 3935 Gorg.
702 3871 731 3915 et
741 3862 848 3917 Theaet.
860 3880 926 3936 pag.
940 3863 1001 3920 506
1014 3884 1073 3938 seq.
1117 3865 1205 3919 verba
1225 3861 1349 3938 μεσσόθεν
1372 3861 1495 3929 ἰσοπαλές
1512 3877 1589 3920 reete
1603 3866 1643 3922 sie
1666 3869 1787 3942 exponit
1808 3887 1814 3922 :
1834 3869 1910 3926 Μεσ-

296 3945 457 4002 Karstenins
471 3946 562 4002 edidit
582 3964 590 4003 2
606 3937 659 4004 οἷον
678 3947 797 4018 ἀκίνητον
819 3945 930 4006 τελέθειν
945 3953 982 4028 τῷ
996 3951 1075 4008 παντὶ
1118 3953 1190 4013 σόθεν
1202 3943 1267 4012 εἱναὶ
1282 3976 1359 4034 φησιν
1374 3955 1512 4028 ἐσοπαλές,
1527 3953 1659 4014 τουτέστιν
1673 3955 1728 4016 icor
1743 3957 1776 4015 ἐκ
1791 3965 1842 4016 τοῦ
1857 3959 1907 4032 μέ·

296 4028 369 4103 ὄνομ’
385 4021 462 4088 εἶναι.
479 4033 549 4088 illibi
564 4036 706 4108 posterior
725 4038 889 4094 Buttmanni
903 4040 976 4093 ratio
992 4041 1075 4096 unice
1119 4063 1165 4101 σου
1183 4040 1344 4119 πανταχόθεν
1370 4041 1487 4119 ἀπέχον,
1512 4039 1556 4098 ἱνα
1571 4043 1706 4122 σριιιρινιόν
1728 4043 1797 4102 αὐτὸ
1823 4047 1909 4124 δείξῃ.

295 4120 436 4193 probatur
445 4131 564 4196 propter
574 4119 711 4195 Simplicii
725 4125 813 4180 verba
824 4126 858 4200 (f.
879 4144 907 4196 7,
919 4123 947 4199 a]
962 4141 969 4182 :
983 4123 1076 4195 ἀκόνη·
1118 4130 1198 4186 Idem
1211 4130 1291 4204 quod
1310 4131 1365 4186 hoe
1380 4131 1552 4187 Parmenidis
1567 4133 1632 4187 loeo
1646 4149 1662 4187 a
1675 4135 1797 4190 Platone
1811 4123 1911 4192 tradi-3

297 4226 340 4262 τον
349 4202 413 4260 αὐτὸ
428 4205 535 4280 ἐννμνεῖ
546 4206 591 4264 καλ
607 4205 684 4281 μόνον
697 4208 732 4273 ὡς
746 4207 851 4268 πάντων
865 4209 1033 4288 ἐξῃρημένον,
1046 4215 1076 4268 in
1119 4229 1166 4273 tur
1179 4220 1208 4273 in
1222 4221 1351 4278 Parmen.
1373 4239 1405 4293 p.
1422 4216 1489 4290 150,
1509 4221 1554 4275 E:
1572 4218 1627 4278 liei
1646 4216 1698 4294 μὴν
1723 4219 1768 4276 καὶ
1793 4221 1865 4277 αὐτό
1880 4243 1910 4294 γε

297 4292 401 4364 quibus
422 4291 499 4363 μόνον
521 4305 562 4350 est
575 4296 727 4368 explicatio
742 4299 821 4353 vocis
835 4286 902 4366 οἱον,
914 4295 960 4353 καὶ
981 4309 1075 4355 autem
1118 4303 1148 4364 τὸ
1161 4303 1188 4362 ἓν
1201 4303 1263 4384 πρὸς
1272 4304 1349 4364 ἑαυτὸ
1358 4303 1438 4371 οὕτως
1452 4307 1484 4363 ἂν
1499 4304 1564 4383 ἔχοι·
1578 4304 1644 4381 μήτε
1656 4303 1761 4383 μέγεθος
1777 4307 1806 4364 ἐν
1818 4309 1910 4386 ἐαυτῷ

295 4397 350 4452 μισ
363 4399 391 4435 τε
407 4381 515 4435 dietum
524 4423 533 4452 ‚
548 4393 580 4436 ut
599 4382 665 4438 inde
683 4387 842 4442 necessario
860 4386 897 4442 ad
908 4387 1075 4462 scripturam
1120 4391 1187 4466 μήτε
1198 4391 1361 4471 σμικρότητα
1369 4391 1429 4470 ἔχον
1443 4391 1496 4449 οὔτ’
1511 4391 1542 4449 θν
1550 4391 1703 4472 ὑπερέχοιτο
1713 4393 1767 4450 οὔτ’
1777 4394 1811 4451 ἂν
1821 4399 1910 4476 ὑπερ-

296 4463 319 4521 τ’
331 4463 423 4540 ἔθενθ’
434 4467 582 4526 ducamur·
1120 4477 1176 4558 έχοι
1190 4483 1297 4552 ἑαυτοῦ,
1315 4481 1372 4538 ἀλλ’
1384 4479 1409 4548 ἐξ
1420 4479 1477 4537 loon
1489 4475 1517 4538 θν
1532 4477 1586 4538 ἱσον
1596 4478 1628 4538 ἂν
1642 4477 1682 4551 εἱη
1694 4483 1791 4561 ἐαυτῷ.

341 4571 406 4609 roo.
423 4543 488 4611 rivel
501 4577 530 4612 τε
549 4553 594 4613 xci
609 4555 664 4613 οὗκὶ
682 4559 736 4614 Ιιοι·
758 4560 913 4618 ioeoidem
929 4563 1077 4625 serevalet
1159 4569 1192 4625 V.
1210 4567 1275 4625 105.
1292 4569 1348 4624 Pro
1367 4565 1471 4625 πελέναι
1493 4565 1656 4642 Simplicius
1678 4569 1699 4627 f.
1728 4589 1762 4625 ια
1789 4571 1910 4644 πελέμεν

297 4638 378 4710 quud
391 4637 525 4715 γίγνεσθαί
536 4664 564 4699 τε
579 4643 624 4702 καὶ
634 4641 769 4706 όλλυοθαι.
1120 4655 1205 4730 legit3
1227 4657 1367 4730 reliquam
1390 4657 1519 4712 lectionis
1540 4659 1722 4729 varietatem,
1744 4677 1812 4732 quse
1846 4662 1909 4716 sere

336 4729 369 4824 V.
388 4745 454 4783 roa.
479 4727 658 4787 Servavimus
672 4735 814 4808 vulgatam
830 4737 998 4810 scripturam
1019 4737 1076 4796 ἐπεὶ
1120 4745 1265 4817 scriptura
1280 4742 1475 4813 mandassent,
1492 4761 1638 4820 apponere
1650 4747 1842 4820 supersedeo,

298 4833 379 4886 cujus
397 4817 462 4871 loeo
485 4815 646 4874 Karstenius
664 4821 756 4877 edidit
767 4820 820 4878 ἐπί.
836 4821 865 4878 Si
881 4842 948 4880 sana
962 4836 1004 4881 est
1018 4827 1076 4882 hae
1159 4835 1193 4889 V.
1213 4830 1276 4887 106.
1298 4829 1443 4886 Sententia
1458 4828 1490 4886 τό
1503 4851 1546 4887 κεν
1560 4829 1632 4906 παόη
1652 4853 1697 4906 μιν
1716 4833 1852 4890 ἱκνεῖσθαι
1875 4821 1909 4900 εἰς

307 4905 524 4979 eeti0,primum
536 4907 612 4962 hune
622 4927 735 4966 versum
744 4913 870 4983 protasia
880 4930 937 4967 esse
950 4925 1075 4988 oportet,
1120 4913 1183 4990 θμόν
1208 4935 1226 4972 ει
1248 4918 1331 4972 nobis
1346 4920 1430 4972 metri
1451 4919 1540 4992 gratia
1560 4931 1589 4974 et
1609 4921 1648 4974 ob
1667 4919 1909 4993 subsequentium

298 4991 344 5044 cui
353 4995 503 5087 'sequentia
512 4995 600 5050 verba
617 5015 708 5070 usqne
728 4997 765 5053 ad
779 4995 866 5069 πάντη
883 5019 937 5074 pro
957 5002 1077 5074 apodosi
1119 5006 1273 5060 verborum
1291 5007 1449 5080 analogiam
1472 5017 1581 5062 mutata
1601 5005 1674 5063 ἰατά
1695 5027 1738 5063 κεν
1753 5006 1841 5066 nudor
1862 5025 1909 5084 μιν

298 5079 516 5155 subjunguntur.
539 5085 573 5138 ln
594 5083 648 5139 bae
674 5085 794 5160 apodosi
821 5085 997 5144 desideratur
1021 5089 1076 5147 ἐστέ
1120 5089 1269 5159 iniciaret<
1291 5090 1355 5166 θμόν
1369 5111 1459 5167 prope
1475 5093 1649 5150 tantumdem
1663 5104 1747 5150 sonat
1763 5081 1909 5168 quantuni

299 5166 378 5237 quod
405 5187 439 5223 eo
460 5170 570 5228 facilius
598 5171 747 5230 subaudiri
769 5184 880 5249 potest,
905 5179 972 5251 quia
994 5178 1075 5236 initio
1120 5201 1148 5239 ν.
1168 5199 1205 5256 79
1220 5178 1250 5239 τό
1263 5201 1306 5238 κεν
1317 5178 1396 5258 εἴργοι
1407 5201 1452 5259 μιν
1464 5177 1624 5257 ξυνέχεσθαι.
