3840 5924
264 411 301 462 ιθ
909 399 1218 463 COMMENTARIUS

262 533 462 594 librariorum
489 535 574 612 culpa
588 533 619 592 in
644 533 788 593 Eustathii
813 533 877 592 loco
895 533 1039 592 omittitur
1082 555 1154 606 τιον,
1168 531 1252 613 ταχύ,
1269 531 1386 614 άροινον,
1408 528 1499 614 ίγρίν,
1519 531 1615 612 ἐλαρον
1628 533 1740 610 νεογνόν.
1759 527 1870 601 Quam

262 621 329 692 ποτ’,
345 621 428 698 cujus
442 621 507 680 loco
526 623 557 678 in
572 621 689 680 hrsenii
704 621 781 679 libro
796 621 870 680 male
883 635 1037 681 exaratum
1083 621 1182 680 obrem
1200 639 1259 680 non
1277 621 1419 698 astipuler
1434 623 1597 691 Karstenlo,
1612 621 1644 678 in
1657 637 1744 678 versu
1758 619 1865 698 Empe-

263 722 305 768 est
318 700 390 768 αὖτ’.
402 709 459 766 Pro
475 705 567 787 κοῦρός
579 729 607 766 τι
622 706 686 788 κάρη
701 732 730 766 τι
742 710 841 785 plures
855 709 972 774 inverso
992 729 1040 767 or·
1083 706 1185 764 docleo
1201 703 1310 765 ίλλοπον
1325 705 1399 784 ἰχθύν
1418 718 1574 784 praepetem
1592 705 1700 784 piscem
1716 723 1779 764 esse
1797 723 1869 783 per-

262 798 332 855 dine
345 795 452 854 hahent
463 792 544 872 κούρη
555 817 585 856 τι
594 794 669 872 κόρος
680 818 724 868 τι,
736 809 768 853 ut
783 796 952 868 Athenaeus,
967 797 1041 856 Tho·
1083 791 1484 870 hibenti,siquidemrerhum
1495 790 1610 858 οαέλλδς
1621 803 1650 849 et
1659 795 1869 857 ποῦςοοιιτῑσαο

262 885 393 950 mistius,
419 881 567 959 Cyrillus,
603 883 814 955 Philostratus,
856 883 1038 959 Eustathius,
1062 849 1164 949 lvult,
1180 893 1213 938 ut
1237 899 1274 937 ex
1297 876 1422 947 illimus
1436 877 1600 938 breviatum
1623 877 1662 936 Sit
1686 877 1796 944 ἔλλοπος
1818 877 1867 935 Vel

261 971 378 1029 Suidas.
394 969 450 1026 Sed
466 969 559 1046 major
572 973 657 1028 etiarn
677 971 830 1048 scripturae
847 971 1041 1048 discrepantia
1063 919 1066 1027 ί
1083 970 1180 1042 potius
1194 967 1321 1044 ἐλλίπος,
1336 966 1484 1044 quomodo
1498 965 1606 1045 ἀρτίπος
1619 977 1649 1023 et
1663 963 1791 1030 ἐιλλίποτ
1801 964 1824 1024 i·
1837 985 1867 1022 e·

261 1059 293 1114 in
307 1057 400 1113 altero
412 1075 501 1114 versu
519 1069 572 1116 est.
586 1056 718 1116 Clemens
738 1069 767 1115 et
782 1059 922 1116 hrsenius
946 1061 983 1116 εἰν
996 1058 1041 1118 ἁλί
1063 1043 1066 1078 ²
1084 1052 1208 1133 ἀρτίπους
1224 1067 1252 1112 et
1267 1055 1411 1119 άιλλόπους
1424 1051 1567 1112 scribunt.
1580 1053 1651 1122 Quae
1663 1051 1741 1112 enirn
1757 1053 1793 1111 ad
1810 1053 1871 1110 lir-

262 1139 531 1218 ἐλλοποςςίὶγτίίίιιο
545 1144 583 1200 εἰν
601 1141 798 1222 ἇλίραίλιμοςς
812 1144 862 1202 alii
879 1145 915 1202 είν
934 1145 1041 1217 allval-
1084 1142 1217 1199 mandam
1246 1141 1320 1200 hanc
1341 1142 1504 1216 analogiam
1541 1147 1608 1218 apta
1633 1159 1696 1200 esse
1716 1141 1868 1198 existimat

262 1249 350 1306 χυτος,
376 1239 408 1285 ut
433 1240 552 1285 testatur
582 1226 770 1286 Casauhonus
795 1228 832 1287 ad
858 1229 1039 1293 hthenaeunr.
1084 1229 1216 1307 exempla
1233 1248 1337 1288 vocum
1358 1227 1466 1306 ἀρτίπος
1480 1241 1508 1287 et
1528 1227 1673 1300 ἀελλόπος,
1687 1227 1735 1287 his
1750 1241 1870 1287 eontra·

262 1313 394 1372 Laertius
404 1313 429 1381 ἐξ
445 1313 507 1381 ἁλὸς
521 1313 635 1393 ἔμπυρος
649 1314 729 1392 (cod.
745 1315 898 1395 ἔμπειρος);
911 1317 1040 1376 Athenaei
1085 1317 1160 1374 rium
1177 1317 1312 1378 efficitur.
1326 1317 1398 1375 Nam
1414 1315 1595 1394 quuminter
1610 1315 1690 1396 ἔλλοψ
1712 1328 1740 1374 et
1755 1314 1869 1384 ἔλλοπος

263 1402 346 1460 codd.
365 1400 393 1468 ἐξ
415 1400 477 1466 άλδς
496 1399 608 1480 ἔμπορος
631 1402 683 1477 (ut
706 1401 829 1475 Dina),
854 1401 965 1478 ίμπνοος
986 1405 1042 1480 (ιιι
1084 1421 1119 1459 ea
1143 1403 1302 1460 intercedat
1328 1405 1404 1461 ratio
1436 1423 1521 1480 qnam
1548 1403 1727 1480 metaplasmi
1746 1404 1870 1460 nomine

262 1486 347 1564 Cas.)
368 1487 411 1545 rel
428 1486 560 1566 ἐμπυρος;
582 1489 723 1564 Origenes
741 1509 800 1546 uno
824 1489 889 1548 loco
911 1487 1039 1571 ἔμπορος,
1084 1511 1235 1560 vocamus,
1251 1491 1277 1550 si
1292 1509 1323 1549 re
1335 1511 1405 1550 vera
1419 1487 1613 1555 ίλλοποςτιὶίιίί
1626 1501 1702 1548 esset
1721 1490 1779 1546 nisi
1791 1489 1868 1548 ἐλλά-

263 1574 354 1633 ιιίῑοτο
365 1573 492 1646 ἐλλοποςς
505 1575 735 1655 Olympiodorus
746 1575 859 1655 άμρορος
869 1575 1039 1656 (ἐμποροςλ);
1083 1601 1157 1646 πους,
1170 1579 1304 1636 similiter
1318 1575 1355 1635 ab
1366 1575 1474 1658 ἀρτίπος
1488 1589 1517 1634 et
1529 1575 1654 1640 ἀελλόπος
1668 1577 1787 1634 formari
1799 1597 1869 1654 pos-

262 1661 444 1738 Philoponus
457 1661 587 1738 ἐμπορος;
604 1661 769 1721 Eustathius
789 1661 916 1742 ἐμπνοος;
932 1665 1041 1724 Αιιιίιο-
1083 1679 1126 1724 set
1140 1665 1218 1746 άρτιψ
1230 1678 1257 1723 et
1268 1665 1376 1744 άίλλοψ,
1389 1683 1454 1742 quae
1465 1683 1558 1741 neque
1568 1664 1759 1722 inveniuntur
1771 1683 1868 1742 neque

262 1747 342 1824 logia
358 1749 462 1808 Bosch.
480 1747 612 1828 ἐμπυριςς
626 1748 774 1808 Cedrenus
792 1769 798 1804 :
815 1749 918 1829 ιιαίθηρ
936 1749 982 1808 καί
994 1751 1042 1810 θά-
1084 1773 1211 1830 unquam
1234 1753 1340 1811 usitata
1355 1751 1478 1810 luerunt.
1501 1751 1550 1810 Est
1568 1752 1658 1826 igitur
1678 1747 1770 1830 ἔλλοψ,
1786 1751 1867 1809 unde

262 1856 325 1907 μνος
338 1835 382 1893 καὶ
391 1835 421 1912 ἐξ
436 1835 497 1902 άλδς
511 1835 622 1910 ἐμπνοος
633 1835 716 1914 ἰχθύς.
733 1835 866 1913 Denique
876 1857 930 1915 pro
944 1837 1040 1912 θάμνος
1084 1839 1191 1906 ἔλλοπος
1206 1841 1347 1914 manarit,
1362 1857 1467 1896 nomen
1484 1839 1656 1916 primarium
1671 1837 1750 1915 quod
1766 1856 1803 1895 ex
1819 1839 1868 1896 ἐλ-

261 1920 287 1978 τ’
305 1921 394 1989 οίωνάς
409 1946 437 1982 τι
449 1925 585 1983 nonnulli
603 1937 675 1983 teste
689 1925 805 1984 Oleario
819 1925 849 1983 in
866 1925 1004 1984 Philostr.
1018 1929 1039 1985 l.
1083 1927 1127 1994 λός
1141 1941 1170 1986 et
1183 1927 1217 2007 δψ
1237 1927 1390 1985 conflatum
1406 1926 1459 1985 vix
1479 1927 1563 1985 aliter
1580 1925 1764 2004 interpretari
1781 1927 1866 1996 licet,

261 2029 289 2069 c.
305 2009 439 2087 πτιίιμενος
455 2009 544 2078 οίιονάς
561 2034 609 2083 τε,
627 2025 656 2071 et
668 2032 724 2090 pro
739 2011 891 2092 ίμποροςλ,
907 2015 1041 2074 Kuhnius
1085 2035 1171 2092 quarn
1196 2035 1213 2073 a
1239 2014 1397 2071 Plutarcho
1416 2013 1518 2091 Symp.
1545 2011 1625 2084 l'lll,
1651 2015 1668 2069 8
1695 2012 1866 2091 (vot-vm

261 2097 292 2152 in
313 2097 404 2155 laert.
422 2099 441 2155 l.
458 2099 479 2156 l.
503 2101 578 2158 male
596 2099 721 2177 conjecit
745 2098 845 2177 ἔμπυος
871 2103 954 2179 ἰχθύς,
975 2102 1040 2162 Janr
1085 2123 1114 2179 p.
1131 2124 1186 2179 9⁰7
1203 2101 1249 2160 ed.
1267 2101 1505 2178 Reishlaliisque
1518 2102 1623 2160 sactum
1636 2113 1695 2175 est,
1708 2102 1758 2178 qui
1770 2102 1867 2178 pisces

262 2185 480 2260 quodSturzius
493 2207 528 2244 ex
538 2187 592 2246 hac
604 2196 683 2246 tanla
693 2187 827 2246 lectionis
838 2191 976 2248 varietate
985 2194 1043 2250 col·
1085 2209 1101 2246 a
1115 2192 1208 2267 poetis
1224 2191 1278 2246 hoc
1292 2187 1437 2246 vocabulo
1452 2202 1571 2267 propter
1585 2187 1701 2266 άριανίαν
1716 2188 1866 2263 designari

262 2272 349 2346 legit,
373 2272 420 2331 bis
441 2285 522 2332 terne
546 2274 600 2333 hos
624 2277 786 2334 versiculos
807 2275 845 2334 ab
867 2277 1042 2354 Empedocle
1084 2276 1272 2335 contendunt.
1285 2275 1435 2332 Postremo
1448 2275 1636 2333 sententiaarl
1649 2279 1813 2333 animorum
1828 2295 1866 2334 ex

261 2360 443 2419 carminibus
460 2361 586 2420 intextos
603 2381 680 2432 esse,
703 2362 732 2420 id
755 2363 827 2421 mihi
852 2367 934 2423 nullo
956 2380 1040 2444 pacto
1084 2365 1149 2422 aliis
1163 2366 1195 2421 in
1217 2362 1275 2421 alia
1294 2381 1416 2440 corpora
1440 2361 1642 2436 migrationem
1658 2374 1789 2440 spectans
1805 2383 1865 2422 non

264 2445 414 2523 probatur.
431 2447 501 2505 Nam
520 2451 653 2526 plerique
667 2469 767 2508 omnes
781 2452 937 2530 scriptores
951 2453 1040 2512 verba
1085 2451 1222 2510 abhorret
1232 2471 1248 2509 a
1258 2451 1600 2528 Pythagoraepraeceptis,
1614 2469 1698 2527 quem
1714 2448 1762 2506 Jo.
1774 2449 1866 2527 Chry·

262 2533 453 2608 Empedoclea
485 2537 651 2594 memoriter
676 2537 838 2597 laudarunt.
873 2539 1041 2602 Karstenius
1084 2539 1324 2598 sostomusllom.
1342 2539 1370 2597 ll
1392 2538 1543 2609 inloann,
1564 2549 1659 2596 eat.
1683 2535 1750 2594 lllll
1773 2558 1804 2615 p.
1831 2557 1865 2595 ro

263 2639 323 2678 non
338 2621 423 2698 plane
438 2621 552 2700 rejicit:
569 2624 606 2680 τίν
621 2621 666 2681 tlt
680 2624 802 2702 ἔμπορος,
818 2625 848 2682 id
863 2638 906 2683 est
919 2630 1041 2704 propria
1085 2627 1187 2686 lllontl.
1205 2626 1310 2684 horum
1322 2644 1458 2683 versuum
1473 2625 1585 2682 ratione
1605 2624 1704 2681 habita
1717 2643 1782 2681 cum
1799 2623 1865 2680 Em·

264 2707 479 2782 significatione
492 2707 631 2788 άλίπορος,
646 2709 769 2776 δλίπλοος
785 2716 872 2771 araris
884 2719 1038 2787 navigator.
1083 2715 1205 2792 peducle
1218 2728 1324 2771 temere
1337 2713 1478 2771 confudit.
1495 2711 1543 2769 Sic
1557 2725 1651 2769 autem
1665 2711 1705 2769 ait
1719 2733 1726 2768 :
1740 2709 1865 2788 Πυθαγό-

262 2793 319 2851 Sed
329 2794 380 2851 vix
392 2793 514 2853 dubium
529 2809 587 2867 est,
600 2795 672 2873 quin
690 2795 877 2874 Empedocles
891 2799 1041 2877 scripserit
1085 2824 1130 2880 ρας
1140 2801 1167 2859 δὲ
1181 2800 1228 2872 τὴν
1241 2799 1367 2877 μεγίστην
1380 2797 1499 2858 Ἑλλάδα
1514 2797 1673 2857 serutatur
1687 2797 1733 2856 καί
1742 2797 1866 2873 γοητείας

262 2884 301 2938 τίν
318 2880 363 2938 ἁλὶ
375 2881 500 2959 ἔλλοπος,
514 2884 592 2960 quod
608 2897 640 2942 ut
652 2884 766 2942 doctius
777 2884 949 2943 vocabulum
963 2900 1042 2946 tucn·
1084 2887 1212 2954 ἐπιδείξας
1226 2885 1281 2957 ιίδη
1303 2884 1481 2962 μυρία....καί
1497 2884 1648 2963 ἀνθρώπους
1668 2887 1684 2943 ά
1705 2885 1741 2951 εὶς
1763 2883 1866 2951 διδάξαι

263 2979 310 3024 tur
334 2968 513 3046 Stephanus,
542 2971 681 3046 Scaliger,
711 2971 843 3031 Sturzius
868 2985 953 3050 atque
977 2976 1041 3053 ipse
1082 2975 1181 3030 τιτῶν
1206 2971 1361 3051 χρησίμων,
1388 2972 1539 3031 ἐπαίδευσεν
1555 2970 1594 3028 ὅτι
1617 2909 1724 3042 ’ίαονίίν
1748 2971 1864 3048 κυάμους

265 3054 444 3117 Keraunios.
468 3057 511 3116 De
526 3061 667 3117 sententia
685 3057 740 3117 sub
754 3057 810 3117 hoc
832 3063 949 3119 nornine
968 3063 1039 3121 sub·
1084 3065 1176 3138 φαγεῖν
1194 3061 1239 3119 καί
1256 3061 1302 3126 τδς
1320 3065 1372 3118 τῶν
1385 3058 1585 3136 γεννησαμένιον
1601 3057 1730 3140 κεφαλάς·
1745 3059 1792 3117 καί
1805 3061 1866 3125 τοὺς

261 3141 338 3219 jecta
357 3157 438 3204 vetus
450 3145 646 3204 controversia
661 3159 715 3206 est.
729 3146 800 3205 Nam
813 3149 858 3206 vel
874 3149 931 3227 ipsi
947 3151 1040 3226 pisces
1084 3149 1206 3213 συνόντας
1219 3148 1332 3219 ἔπειθεν,
1353 3143 1392 3205 ίίτι
1408 3147 1468 3219 ἕλη
1484 3151 1530 3204 τοῦ
1543 3145 1702 3204 διδασκάλου
1715 3144 1790 3226 ψυχὴ
1800 3147 1864 3205 ποτὲ

262 3243 406 3289 vocantur
422 3233 530 3300 ίλλοπες
553 3246 584 3291 ut
607 3234 684 3310 apud
707 3233 883 3292 Nicandrum
903 3237 1037 3313 Alexiph.
1086 3235 1132 3308 μὲν
1152 3235 1250 3311 θάμνος
1268 3233 1387 3310 ἐγίνετο,
1403 3233 1466 3291 ποτὲ
1488 3232 1514 3290 δέ
1538 3231 1698 3310 κόρη,ποτέ
1725 3233 1752 3290 δέ
1779 3235 1863 3312 ἰχθύς.

261 3335 289 3372 v.
308 3319 362 3385 tur
384 3337 414 3395 p.
436 3321 489 3388 154
511 3319 558 3378 ed.
579 3318 686 3396 Lehrs,
699 3323 746 3380 vel
770 3321 852 3404 ἔλλοψ
867 3323 944 3398 (haec
961 3325 1038 3382 enim
1085 3323 1162 3381 ldem
1177 3321 1294 3380 effatum
1313 3321 1510 3400 perstringunt
1528 3321 1652 3379 Basilius
1666 3319 1704 3377 hl.
1723 3320 1862 3379 llexaenr.

261 3403 391 3482 vulgaris
407 3405 498 3464 forma
520 3407 581 3486 est)
600 3427 654 3486 pro
676 3409 822 3487 adjectivo
836 3412 987 3490 accipitur,
1008 3427 1040 3472 ut
1085 3409 1163 3480 lllll,
1177 3431 1193 3466 a
1207 3423 1225 3467 t.
1242 3409 1254 3466 l
1275 3427 1302 3486 p.
1319 3429 1367 3480 71.
1386 3407 1489 3466 Bened.
1507 3406 1638 3465 llermias
1650 3405 1734 3468 lrris.
1750 3407 1862 3467 (lentii.

260 3493 299 3549 sit
312 3507 403 3550 ιιιαιιισ
421 3495 484 3553 sive
503 3516 572 3552 voce
587 3501 755 3564 interclusus,
779 3497 915 3574 ίλλομίνην
929 3500 974 3558 καί
989 3522 1037 3557 κα·
1084 3517 1112 3575 p.
1129 3495 1465 3570 176133Termttian.de
1480 3495 1576 3554 haim.
1589 3515 1615 3554 c.
1634 3495 1681 3555 ia.

260 3582 432 3659 θειργομίνην
450 3580 499 3652 τὴν
514 3581 567 3640 ὄπα
587 3583 672 3661 ἔχων,
697 3588 749 3662 qui
764 3587 943 3660 significatus
964 3590 1039 3647 inter
1122 3585 1188 3644 Vss.
1204 3586 1293 3652 13-11.
1314 3595 1427 3641 exstant
1446 3582 1523 3660 apud
1536 3581 1732 3660 Porphyrium
1747 3581 1784 3640 de
1803 3583 1864 3641 hb-

260 3669 415 3747 plerosque
430 3672 588 3748 scriptores
604 3674 748 3731 convenit.
765 3673 824 3732 Alii
840 3673 951 3740 ἐλλοπας
967 3677 1039 3754 ἰχθῦς
1083 3675 1151 3730 stin.
1170 3672 1207 3746 ll,
1223 3673 1255 3728 31
1274 3691 1303 3748 p.
1324 3674 1374 3728 161
1399 3669 1496 3727 llhoer.
1520 3669 1585 3738 Quo
1600 3670 1647 3728 die
1663 3671 1789 3747 primum
1803 3690 1865 3728 ma·

258 3777 421 3829 ,rqrmmosos
430 3778 495 3816 esse
511 3760 614 3817 volunt
628 3759 670 3818 eu
684 3761 714 3818 αδ
729 3752 795 3818 εἶναι
805 3762 955 3822 λεπιδωτοί.
967 3765 1040 3822 Con·
1066 3815 1067 3820 ,
1083 3773 1164 3818 etatae
1173 3757 1570 3832 victimaecarnihusgustatis
1580 3775 1611 3815 se
1622 3757 1785 3834 polluisset,
1796 3775 1864 3813 eum

261 3845 303 3898 lin·
320 3845 399 3914 lpcos
416 3846 447 3903 in
468 3846 626 3904 l‘arisiensi
651 3847 785 3906 thesauro
800 3849 936 3908 collectos
950 3863 979 3908 et
991 3851 1040 3910 in·
1083 3849 1158 3906 diem
1173 3847 1303 3904 omniurn
1319 3844 1376 3904 sihi
1396 3844 1537 3904 malorum
1554 3844 1670 3902 initium
1690 3844 1780 3902 luisse
1795 3844 1865 3900 Enr-

260 3943 402 4008 terpretes
425 3932 561 4010 llesychii
577 3954 599 3992 s.
615 3934 645 3993 h.
663 3957 693 3992 ν.
713 3935 751 3994 ht
766 3951 842 3995 recte
855 3937 1040 4000 Casauhonus
1085 3933 1219 4013 pedocles
1229 3931 1534 4010 conqueritur·Q¹¹³f0
1542 3930 1603 3989 1¹³0
1611 3930 1700 3989 verb!
1709 3951 1775 4008 ‘1¹¹ae
1783 3931 1866 3988 Stur-

260 4017 296 4073 αθ
320 4019 421 4082 arhen.
436 4018 488 4077 vtt
505 4041 534 4099 p.
553 4022 609 4080 308
629 4022 651 4079 B
672 4022 836 4083 observavit
848 4023 966 4084 ἴλλεσθαι
980 4047 1038 4086 non
1082 4023 1146 4079 zius
1168 4019 1205 4078 nd
1219 4017 1371 4098 καθαρμοὺς
1384 4017 1533 4096 pertinere
1548 4030 1628 4077 ratus
1643 4031 1686 4076 est
1704 4031 1769 4075 eum
1789 4017 1866 4075 Kar-

261 4107 382 4185 proprie
402 4109 568 4181 significare
589 4107 736 4188 είργεσθαι,
751 4111 873 4188 ideoque
893 4112 999 4181 ἔλλοπες
1013 4117 1037 4174 si
1083 4109 1176 4168 stenio
1196 4108 1227 4166 iu
1241 4107 1319 4166 hunc
1341 4107 1437 4166 locum
1460 4105 1612 4178 transtuli,
1628 4105 1680 4164 ubi
1694 4117 1780 4183 poeta
1794 4125 1862 4162 cunr

259 4193 355 4250 valeat
365 4195 441 4252 idem
454 4197 531 4271 quod
543 4195 641 4274 ἄρωνοι
653 4199 751 4274 potius
762 4201 964 4276 exponendum
976 4221 1038 4262 esse
1083 4197 1261 4274 reliquorum
1272 4199 1420 4270 geniorum
1430 4205 1506 4252 sorte
1514 4213 1594 4252 suant
1604 4194 1696 4271 ipsius
1708 4195 1802 4251 vicem
1813 4193 1864 4251 de-

157 4343 164 4348 ·
260 4280 373 4346 ἐλλιπεῖς
383 4279 430 4352 την
443 4281 508 4342 ἐπα.
524 4283 589 4342 Non
602 4283 686 4342 aliter
699 4285 857 4361 llesyclrius
869 4290 920 4363 qui
933 4289 1038 4358 ἔλλοπας
1082 4283 1187 4360 plorat.
1202 4282 1303 4359 Neque
1318 4294 1411 4339 tamen
1426 4280 1606 4339 Sturzianam
1623 4281 1768 4368 rationem(
1777 4299 1864 4358 pror·

259 4368 467 4444 interpretatur
477 4369 639 4436 ἐλλείποντες
649 4373 697 4441 τῆς
706 4370 784 4447 ὀπός,
797 4372 929 4431 τουτέστιν
942 4374 1037 4454 ἄρθογ-
1083 4390 1131 4430 sus
1145 4369 1306 4447 rejecerim.
1319 4369 1399 4427 Nihil
1413 4381 1581 4446 corruptum
1594 4381 1637 4426 est
1649 4368 1679 4425 in
1697 4367 1863 4445 posteriore

233 4471 238 4478 ·
260 4475 319 4530 γοι,
333 4455 441 4536 άριονοι.
458 4455 525 4515 llaee
535 4457 677 4516 derivatio
690 4479 749 4517 non
759 4460 843 4518 valde
854 4463 954 4520 arrisit
964 4463 1038 4522 Kar-
1082 4479 1191 4519 versu:
1207 4457 1268 4537 πρίν
1288 4457 1387 4536 σχέτλι’
1403 4457 1467 4535 ἔργα
1483 4461 1563 4537 βορᾶς
1576 4455 1637 4533 περὶ
1653 4455 1755 4536 χθίλῑΰῑ
1775 4455 1864 4532 μηῖἶ·

259 4542 354 4599 stenio
371 4543 421 4620 qui
434 4563 535 4602 vocem
548 4545 769 4622 Empedocleam
784 4567 848 4606 eum
862 4549 1038 4610 Schneidero
1082 4551 1188 4606 σασθαι.
1204 4545 1345 4603 Similiter
1369 4545 1399 4603 in
1415 4543 1521 4621 Odyss.
1546 4541 1598 4602 lib.
1616 4541 1668 4600 llll
1687 4565 1714 4619 ν.
1729 4543 1785 4615 373
1800 4544 1824 4602 οί
1839 4544 1863 4600 δ’

260 4630 291 4686 in
307 4629 376 4689 lex.
390 4630 443 4690 (ir.
458 4629 495 4689 alt
510 4631 584 4698 ίλλάς
595 4633 640 4690 vel
652 4630 725 4700 ἐλλάς
739 4634 836 4706 ducit,
848 4635 1039 4713 quodcogna·
1083 4635 1170 4714 ἕταροι
1185 4632 1253 4712 μάγοι
1274 4633 1349 4712 ἔργον
1370 4632 1529 4709 ἐμητίσαντο
1552 4632 1679 4708 μένοντες.
1701 4631 1750 4689 Est
1767 4644 1863 4689 autern

260 4730 320 4774 tum
336 4731 380 4776 est
393 4718 494 4778 verbis
509 4717 591 4792 ἐλάω,
606 4719 685 4779 ellada)
701 4733 730 4779 et
743 4722 839 4782 ἐλίσσω
850 4728 931 4791 volco,
948 4733 1035 4798 τιμίου.
1082 4721 1156 4801 ἔργον
1173 4721 1302 4800 μητίομαι
1317 4729 1346 4778 in
1365 4736 1483 4779 mentem
1508 4723 1579 4778 mihi
1599 4728 1673 4776 uenit
1692 4726 1866 4776 committere

259 4805 354 4881 Atque
366 4805 396 4863 in
410 4805 539 4884 Odyssea
549 4811 585 4879 T,
601 4810 658 4866 ολδ
669 4809 741 4875 ἐλλιίς
751 4824 872 4870 vocatur
882 4813 1038 4874 hinnuleus
1074 4811 1202 4884 facinus,
1212 4811 1332 4884 facinus
1343 4817 1444 4868 molior
1455 4825 1483 4867 et
1497 4818 1605 4886 incepto
1614 4812 1659 4867 vel
1668 4807 1865 4865 redemerat«

258 4891 624 4970 propteragilitatem.Sed
635 4896 711 4974 apud
723 4895 895 4973 Sophoclem
905 4899 1035 4974 Aj.1297
1081 4921 1151 4975 opas
1172 4903 1331 4976 aggredior.
1361 4898 1457 4968 Quum
1478 4912 1574 4958 autem
1600 4917 1659 4956 non
1688 4897 1865 4974 simpliciter

260 4977 309 5039 Br.
322 4993 389 5036 stant
399 4981 448 5057 qui
458 4981 540 5046 ἐλλοῖς
552 4981 639 5060 ἰχθύσι
651 4983 687 5040 ιίο
698 4983 864 5058 velocibus,
877 4985 926 5042 alii
940 4985 1038 5062 quide
1051 5047 1054 5052 ,
1082 4985 1146 5065 ἐργα
1158 4987 1332 5064 μητίσασθαι,
1346 4986 1396 5044 οοιί
1408 4985 1471 5064 ἔργα
1487 4989 1565 5065 βορᾶς
1580 4983 1741 5061 μητίσασθαι
1754 4985 1865 5042 dixerit

260 5065 1037 5149 nrutisinterpretentur.llucacceditquodllesychius
1083 5073 1287 5152 Empedocles,
1310 5095 1369 5132 non
1391 5087 1452 5131 erat
1475 5073 1554 5150 quod
1577 5073 1746 5130 Karstenius
1761 5070 1864 5150 χείλεσι

259 5152 333 5213 ίλλόν
347 5174 409 5214 esse
423 5154 493 5216 dicit
506 5157 616 5236 ἀγαθόν,
629 5159 741 5233 γλαυκόν
770 5158 1034 5238 χαροπάν,ἐνθαλάτ-
1084 5165 1244 5240 μητίσασθαι
1260 5161 1466 5220 inconcinnum
1483 5159 1628 5238 judicaret
1647 5161 1816 5237 pariterque
1832 5159 1863 5218 in
