3776 5926
761 401 941 462 orentes.

67 552 93 592 10
107 534 172 593 Οὐδ’
182 531 213 591 ἀν
227 531 352 610 Ἰφίκλοιο
366 531 491 611 θοώτερος
503 523 569 610 αἶψα
584 531 707 608 γένηται,

104 621 163 678 ὀστε
176 618 222 677 καλ
233 619 410 699 ἀνθερίκεοσιν
422 620 574 698 ἐπέτρεχεν,
583 619 642 678 οὐδέ
650 641 678 677 τι
688 619 788 699 καρπὸν

106 710 193 781 πίνετ’,
212 708 315 786 ἀήσυρα
330 715 390 784 γυῖα
405 705 489 788 φέρων
504 707 547 765 inti
561 705 634 778 λήϊον
648 699 722 767 αόον.

146 831 236 905 (Idem
249 834 268 888 1.
283 852 310 888 ο.
323 853 354 907 p.
376 833 412 888 26
430 853 436 887 :
453 831 506 890 lint
520 831 589 890 κατά
606 831 778 912 μετάφρασιν,
793 835 828 899 ὡς

103 917 146 989 τὸ,
159 919 212 976 οόδ’
226 915 260 986 ἢν
273 917 398 1002 Ἰφίκλοιο
410 915 533 997 θοώτερος
548 920 668 989 αὒδάζοιο
681 922 828 995 (Ilaximus

101 1009 180 1082 apud
194 1010 359 1066 Fabricium
373 1009 446 1067 Bibl.
467 1009 555 1066 Graec.
568 1011 634 1066 Vol.
648 1012 714 1066 VIII
729 1030 757 1083 p.
770 1010 827 1076 418

100 1115 147 1151 rs.
168 1105 225 1160 lm
247 1093 381 1172 αὖγάζοιο)
400 1096 458 1151 κτλ.
475 1099 520 1154 Vs.
546 1115 581 1153 ra
598 1099 636 1152 sic
656 1098 826 1153 exhibetur:

102 1183 204 1248 Σίνετ’,
215 1181 319 1260 ἀήσυροι
330 1181 430 1260 ἐλαφρέι
444 1189 505 1260 γυῖα
519 1181 603 1261 φέρων
615 1182 658 1240 ieri
671 1181 743 1251 λήϊον
757 1173 828 1241 αὖον.

100 1271 162 1326 Sed
175 1269 277 1348 ἐλαφρὰ
287 1272 568 1344 interpretamentum
584 1282 626 1326 est
642 1271 721 1344 quod
736 1272 829 1326 Muxi-

100 1378 168 1414 mus
182 1362 300 1417 omittit.
315 1360 409 1432 Quum
422 1377 516 1432 ireque
531 1357 652 1425 αὖδάζσισ
668 1377 761 1432 neque
778 1359 828 1414 αό-

100 1447 194 1520 γάζοιο
208 1449 279 1503 ferri
297 1459 397 1521 queat,
410 1465 450 1501 νε.
472 1465 506 1501 ro
528 1447 716 1520 probabiliter
729 1466 828 1502 emen-

100 1533 186 1590 dasse
207 1535 311 1590 videor
333 1533 485 1590 scribendo
511 1523 576 1611 αἶψα
600 1531 719 1609 γένηται.
744 1535 827 1590 Cotti.

100 1623 191 1676 Hom.
214 1622 298 1680 Iliod.
323 1623 375 1678 lib.
396 1621 452 1680 XX
474 1641 516 1679 τε.
537 1621 671 1678 anfi-228
693 1632 721 1677 et
741 1623 826 1679 Orid.

101 1709 296 1783 Metamorph.
314 1709 365 1763 lib.
382 1709 410 1766 X
424 1727 466 1766 rs.
481 1706 639 1781 oio-655.)

396 1835 482 1896 LVII.

100 1956 171 2024 Ὧδε
184 1963 235 2044 γάρ
249 1964 279 2022 ἂν
290 1963 380 2042 μίμνοι
392 1965 503 2046 καθαράς
514 1988 543 2022 τε
555 1965 619 2042 (καὶ)
632 1965 743 2043 ἐμπλεος
754 1969 829 2040 οἰνος,

99 2053 204 2129 ἥδυμος
215 2051 313 2124 εὐώδης
325 2074 366 2108 τε·
382 2051 460 2110 κσλδν
475 2054 497 2109 δ’
510 2051 565 2119 ἐτος
580 2054 636 2113 ἐστὶ
645 2055 746 2134 φυτείη.

149 2179 356 2254 (IacuesExeg.
367 2195 398 2250 p.
410 2195 463 2247 1²7
479 2173 530 2234 :‘0
537 2175 648 2243 παλαιδς
656 2177 707 2256 γὰρ
719 2178 829 2260 Ὀρφεύς

100 2267 151 2337 ἀφ’
164 2255 245 2342 οὗπερ
258 2265 272 2320 θ
286 2262 347 2336 ἐμὸς
357 2267 468 2340 χρυσοῦς
477 2259 599 2342 Ὅμηρος
612 2267 647 2331 ὡς
657 2267 829 2346 ἀνθεμουργός

100 2352 220 2426 μέλισσα
233 2354 282 2428 (sic
295 2351 347 2426 leg.
360 2371 415 2427 pro
428 2349 566 2427 μέλισσαν)
577 2351 662 2410 πολλὰ
674 2353 738 2423 ἄνθη
757 2358 827 2414 ἐπῶν

99 2439 283 2518 ἀπεδρέβατο,
302 2439 327 2495 ἐν
352 2445 409 2503 ταῖς
429 2441 521 2497 ἐαυτοῦ
546 2441 774 2520 ὀωδεκαετηρίσιν,
800 2445 827 2502 οὗ

99 2528 220 2602 νήδυμον
238 2525 316 2606 φησὶν
331 2523 399 2592 ἀλλά
421 2525 533 2605 ἥδυμον,
556 2524 640 2605 λέγων
653 2530 762 2587 οὑτωσί·
778 2523 828 2590 din

99 2612 156 2688 γὰρ
179 2611 211 2668 ἂν
226 2613 318 2687 μίμνοι
333 2615 393 2671 κτλ.
408 2615 519 2671 inserui
534 2615 579 2672 καὶ
599 2635 664 2672 cum
684 2618 827 2676 Lobeclrio

102 2703 247 2775 Aglaoph.
259 2713 280 2756 t.
293 2703 347 2776 lp.
362 2700 443 2778 424.)

100 2821 170 2882 Οὐδ’
184 2821 219 2887 ὥς
235 2843 268 2898 με
280 2821 375 2898 γλυκὺς
389 2821 467 2888 ύπνος
481 2823 512 2901 ἐᾷ
530 2822 696 2902 βλεφάροισιν
712 2824 806 2901 ἰαύειν,

101 2909 247 2984 ἱστάμενος
257 2909 280 2968 θ’
291 2909 401 2975 ἁπαλοῖς
411 2912 436 2968 ἐν
449 2909 563 2988 ὀνείρασι
570 2909 660 2977 νυκτὸς
671 2913 710 2970 ἀν’
719 2911 825 2991 ὄρφνην.

144 3037 297 3108 (Tznuesl.
310 3055 336 3092 c.
348 3055 354 3090 :
367 3033 421 3093 Καὶ
432 3035 548 3112 ἀλλαχοῦ
560 3034 638 3092 πάλιν
646 3035 737 3114 φησίν·
749 3033 828 3095 ύπνον

99 3123 126 3187 ὃς
139 3125 189 3179 τάκ
202 3123 232 3201 ἐᾷ
249 3143 281 3195 με
291 3119 365 3197 λιγύν
375 3121 418 3177 ἐπὶ
433 3123 599 3199 βλεφάροισιν
610 3122 703 3193 ἰαύειν,
717 3121 828 3198 ἱστάμε·

99 3232 141 3274 νος
157 3209 275 3274 ἁπαλοῖς
292 3210 318 3264 ἐν
334 3206 461 3286 ὀνείρασιν
478 3205 509 3266 ἀν
522 3216 610 3264 πᾶσαν
628 3207 734 3287 ὄρφνην.
746 3209 787 3269 Τὸ
802 3209 827 3267 δέ

98 3296 175 3373 λιγὺς
194 3294 290 3353 ταυτόν
313 3297 367 3353 ἐστι
386 3299 423 3372 τῷ
447 3293 554 3370 ἥδυμος.
582 3300 684 3353 Versus
706 3317 828 3372 quorum

98 3387 245 3441 sententia
261 3384 349 3439 dubio
363 3401 422 3439 esse
436 3402 495 3437 non
505 3395 607 3457 potest,
624 3387 704 3441 nullo
714 3389 828 3461 negotio

99 3474 228 3530 restitui.
242 3474 275 3531 In
284 3474 317 3526 iis
326 3491 388 3544 quae
395 3469 420 3526 T
421 3483 508 3526 netzes
519 3471 762 3546 subjungitverbis
775 3495 829 3550 pro

99 3559 130 3614 τὸ
145 3557 175 3614 δέ
194 3555 267 3634 λιγὺς
282 3570 403 3633 apparet
414 3555 443 3614 τὸ
464 3557 491 3615 δέ
511 3556 606 3633 γλυκὺς
626 3564 728 3634 reponi
744 3581 829 3637 opor-

100 3648 188 3722 tere)

63 3780 74 3817 t
103 3761 137 3819 Ei
153 3759 205 3836 μέν
221 3757 272 3838 γάρ
283 3757 417 3838 στείχῃσιν
430 3758 471 3816 ἐπ’
487 3760 597 3841 ἀρνειοῒο
607 3761 683 3822 tinnio.

142 3885 297 3956 (Tzetzesl.
309 3903 334 3940 c.
344 3904 373 3957 p.
386 3883 421 3940 33
432 3905 438 3939 :
454 3883 528 3942 Καὶό
541 3883 666 3962 Ὀρφεύς·
681 3882 713 3944 Ἠ
724 3883 771 3959 μέν
781 3884 831 3962 γὰρ

100 3976 162 4031 κτλ..
181 3972 367 4027 Scribendum
384 3973 406 4028 εί
428 3970 475 4046 μέν
489 3971 551 4048 γὰρ.
567 3975 704 4032 Caeterum
727 3993 830 4049 agnum

48 4133 78 4181 lle
87 4135 122 4181 sic
138 4133 251 4195 quidem,
266 4134 285 4182 si
296 4133 375 4182 statim
388 4134 478 4194 lplriclo
488 4134 592 4183 velocior
602 4135 680 4182 lactus
692 4134 781 4195 luerit,

48 4223 85 4282 ηυί
99 4223 175 4272 etiam
189 4221 274 4270 aristas
286 4221 448 4284 percurrebat,
464 4235 542 4283 neque
552 4221 633 4283 lruges

50 4309 159 4372 ludebat,
177 4309 240 4358 lenia
250 4307 358 4358 membra
367 4309 445 4358 lerens
458 4321 528 4370 super
539 4309 614 4358 sicces
628 4310 729 4372 segetes.

403 4443 477 4492 LVII.

47 4573 82 4620 sic
93 4573 160 4622 enirn
176 4571 273 4622 maneat
284 4573 369 4620 vinnm
384 4583 472 4633 porum
486 4570 627 4632 septenum,
738 4569 832 4632 [est.-

47 4659 115 4708 dulce
128 4658 332 4720 moestumque:
351 4661 502 4720 opportunus
522 4670 579 4707 vcro
597 4657 738 4719 plantationi
755 4669 832 4707 annua

48 4751 80 4799 lle
92 4751 128 4800 sic
142 4739 242 4812 quidem
256 4761 295 4798 ιιιε
304 4748 382 4798 dulcis
397 4761 497 4798 somnus
508 4747 565 4797 sinit
575 4746 693 4809 palpebris
703 4747 817 4807 dormire,

47 4843 112 4886 stans
124 4837 240 4886 mollibus
251 4837 275 4885 in
287 4835 385 4886 somniis
400 4849 442 4896 per
455 4836 532 4885 nocIIs
541 4834 692 4885 tenebras.-

50 4925 72 4974 Sl
86 4927 155 4974 enim
170 4925 268 4974 accedat
282 4925 312 4974 ad
327 4937 415 4986 agnum
431 4925 544 4974 velocem.
555 4954 586 4964 -

48 5017 99 5062 >ton
116 5027 202 5075 parum
214 5014 316 5062 Idoneus
329 5025 383 5062 eum
393 5011 423 5061 ad
435 5011 555 5061 tundenda
566 5011 675 5072 oracula,

48 5102 89 5154 sed
102 5113 175 5150 mens
186 5101 244 5150 milri
258 5102 281 5150 in
294 5106 391 5163 pectora
403 5114 475 5150 verax
489 5103 533 5149 est.
542 5129 572 5140 -

50 5191 73 5239 Si
87 5203 148 5239 rcro
155 5189 304 5250 agriculture
313 5189 451 5240 hominibus
458 5189 599 5251 opportuna
607 5187 724 5241 desiderio
734 5190 832 5254 leceris,

1598 408 1652 458 189

933 535 1061 590 velocem
1070 543 1156 607 poeta
1166 532 1288 606 appellnt
1297 533 1390 586 arietis
1398 534 1507 606 signum
1519 529 1574 608 [τὸν
1582 532 1654 611 κριὸν

933 624 1021 676 Arato
1032 639 1073 678 vs.
1087 617 1168 694 238],
1180 619 1260 692 quod
1269 621 1378 693 signnm
1389 616 1439 674 Sol
1447 619 1550 675 dicitur
1557 621 1653 698 inire.)

931 731 1012 793 Οὗτοι
1025 730 1158 810 ἀριστερός
1171 733 1225 805 εἰμι
1237 729 1393 808 θεοπροπίας
1407 729 1566 814 ἀναφαίνειν,

933 819 1001 878 ἀλλά
1016 841 1059 894 μοι
1072 823 1098 878 ἐν
1112 819 1249 890 στήθεσσιν
1265 816 1418 890 ἀληθεύουσι
1434 817 1568 898 μέριμναι.

973 935 1078 1010 (Sebol.
1093 933 1194 1007 Eurip.
1207 935 1308 990 Alcesl.
1330 951 1371 990 vs.
1387 933 1444 1008 985
1457 953 1464 991 :
1480 932 1531 990 lint
1543 932 1653 1006 ποιητής

932 1017 977 1078 καί
991 1019 1082 1093 μάντις
1091 1010 1144 1089 ήνδ
1155 1016 1277 1096 Ὀρφεύς.
1292 1015 1439 1096 Φιλόχορος
1451 1019 1477 1075 έν
1489 1018 1584 1098 πρώτῳ
1596 1020 1656 1099 περὶ

933 1110 1059 1182 μαντικῆς
1074 1106 1204 1176 ἐκτίθησιν
1219 1107 1299 1162 αὐτοῦ
1309 1105 1445 1179 ποιήματα
1458 1105 1551 1184 ἔχοντα
1567 1106 1655 1174 οὕτως·

933 1189 1004 1250 οὗτοι
1018 1189 1151 1268 ἀριστερός
1166 1194 1221 1266 εἰμι
1235 1193 1294 1248 κτλ.
1310 1194 1410 1265 Nuper
1426 1195 1550 1250 Cobetus
1566 1195 1657 1250 edidit

933 1278 1088 1359 θεοπροπίας
1103 1279 1246 1350 ἀποειπεῖν,
1264 1279 1343 1351 cujus
1357 1280 1422 1335 loco
1432 1283 1531 1354 scripsi
1546 1279 1657 1359 ἀναφαί-

934 1389 998 1442 νειν,
1007 1367 1228 1441 conjectumjam
1239 1367 1349 1440 pridem
1356 1367 1502 1423 Lobeckio
1511 1371 1653 1443 Aglaoplr.

933 1456 948 1513 I
959 1477 990 1530 p.
1003 1457 1070 1527 237.
1082 1458 1138 1512 Pro
1149 1453 1304 1523 ἀληθεύουσι
1316 1452 1440 1528 μέλαινα,
1454 1475 1516 1530 quae
1524 1457 1655 1512 codicum

932 1541 1017 1596 lectio
1029 1553 1079 1612 est,
1090 1542 1187 1616 recepi
1204 1541 1384 1616 probabilem
1395 1541 1495 1598 Cobeti
1507 1542 1655 1615 conjectu·

932 1644 994 1682 ram
1008 1625 1161 1697 ἀληθεύουσι
1177 1625 1320 1704 μέριμναι.)

933 1743 968 1800 Εἰ
978 1740 1005 1798 δέ
1017 1740 1160 1817 γεωπονίης
1172 1764 1202 1799 σε
1217 1740 1391 1820 φιλομὸρότου
1403 1741 1492 1821 ίμερος
1506 1745 1586 1822 αἱρεῖ,

933 1827 979 1888 καί
992 1827 1016 1885 τ’
1029 1827 1073 1886 ἐπὶ
1084 1828 1206 1908 χρυσείης
1219 1833 1307 1905 γενεῆς
1321 1829 1438 1888 ἐντύνεαι
1451 1831 1531 1910 ἔργα,

894 1936 920 1976 to
932 1916 1009 1990 γαῖαν
1021 1915 1064 1972 ἐπί
1079 1917 1197 1994 ζείδωρον
1213 1917 1283 1994 ἄγειν
1297 1917 1429 1993 εὐκαμπές
1442 1918 1560 1999 ἄροτρον,

932 2001 1046 2082 ἢγυροῖς
1060 2001 1098 2060 ένι
1111 2005 1201 2078 κλῆμα
1217 2005 1385 2082 Μεθυμναίου
1397 2005 1516 2076 λελίησαι

918 2092 1091 2166 ,κατθέμεναι
1104 2093 1150 2151 καί
1161 2091 1239 2171 λαρόν
1255 2093 1358 2172 ὀπώρης
1370 2081 1443 2172 εἶδαρ
1453 2093 1555 2152 ἑλέσθαι

932 2180 1038 2257 ἱμείρῃ,
1055 2177 1177 2258 σκαπάνῃ
1188 2201 1216 2236 τε
1228 2181 1342 2258 λαχῆναι
1357 2178 1488 2258 άμὸροτον
1503 2171 1575 2237 αἶαν·

932 2266 1024 2325 αὐτίκα
1041 2266 1071 2338 δή
1082 2289 1121 2323 τοι
1134 2276 1222 2326 πᾶσαν
1236 2267 1376 2343 ἐτητυμίην
1390 2266 1535 2344 καταλέξω,

894 2376 918 2414 ιε
930 2354 1020 2419 ὅππως
1029 2352 1060 2411 ἂν
1074 2354 1173 2410 πανδῖα
1189 2354 1313 2426 σεληναίη
1326 2355 1459 2413 πεπίθοιτο

932 2441 1029 2516 ὄμπνιά
1040 2464 1081 2499 σοι
1089 2440 1229 2520 Δήμητρος
1244 2440 1384 2519 ἀερσινύοιό
1393 2465 1421 2498 τε
1433 2441 1541 2520 Βάκχου

932 2530 993 2608 δῶρ’
1012 2527 1230 2606 ἀναπεμπέμεναι
1244 2529 1290 2587 καλ
1306 2528 1434 2600 ἐπητανόν
1447 2527 1524 2588 ὀλύον
1536 2529 1653 2598 ὀπάζειν.

974 2647 1095 2721 (Tzetzes
1112 2644 1226 2703 Proem.
1240 2664 1271 2719 p.
1296 2665 1328 2716 ¹7
1345 2667 1351 2700 ι
1368 2643 1491 2704 Ἠσιόδου
1507 2643 1594 2722 Ἐργα
1608 2645 1653 2702 καὶ

932 2731 1048 2810 Ἡμέραι
1062 2732 1091 2788 τὸ
1104 2729 1203 2810 βιύλίον
1219 2728 1408 2811 ἐπιγέγραπται
1420 2733 1484 2812 πρὸς
1498 2734 1656 2792 ἀντιδιαστο-

931 2819 980 2890 llo
997 2822 1048 2878 τῶν
1067 2825 1113 2878 τοῦ
1127 2817 1241 2896 μεγάλου
1260 2817 1378 2901 Ὀρφέως
1391 2819 1471 2900 ίργων
1486 2820 1530 2879 καί
1549 2823 1653 2898 ἡμερῶν

933 2897 969 2964 ὧν
982 2905 1075 2986 [ἔργων
1087 2905 1205 2986 Ὀρφέως
1221 2904 1278 2976 ἤτοι
1288 2911 1331 2962 τοῦ
1342 2907 1402 2986 περί
1417 2907 1559 2987 Γεωργίας]
1574 2905 1656 2974 οὕτως

933 2993 1031 3063 irrisi,
1048 2994 1133 3072 ἀρχή·
1155 2995 1178 3050 εἰ
1193 2991 1219 3050 δέ
1236 2993 1380 3070 γεωπονίης
1403 2995 1461 3054 κτλ.
1479 2996 1556 3053 Idem
1574 2999 1654 3052 locus

933 3095 1023 3138 exstat
1030 3085 1058 3136 irr
1068 3083 1183 3137 Maximi
1193 3084 1315 3138 carmine
1324 3083 1400 3156 apud
1407 3085 1569 3140 Fabricium
1579 3086 1653 3143 Bibl.

932 3173 1021 3228 Graec.
1037 3171 1096 3228 vol.
1116 3170 1180 3228 VIII
1194 3189 1224 3245 p.
1238 3177 1306 3242 440,
1328 3191 1369 3230 νε,
1392 3169 1529 3238 456-465.
1548 3176 1595 3228 Vs.
1619 3192 1652 3243 17

932 3260 1015 3333 posui
1028 3257 1167 3327 ἐπητανθν,
1183 3268 1215 3311 ut
1229 3268 1270 3312 est
1282 3275 1330 3330 ap.
1342 3259 1509 3330 Maximum,
1522 3260 1654 3333 repudia·

934 3361 961 3403 ta
985 3349 1092 3404 Tzet'cis
1114 3348 1235 3401 lectione
1261 3343 1400 3414 ἐπηετανὸν
1421 3365 1505 3418 quam
1526 3350 1653 3419 sequitur

933 3434 1239 3507 Itobeckiusdglaoph.
1249 3432 1372 3505 lp.414.
1382 3434 1531 3506 Reliquam
1538 3436 1657 3506 scriptu·

938 3541 974 3576 rae
987 3523 1176 3577 diversitatem
1189 3520 1350 3594 praetereo.)

937 3623 1061 3702 Ἀοτραίη
1074 3622 1155 3701 κούρη
1171 3623 1197 3678 δέ
1209 3621 1283 3680 πέλει
1297 3619 1360 3700 πρὸς
1375 3620 1479 3678 ἅπαντα
1493 3621 1601 3701 φερίοτη

938 3710 1091 3790 σπέρματα,
1104 3709 1152 3768 καλ
1173 3708 1200 3766 δέ
1224 3715 1342 3788 φυτοῖσιν
1358 3707 1505 3784 ἐναίσιμος,
1520 3709 1546 3767 ἔν
1564 3731 1592 3767 τε
1608 3708 1656 3787 βό-

1557 3794 1657 3877 [θροισι

890 3905 917 3945 ιο
939 3884 1044 3962 βάλλειν
1061 3841 1135 3963 ἔρνεα
1149 3883 1252 3956 πάντα,
1266 3883 1299 3944 τά
1312 3907 1340 3943 τε
1354 3881 1427 3961 δρυός
1442 3881 1509 3960 ἄκρα
1523 3881 1657 3960 λέγονται,

935 3971 1039 4038 οἶναςδ
1056 3969 1226 4044 ἐξαλέασθαι,
1241 3970 1299 4029 ἐπελ
1310 3970 1412 4046 στυγέει
1429 3969 1558 4048 περίαλλα

876 4137 901 4184 el
916 4147 995 4184 aurete
1008 4135 1087 4183 aetatis
1098 4134 1193 4195 aggredi
1206 4133 1242 4182 ris
1253 4145 1342 4194 opera,

876 4227 965 4274 terram
978 4223 1114 4285 frugiferam
1127 4221 1281 4285 proscIndens
1292 4235 1367 4272 curro
1377 4225 1472 4284 aratro,

876 4313 919 4360 aul
933 4311 957 4360 in
970 4310 1097 4372 scrobibus
1109 4310 1194 4360 Bocchi
1208 4310 1331 4372 palmitem
1342 4312 1412 4371 oplaa

876 4397 977 4448 condere
988 4398 1133 4459 dulcemque
1146 4397 1270 4445 auctumni
1282 4395 1386 4445 lructum
1395 4393 1520 4446 comedere

876 4485 957 4547 cupis,
969 4487 993 4534 et
1007 4486 1085 4546 ligone
1098 4487 1187 4534 terram
1198 4483 1357 4532 Immortalem
1369 4495 1481 4532 exercere
1495 4497 1500 4524 :

876 4572 958 4621 staIIm
970 4572 1013 4620 libi
1027 4583 1124 4622 ornnem
1134 4571 1262 4620 veritatem
1274 4570 1368 4630 dicam,

877 4662 904 4708 ut
917 4659 998 4708 dirim
1010 4660 1066 4708 luna
1083 4659 1231 4720 obsequatur

877 4746 990 4809 almaque
1006 4746 1047 4795 tibi
1062 4745 1156 4795 Cereris
1168 4748 1192 4792 et
1203 4743 1299 4806 superbi
1312 4743 1396 4792 Bacchi

878 4834 939 4885 dona
951 4837 1029 4886 mittat
1044 4848 1071 4886 ac
1084 4835 1158 4896 larges
1168 4847 1226 4896 opas
1243 4833 1426 4896 suppeditet.-

878 4926 968 4974 Anlrnea
981 4925 1046 4986 virgo
1060 4924 1184 4986 aptissima
1195 4926 1233 4972 est
1243 4922 1273 4970 ad
1293 4922 1373 4970 omnia

878 5012 982 5072 semina,
997 5014 1021 5060 el
1036 5011 1122 5074 plantis
1133 5016 1270 5072 opportuna
1282 5012 1356 5070 atque
1369 5007 1399 5057 ad
1409 5005 1504 5056 scrobes

878 5113 921 5163 pro
935 5099 1000 5150 omni
1012 5099 1108 5150 surculo
1120 5099 1197 5160 pomis
1211 5109 1267 5159 quae
1282 5097 1396 5146 dicuntur
1411 5091 1585 5153 conserendas,

878 5192 938 5244 ritas
951 5205 1008 5244 vero
1019 5191 1114 5255 (decet)
1125 5190 1210 5248 vilare,
1221 5189 1333 5250 quoniam
1343 5185 1428 5248 insigni
1437 5182 1493 5236 odio
1507 5183 1657 5248 persequitur
