3838 5926
634 373 845 440 ctuttttttttt
867 379 1076 455 utttQtJJAE.
1595 394 1651 446 m

101 525 150 561 ιιοι
139 499 826 587 τίιιιττίισφιτέροςδυνοίμιιςὶπίτοίσίτιιιολτοῖς,
871 519 959 582 etque
967 519 1172 582 harumpoteutiae
1180 519 1651 585 mnteutauealauoatillucpertlnaant,

100 597 157 646 πᾶν
169 589 250 650 πλέον
262 590 333 650 ἐστὶν
345 593 411 667 tom
419 590 498 670 φάεος
511 591 557 651 aul
570 593 663 662 νυκτὸς
674 595 807 740 ἀφφνωο,
872 619 953 657 rerum
963 607 1104 658 universitas
1112 607 1444 672 mmptetaettstmullueaat
1452 611 1522 660 noete
1532 609 1651 673 obscura,
1738 617 1739 620 ’

41 697 78 736 tas
100 675 168 738 ἴσων
184 677 349 759 ἀμφοτέρων,
360 679 456 737 έπεὶ’
431 679 558 760 ουδετέρῳ
575 679 642 758 μέτα
654 683 747 759 μηδέν.
871 693 1004 758 equalibus
1015 695 1078 746 inter
1091 708 1119 746 ει
1131 695 1255 748 elementis
1261 696 1395 758 ,quoniam
1418 695 1498 746 neutri
1517 696 1651 760 quidquam

256 823 272 855 s
431 825 446 852 γ
604 824 618 848 „
1040 841 1055 868 γ
1255 843 1267 872 γ
1301 782 1368 848 [oum
1382 783 1458 834 attero
1468 796 1597 870 ροιιιιοιιιο
1606 788 1653 835 σοι.

99 923 136 980 Al
147 920 202 1000 γὰρ
217 919 376 1002 militm
384 920 531 994 πεποίηντο
543 921 624 1000 nupt.
639 923 768 1003 ἅκρίῑθῑθν
872 946 1026 1009 Angustiorea
1038 947 1103 998 euim
1119 947 1189 1000 orbes
1198 951 1309 1000 comtaut
1319 962 1350 1000 οι
1361 949 1416 1011 igne
1427 949 1508 999 miuus
1519 962 1597 1013 puro;

98 1011 127 1066 «ί
143 1009 167 1066 δ’
185 1009 229 1068 itti
245 1017 302 1076 ταῖς
315 1007 415 1083 νυκτός,
429 1008 640 1090 μίῖἆδίφλογῦς
654 1011 723 1070 itm
738 1003 801 1074 αἶσα
808 1038 814 1051 ·
872 1034 909 1084 hia
919 1035 1046 1098 subjectio
1059 1037 1140 1098 ιιοσίο,
1153 1050 1225 1100 quam
1236 1037 1385 1088 intervolitat
1396 1037 1456 1098 ignis
1467 1050 1537 1100 parat

98 1097 126 1152 ἐν
138 1095 216 1154 δὲ’
182 1119 256 1177 μεσῳ
269 1097 367 1158 τούτων
382 1097 491 1206 dulgent
502 1097 569 1170 ἣ
532 1121 620 1159 rutro
632 1100 761 1183 κυὸῑρνᾷ
872 1125 896 1172 ln
906 1123 992 1174 mediis
1006 1123 1044 1174 his
1054 1127 1104 1174 Dea
1113 1125 1150 1174 est
1158 1138 1214 1188 qum
1227 1127 1313 1174 cuncta
1326 1125 1452 1186 gubernat.

97 1207 189 1294 “fflfl
203 1183 256 1264 li?
271 1194 405 1265 στυγεροῖο
417 1208 494 1245 ‘0⁸⁰⁰
507 1185 552 1244 καί
563 1185 691 1268 istim?
659 1189 698 1244 ἃ
692 1187 752 1302 itii
872 1211 969 1274 Ubique
982 1212 1048 1262 enim
1058 1211 1105 1262 diri
1117 1214 1200 1275 partus
1211 1213 1338 1276 coitusque
1350 1213 1458 1263 effectrix

44 1294 77 1334 ιιι
96 1273 237 1350 πέμπουθ
247 1273 337 1376 ιίρσενι
351 1277 415 1347 θῆλυ
426 1279 554 1354 μιγῆναι,
566 1276 703 1335 ίνοντίατ’
718 1267 789 1344 wilt
872 1297 997 1360 impellens
1006 1297 1119 1348 centnm
1131 1299 1227 1350 otmari
1236 1297 1463 1362 atqueeoontrario
1472 1311 1557 1350 rursus

101 1354 340 1434 αίσῑίίίλυτίέῳ·
872 1396 965 1434 marem
978 1385 1007 1436 ut
1020 1385 1272 1437 temiuaesomisceat.

256 1493 272 1524 1
605 1495 617 1522 ἡ

687 1529 701 1574 Ι

42 1672 149 1735 guntur
170 1661 250 1736 apud
263 1658 441 1736 Simplicium
456 1663 566 1720 comm.
583 1661 619 1718 ad
637 1665 726 1722 Arist.
742 1664 828 1740 Phys.
873 1665 1043 1722 Parmenide
1061 1665 1183 1722 affirmat
1196 1667 1296 1724 Cicero
1306 1665 1342 1722 de
1358 1667 1425 1722 Nat.
1450 1667 1542 1724 Deor.
1561 1667 1584 1736 l,
1606 1684 1653 1726 ιι.

41 1751 59 1804 i.
74 1751 127 1822 39,
142 1769 172 1808 a.
873 1755 968 1824 Quum
978 1751 1005 1808 σί
1020 1751 1179 1832 στεινότεραι
1190 1756 1247 1810 sint
1263 1771 1378 1810 coronae
1391 1753 1586 1829 angustiores,
1601 1752 1657 1808 du·

79 1841 116 1894 V.
135 1837 204 1895 123.
221 1834 254 1892 τὰ
267 1833 337 1893 κατὰ
349 1833 474 1915 σφετέρας
486 1835 609 1912 δυνάμεις
625 1857 685 1894 non
699 1841 827 1915 intelligo
874 1840 954 1895 bium
969 1841 1085 1896 videtur
1098 1852 1196 1897 utrum
1217 1860 1257 1897 eae
1276 1859 1339 1914 quae
1355 1841 1404 1896 λιιι
1413 1841 1559 1914 excipiunt
1572 1857 1658 1914 supra

42 1945 108 1980 cnm
129 1927 284 1981 Karstenio
308 1925 456 1997 qualitates
477 1923 579 2003 ιἰροιιόν,
600 1923 696 1982 πυκνόν
723 1929 753 1984 et
776 1929 828 1983 alia
873 1928 979 1983 illasan
992 1928 1065 1984 inira
1079 1931 1137 1984 sitae
1151 1931 1217 1987 sint.
1238 1929 1295 1985 Sed
1313 1930 1395 2002 prius
1410 1927 1483 1984 illud
1497 1929 1546 1983 vix
1562 1928 1658 1983 couci·

43 2012 230 2093 hujusmodi,
244 2013 294 2068 sed
308 2014 519 2068 noctisetlucis
533 2015 667 2088 potentin
683 2024 831 2070 consenta-
874 2015 939 2069 lian'
961 2033 1027 2070 cum
1051 2017 1227 2072 Parmenidis
1248 2017 1387 2072 sententia
1414 2017 1540 2088 poterit,
1571 2034 1658 2088 quem

42 2119 91 2156 nea
99 2143 108 2169 ‚
124 2103 277 2174 utriusque
290 2102 349 2156 vim
360 2113 389 2157 et
398 2101 542 2160 eflectum.
874 2101 1055 2157 manifestum
1068 2114 1108 2159 est
1120 2105 1158 2158 ita
1173 2102 1209 2160 de
1222 2104 1267 2159 his
1284 2103 1370 2158 rebus
1391 2101 1544 2172 disserere,
1556 2113 1590 2157 ut
1603 2120 1657 2157 or-

82 2189 152 2246 125.
166 2185 232 2243 ίσων
249 2185 420 2264 ἀμφοτέρων)
434 2188 563 2262 AEqualia
578 2188 650 2243 dicit
674 2188 759 2242 ambo
774 2189 830 2243 ele·
874 2189 943 2244 bern
953 2209 1118 2264 supremum
1131 2210 1255 2265 eumque
1270 2191 1366 2253 omnia
1376 2191 1535 2264 cingentem
1550 2186 1657 2264 οὐρανόν

42 2287 152 2350 mente,
170 2275 201 2330 id
213 2285 253 2330 ast
263 2275 328 2350 pari
346 2275 483 2349 dignitate
498 2291 530 2330 ac
550 2275 579 2328 ai
600 2273 729 2348 praedita.
750 2275 830 2330 Hanc
874 2277 932 2332 sive
939 2273 1057 2351 ὄλυμπον
1073 2275 1185 2357 ἔσχατον
1199 2279 1249 2354 (ci.
1264 2297 1292 2336 v.
1310 2277 1375 2354 ιιι)
1388 2287 1484 2351 uocet,
1494 2276 1568 2332 inira
1580 2277 1658 2333 hunc

43 2365 234 2436 aequalitatem
247 2365 278 2417 in
295 2363 448 2418 coversari
461 2362 625 2430 arbitratur,
642 2361 723 2434 quod
736 2365 830 2417 neutri
874 2365 1050 2439 angustiores
1073 2368 1174 2436 orbes,
1199 2384 1271 2440 quos
1286 2367 1334 2420 hic
1353 2373 1572 2434 commemorat,
1594 2367 1658 2438 pri-

43 2451 204 2524 quidqunm
211 2451 374 2506 cumaltero
385 2465 538 2506 commune
550 2451 597 2518 sit.
611 2447 658 2504 Sic
668 2447 830 2523 Simplicius
874 2469 953 2506 mum
972 2453 1058 2523 lucis,
1071 2453 1175 2510 deinde
1186 2456 1279 2510 noctis
1290 2453 1414 2509 collocet
1425 2461 1511 2524 atque
1522 2452 1596 2508 inter
1606 2453 1658 2508 has

42 2540 97 2593 haec
112 2539 206 2594 verba
219 2539 331 2611 accepit
343 2555 350 2596 :
363 2537 387 2593 εί
401 2534 428 2592 δὲ
441 2531 576 2612 μηδετέρῳ
587 2577 595 2607 ,
607 2534 750 2610 inquiens,
761 2535 830 2596 sord
873 2539 996 2594 mediam
1017 2543 1123 2596 versari
1143 2545 1232 2598 Deam
1253 2541 1412 2617 perhibeat.
1432 2537 1475 2597 cf.
1494 2537 1574 2597 Stob.
1598 2541 1618 2594 l.
1637 2541 1657 2598 l.

44 2632 141 2694 [corr.
154 2623 238 2700 μέτα)
249 2621 344 2698 μηδέν,
356 2621 401 2682 aul
413 2619 452 2680 ὅτι
461 2620 544 2701 ἀρχοὶ
558 2621 639 2701 ἄμφω
649 2621 694 2680 καί
706 2621 746 2680 ὅτι
757 2625 830 2680 ἕνον·
873 2628 1016 2684 Plutarch.
1031 2627 1067 2684 de
1090 2629 1169 2692 Plac.
1184 2629 1256 2703 phil.
1272 2628 1314 2702 11,
1331 2647 1357 2698 7.
1375 2626 1474 2684 Galen.
1487 2627 1560 2683 Hist.
1583 2627 1657 2685 Phil.

42 2711 93 2766 τίοι
110 2711 248 2783 δηλοῦται.
267 2712 346 2788 Ergo
362 2712 540 2768 Parmenidis
553 2712 642 2768 verba
659 2713 699 2768 ita
713 2711 830 2787 supple·
874 2733 899 2770 c.
915 2716 967 2770 Xl.
979 2715 1082 2773 Euseb.
1096 2717 1186 2789 Praep.
1201 2715 1252 2772 Ev.
1264 2715 1327 2783 XV,
1339 2712 1388 2770 38.
1399 2733 1485 2768 -πυ
1488 2708 1593 2790 ρὸςάκρ
1596 2709 1660 2770 ίτοιο

43 2803 104 2856 rit:
132 2797 195 2856 ἐπεί
208 2796 384 2877 ουδετερω
349 2820 401 2856 των
417 2795 553 2878 στοιχειων
565 2794 699 2872 μηδὲν
665 2819 771 2872 μετεστι
784 2803 830 2858 τοῦ
873 2819 932 2858 non
945 2804 1103 2877 erpliooh.
1117 2804 1136 2858 l.
1153 2810 1246 2877 ignem
1256 2821 1391 2876 magnum
1404 2805 1592 2874 etingentem,
1609 2801 1660 2856 sed

45 2888 146 2968 ἑτέρω,
161 2901 196 2946 ut
214 2889 391 2945 constructio
407 2908 452 2944 rou
467 2886 584 2961 μετεῖναι
601 2885 701 2942 eadem
714 2888 750 2941 sit
768 2904 830 2988 quae
874 2900 907 2944 ut
920 2891 1076 2965 plerique
1069 2903 1258 2968 interpretum
1277 2892 1433 2948 voluerunt
1447 2908 1503 2946 non
1516 2908 1615 2996 purum
1632 2899 1661 2944 et
1719 2951 1721 2956 ,

45 2979 168 3035 hahetur
186 2996 234 3052 ap.
250 2975 323 3032 Plat.
339 2976 427 3049 Apol.
444 2973 553 3048 19‚G·
566 2970 674 3047 ίμολ
640 2993 691 3028 των
705 2972 829 3030 τοιούτων
874 2976 998 3034 tenebris
1014 2981 1143 3037 mixtum.

44 3066 86 3120 ait
74 3061 167 3120 ί’έν
130 3083 264 3139 μετεστιν.
290 3061 364 3116 Sunt
378 3063 428 3134 qui
448 3059 644 3117 Parmenidem
666 3059 713 3115 hic
727 3059 830 3118 dixisse
915 3066 950 3119 V
972 3065 1038 3124 128.
1055 3066 1082 3122 ἐν
1097 3062 1173 3122 δί’
1139 3087 1213 3144 μεοῳ
1226 3062 1323 3122 τούτων
1346 3060 1476 3142 Δαίμων)
1495 3067 1660 3122 Daemonem

46 3163 167 3225 putent,
189 3149 309 3224 aequalia
335 3167 394 3204 esse
423 3148 482 3204 duo
500 3149 559 3202 haec
581 3148 738 3218 elementa,
764 3151 831 3223 quia
873 3151 1032 3225 mundique
1050 3154 1200 3210 animama
1214 3153 1379 3210 Parmeuidc
1394 3149 1476 3222 Δίκην
1489 3163 1518 3208 et
1530 3148 1659 3225 Ἀνάγκην

45 3240 114 3294 nihil
132 3248 240 3312 exstet,
254 3239 327 3310 quin
338 3255 373 3293 ex
389 3232 690 3292 ambobusconflaturn
702 3237 747 3292 sit.
762 3239 831 3308 Quae
873 3239 1049 3296 nominatam
1080 3258 1139 3296 esse
1161 3241 1262 3315 prodit
1287 3239 1370 3296 Stob.
1394 3240 1455 3297 Ecl.
1480 3241 1505 3309 1,
1529 3257 1561 3314 p.
1592 3239 1661 3308 484,

45 3328 184 3383 sententia
204 3326 315 3380 etmihi
332 3323 483 3392 arrideret,
498 3326 520 3378 si
538 3324 620 3379 aliter
633 3324 748 3378 loeutus
758 3335 831 3380 esset
875 3321 1026 3402 Ἀφροδίτην
1042 3329 1183 3384 Plutarch.
1198 3331 1326 3384 Amator.
1343 3344 1390 3385 ιι.
1403 3326 1446 3383 Ex
1461 3345 1518 3400 qua
1529 3328 1654 3382 nominis

45 3426 147 3488 poeta,
170 3413 253 3470 verbi
276 3430 360 3468 causa
386 3411 444 3470 έπελ
469 3409 624 3490 ἀμφοτέροιν
648 3409 710 3487 δίχα
736 3409 828 3483 μηδέν.
876 3412 1066 3488 discrepantia
1090 3414 1284 3488 colligendum
1308 3414 1389 3468 nullo
1411 3415 1554 3472 uocabulo
1584 3415 1659 3470 hanc

46 3505 177 3558 Aliorum
189 3503 452 3578 interpretationes,
465 3520 481 3558 e
495 3502 599 3575 quibus
608 3501 679 3555 nihil
688 3498 831 3574 proficias,
876 3499 987 3555 deamo
1000 3501 1173 3575 philosopho
1185 3501 1347 3574 insignitam
1358 3517 1428 3557 esse.

46 3591 299 3665 praetermittendas
311 3608 465 3646 censemm.
916 3589 949 3644 V.
970 3605 1035 3661 1²9·
1049 3588 1105 3643 Pro
1122 3589 1235 3662 vulgata
1255 3581 1407 3662 πάνταγὰρ
1432 3591 1567 3663 στυγεροῖο
1582 3588 1659 3641 Kar-

85 3680 122 3737 V.
141 3679 308 3738 rad-rad.
320 3679 482 3752 Simplicius
498 3677 582 3750 Phys.
600 3674 653 3733 sol.
668 3694 699 3749 9,
712 3694 748 3730 a:
764 3675 830 3733 Μετ’
875 3673 980 3728 stenius
993 3673 1075 3728 dedit
1084 3671 1170 3730 πάντα
1182 3671 1207 3748 γ’
1218 3669 1283 3750 ἄρα,
1299 3673 1438 3729 l‘rellerus
1452 3675 1482 3727 in
1495 3675 1568 3730 Hist.
1588 3675 1659 3747 phil.

47 3767 121 3844 λίγο
131 3765 160 3824 δὲ
169 3765 250 3825 πάλιν
260 3764 320 3842 περὶ
331 3766 384 3822 τῶν
396 3764 466 3821 δυοῖν
481 3761 618 3841 στοιχείων
631 3759 749 3842 tirhtil
761 3763 833 3840 llup·
875 3778 907 3833 p.
924 3759 962 3834 96
976 3760 1074 3825 παντὸς
1089 3757 1141 3838 γὰρ
1166 3781 1255 3834 στυγ.,
1247 3783 1253 3796 ·
1269 3760 1339 3814 mihi
1361 3761 1528 3834 ponendmn
1546 3761 1662 3818 videtur

49 3853 167 3929 μενίδης)
187 3853 284 3930 ἐπείγει
303 3851 396 3910 κοιλ
373 3873 402 3909 το
418 3851 569 3922 ποιητικόν,
592 3846 675 3926 λέγων
694 3853 783 3914 οὕτως·
805 3854 832 3908 ul
876 3844 964 3918 πάντη
976 3846 1038 3926 γὰρ
1052 3851 1112 3904 Dea
1124 3847 1300 3904 Parmenidis
1318 3850 1478 3922 appellatur
1494 3848 1601 3925 ἀρχη
1579 3851 1661 3904 sami-

48 3947 98 4020 γὰρ
112 3937 425 4021 στεινότεριιι-ιιυὸερ
396 3948 440 3997 νᾶ.
463 3944 497 3998 V.
514 3937 666 4012 129-131
690 3948 736 4012 [ar.
752 3959 780 4014 γ.
793 3969 833 3982 -
875 3937 940 3991 liter
961 3945 1047 4008 atque
1062 3937 1138 4010 apud
1161 3937 1309 4010 Orpheum
1331 3936 1404 4010 frag.
1432 3933 1516 4011 r5p.
1537 3935 1594 3993 508
1615 3937 1660 3992 ed.

54 4027 200 4108 θηλυτέρῳ)
233 4049 297 4085 cum
320 3999 548 4104 praecedentibus
569 4026 730 4100 junguntur
756 4028 833 4101 apud
877 4025 977 4080 Herm.
991 4020 1056 4098 ἔρως
1070 4034 1188 4080 vocetur
1202 4021 1361 4097 μέγαςά
1320 4044 1380 4099 ρχος
1395 4020 1528 4080 ἁπάντων.

50 4119 179 4174 eumdem
191 4119 350 4174 Aristotelis
364 4119 548 4190 interpretem
560 4117 640 4190 Phys.
652 4114 702 4170 sol.
719 4133 791 4184 7,a.
915 4113 949 4166 V.
969 4109 1034 4167 130.
1049 4109 1135 4184 Apud
1150 4110 1327 4184 Simplicium
1341 4111 1387 4165 laic
1401 4128 1495 4166 versus
1508 4128 1547 4164 stc
1558 4109 1660 4165 scriba

88 4203 125 4260 V.
151 4207 218 4262 126.
243 4207 278 4260 ln
300 4205 387 4262 codd.
413 4204 516 4277 legitur
543 4201 571 4257 οἱ
595 4199 645 4278 γὰρ
674 4198 834 4303 οτεινότερμι
878 4208 942 4253 tur:
961 4193 1131 4271 πίμπουο’”
1113 4219 1202 4271 ορσινι
1217 4197 1282 4266 θηλυ
1298 4196 1388 4274 μιγέν,
1403 4194 1459 4256 τότ
1460 4185 1647 4254 ’ἐναντίον
1613 4217 1660 4252 ου·

50 4290 165 4362 ποίηντο,
178 4292 261 4364 cujus
275 4293 340 4347 loco
351 4291 466 4364 vulgara
474 4285 628 4368 πεποίηντο
640 4290 786 4346 Metrum
776 4290 833 4364 rgi-
877 4289 926 4350 se.
942 4277 1108 4342 Karstenius
1119 4282 1257 4341 edidit
1226 4305 1311 4361 μιγεν,
1324 4304 1379 4359 pro
1392 4284 1522 4392 ἐμίγηοιιν
1535 4285 1662 4358 positum

53 4392 97 4434 tur
108 4400 166 4436 non
178 4390 290 4436 constat
303 4380 357 4434 nisi
367 4398 391 4432 οι
401 4377 583 4452 diphthongo
595 4387 659 4431 ante
669 4387 833 4449 sequentem
876 4385 989 4448 putans.
1005 4373 1126 4429 Idem
1100 4392 1145 4428 νιι
1167 4373 1270 4430 doctus
1289 4369 1410 4450 ἀρχὴ’
1376 4391 1519 4447 πεμπουσοι
1537 4390 1592 4445 pro
1606 4390 1662 4426 no-

50 4470 349 4542 rocalechortepta
365 4484 399 4520 ac
414 4466 497 4520 simul
513 4466 672 4538 posteriore
685 4461 834 4538 syllabam
876 4463 1014 4517 minativo
1036 4462 1167 4517 absoluto
1194 4463 1306 4536 accepit
1332 4462 1386 4516 hac
1410 4460 1659 4516 constructione·
1652 4501 1659 4514 .

50 4552 131 4630 *speie
139 4566 259 4629 propter
267 4555 342 4610 arsin
350 4553 504 4652 producta.
519 4552 658 4611 Caeterum
670 4561 834 4626 quantume
877 4548 964 4606 πάντα
977 4552 1024 4619 τῆς
1040 4550 1124 4626 ἀρχῆς
1136 4545 1291 4624 πεμπούσης
1306 4544 1381 4622 μίγεν
1394 4545 1556 4625 (ἐμίγησον)
1570 4544 1661 4622 ἄρσενι

51 4643 188 4716 Simplicii
202 4641 448 4713 verbisconjicere
462 4639 545 4708 licet,
561 4639 589 4694 al
604 4650 713 4714 spectat
731 4639 769 4694 ad
788 4657 835 4695 co·
877 4637 987 4708 θῆλυν.
1004 4659 1030 4694 τ.
1046 4637 1088 4696 λ.
1080 4637 1196 4707 ,sedin
1211 4637 1418 4693 commentario
1439 4636 1513 4692 hanc
1527 4634 1660 4690 emenda-

50 4748 136 4785 nonas
150 4729 581 4807 (oreqaivuelsireorhespartim
592 4729 704 4784 aetheria
707 4730 834 4801 ,partim
877 4728 984 4782 tionem
998 4725 1173 4799 proposuit.
1192 4721 1324 4798 πέμπε
1298 4745 1345 4781 συν
1361 4721 1450 4800 ἄρσενι
1464 4721 1531 4793 θηλυ
1548 4724 1663 4797 μιγῆναι
1729 4753 1730 4756 =

50 4829 165 4872 terrena
185 4820 303 4872 materie
322 4817 509 4889 compositos,
529 4815 616 4871 alium
637 4833 723 4888 supra
748 4816 834 4870 alium
878 4810 1015 4869 ἔναντίιιτ’
1023 4801 1106 4878 αὖθις.
1121 4815 1162 4868 Ex
1173 4814 1226 4868 hac
1241 4813 1441 4869 emendatione
1450 4811 1538 4866 rerba
1552 4810 1661 4884 μιγῆναι

50 4905 123 4958 sitos
131 4903 259 4978 ‚quibus
272 4903 411 4960 mundum
428 4915 559 4958 constare
568 4903 681 4975 putavit
694 4902 836 4957 Parmeni-
878 4897 1031 4959 ἐναντία’
1007 4923 1022 4956 τ
1052 4919 1116 4955 cum
1138 4901 1262 4956 Prellero
1286 4901 1306 4954 l.
1328 4919 1354 4960 c.
1375 4897 1525 4974 probanda
1551 4897 1658 4954 censui

50 4990 103 5045 des
128 5001 155 5044 et
168 5009 291 5064 quorum
311 4993 341 5046 in
361 4989 457 5048 medio
472 4993 562 5046 Deam
585 4989 704 5064 reperiri
726 4998 833 5044 naturae
877 4991 969 5044 Porro
979 4999 1111 5044 notamus
1119 4983 1251 5062 πέμπουσ*
1256 4987 1487 5060 ...μιγηνσιιιιιιιῑοΙ
1499 5000 1659 5056 comparari

49 5077 273 5134 moderatricem
290 5080 397 5136 statuit.
424 5081 488 5134 Huc
513 5077 656 5152 pertinent
680 5095 743 5150 quae
767 5077 834 5132 Sto·
878 5066 1661 5148 nKarsteniocumjuncturallomericall.witimirus

51 5161 136 5220 breuis
149 5169 205 5224 Eri.
223 5167 304 5240 phys.
319 5169 342 5237 l,
358 5166 395 5224 ιλ
410 5185 440 5241 p.
458 5167 515 5233 482
537 5166 658 5221 servavit
673 5177 701 5222 et
720 5183 783 5239 quze
799 5165 837 5220 de
881 5161 1077 5241 gaigrotunDe
1088 5165 1199 5237 reliquo
1207 5163 1391 5238 participium
1399 5156 1530 5235 πέμπουο’
1539 5156 1608 5212 idco
1617 5174 1661 5210 su·
