3764 5922
274 403 331 456 θθσ
639 381 643 392 '
757 381 1105 446 ninntnonnonntt
1127 381 1175 440 ET
1196 377 1373 440 attonuit

331 535 394 593 cap.
413 521 449 582 (a
469 535 476 570 ι
498 510 609 590 παρῄνει
629 508 720 585 μηδενί
737 507 801 588 πρὸς
816 505 963 589 ῥαστώνην,
978 504 1046 564 ἀλλά
1151 504 1262 562 maison
1276 501 1326 560 des
1341 518 1410 576 gens
1424 497 1475 575 qui
1490 515 1526 554 ne
1540 509 1605 555 sont
1619 515 1672 574 pas
1696 494 1867 564 fideles‚1h

331 601 395 675 πρὸς
410 597 502 680 ἀρετὴν
518 598 563 656 καί
578 595 668 662 πόνους
682 595 866 670 συμόάλλειν.)
1152 590 1279 649 voleurs.
1300 589 1326 664 ν)

206 717 211 724 ’
272 710 304 750 ιε.
329 689 374 753 nt<
390 685 440 762 μέν
452 685 578 756 ίιπόδησιν
594 684 639 743 τ’σν
654 682 734 752 δεξιόν
749 682 817 742 πόδα
831 681 999 760 προπάρεχε,
1013 681 1047 746 εἰς
1092 699 1128 738 τε.
1151 675 1197 738 Ἐν
1213 676 1264 752 ὁδῷ
1277 674 1313 750 μὴ
1326 673 1410 751 σχίζε.

330 773 356 831 δὲ
371 773 541 850 ποδόνιπτρον
555 769 598 829 τόν
611 768 751 846 εὐώνυμον.
1192 761 1381 840 (lamblichus
1399 760 1519 820 adhort.
1535 758 1571 818 ad
1584 758 1697 835 philos.
1712 776 1786 833 cap.
1806 762 1865 826 21‚i

369 859 562 937 (lamblichus
587 858 706 916 Adhort.
726 857 761 914 ad
784 855 890 932 philos.
912 873 975 931 cap.
1001 873 1047 909 21.
1153 870 1180 909 e.
1206 850 1266 908 noli
1294 851 1324 907 in
1350 847 1541 926 philosophiae
1560 845 1657 902 studio
1681 843 1867 900 minutissim

330 949 408 1006 ldem
436 948 488 1007 vit.
511 946 635 1022 Pythag.
660 964 722 1022 cap.
752 944 786 1000 18
816 962 880 1020 pag.
916 943 970 1013 178
999 941 1046 1000 ed.
1153 956 1275 1014 quaeque
1290 936 1482 1014 perquirere.)

330 1034 447 1110 liiessl.)
607 1069 613 1084 ·
1093 1045 1128 1086 να.
1152 1023 1295 1086 Δακτύλων
1311 1022 1348 1096 μὴ
1363 1022 1447 1101 φόρει.

269 1141 306 1179 τυ.
332 1119 395 1198 llspi
410 1116 592 1194 Πυθαγορείων
605 1115 666 1173 ἀνευ
679 1115 763 1194 φωτός
778 1113 814 1190 μὴ
827 1115 910 1174 λάλει.
1193 1109 1387 1190 (lamblichus
1407 1109 1529 1168 adhort.
1553 1107 1589 1166 ad
1607 1106 1723 1184 philos.
1747 1124 1811 1181 cap.
1832 1128 1867 1168 ει,

370 1205 562 1284 (lamblichus
575 1203 695 1262 Adhort.
709 1203 745 1260 ad
756 1201 864 1280 philos.
877 1221 941 1278 cap.
958 1219 1006 1270 213
1019 1199 1048 1258 itl
1153 1202 1204 1276 qui
1226 1199 1305 1257 addit
1332 1220 1339 1255 :
1363 1195 1516 1277 φιλοσόφει,
1537 1195 1627 1274 φησίν,
1647 1197 1686 1259 ὡς
1707 1193 1827 1263 ἀληθῶς,
1838 1195 1867 1250 καὶ

329 1307 383 1363 est,
392 1293 442 1370 qui
452 1291 487 1348 de
497 1290 745 1366 Pythagoreorum
755 1288 1048 1366 mysteriisloquitur,
1154 1287 1249 1366 χώριζε
1261 1291 1308 1344 τοῦ
1320 1284 1500 1364 περικειμένου
1512 1285 1610 1357 δεσμοῦ
1618 1280 1666 1353 τὴν
1676 1281 1783 1360 ψυχήν·
1789 1281 1866 1355 μιθέτιΙ

331 1380 436 1438 mentis
450 1377 560 1436 lumine
575 1375 705 1454 indiget.)
1153 1375 1204 1454 γάρ
1216 1375 1327 1434 θανάτου
1343 1373 1387 1432 κοιλ
1398 1371 1532 1452 χωρισμός
1554 1373 1640 1447 ψυχῆς
1654 1369 1714 1427 ἀπὸ
1730 1369 1844 1443 σώματος
1856 1375 1866 1438 i

272 1488 307 1527 21.
330 1466 485 1539 ’ἀποδημῶν
507 1467 553 1534 τῆς
572 1465 653 1528 οἰκίας
676 1464 714 1538 μὴ
737 1463 902 1543 ἐπιστρέφον.
920 1459 1050 1540 Ἐριννύος
1155 1461 1302 1542 φιλοσοφία.
1323 1464 1360 1519 tt
1382 1458 1551 1520 Plutarchus
1573 1457 1609 1514 tie
1630 1458 1719 1514 educ.
1743 1457 1794 1514 lib.
1808 1479 1827 1512 τ.
1843 1479 1865 1526 ι·

330 1553 380 1632 (hp
392 1552 477 1628 ματέρ’
490 1574 574 1610 ovant.
1154 1569 1185 1626 p.
1204 1559 1239 1622 47
1257 1572 1264 1606 :
1281 1547 1318 1626 μὴ
1334 1557 1421 1628 φορεῖν
1444 1545 1532 1606 στενόν
1554 1543 1707 1617 δακτύλιον,
1721 1545 1764 1602 ὅτι
1786 1545 1820 1600 δεῖ
1836 1547 1866 1600 τί,

372 1575 561 1716 (lamblichus
570 1683 573 1690 .
583 1637 703 1696 Adhort.
726 1637 762 1696 ad
785 1637 893 1715 philos.
918 1655 981 1713 cap.
1000 1655 1048 1694 21.
1157 1638 1211 1716 βίον
1223 1637 1354 1714 ίλεύθερον
1365 1635 1535 1706 ἐπιτηδεύειν,
1542 1632 1587 1690 καί
1598 1632 1696 1707 μηδενὶ
1705 1634 1797 1712 δεσμῷ
1809 1656 1867 1710 πρα-

290 1743 295 1754 ·
330 1728 472 1786 Similiter
488 1726 660 1784 Plutarchus
675 1726 711 1783 de
725 1725 807 1786 educ.
823 1724 876 1786 lib.
888 1745 915 1784 e.
931 1744 964 1796 17
987 1745 994 1780 ι
1013 1722 1050 1798 μὴ
1156 1725 1247 1785 πίπτειν
1262 1723 1361 1803 αὐτόν.)

331 1817 530 1897 ἐπιστρέφεσθαι
554 1815 598 1873 ἐπὶ
617 1813 675 1882 τοίας
696 1815 770 1892 όρους
783 1813 920 1884 ἐλθόντας,
934 1811 1051 1870 τουτέστι
1096 1833 1133 1872 as.
1156 1813 1227 1872 Θεοῦ
1241 1812 1322 1870 τύπον
1336 1809 1373 1885 μὴ
1388 1807 1513 1888 έπίγλυφε
1526 1808 1670 1886 δακτυλίῳ.

333 1903 476 1976 μέλλοντας
504 1900 676 1970 ἀποθνήσκειν
702 1901 746 1960 καί
771 1899 815 1958 τὸν
839 1897 898 1979 όρσν
924 1905 970 1960 τοῦ
995 1900 1052 1979 βίου
1197 1899 1387 1981 (lamblichus
1409 1896 1530 1955 Adhort.
1547 1895 1582 1953 ad
1606 1896 1721 1973 philos.
1738 1915 1801 1970 cap.
1817 1917 1863 1952 τις

331 1987 440 2059 πλησίον
455 1985 516 2046 όντα
531 1990 644 2064 δρῶντας
658 1986 743 2066 φέρειν
755 1985 868 2052 εὐκόλως
877 1985 923 2045 καί
941 1985 977 2061 μὴ
991 1989 1052 2044 ἀθυ·
1156 1987 1273 2046 τουτέστι
1301 1984 1435 2064 φιλοσόφει
1460 1984 1505 2041 καὶ
1529 1982 1688 2058 ἀπειράτους
1715 1983 1769 2058 πρὸ
1791 1988 1866 2046 caua

332 2083 401 2150 μεῖν.
421 2076 565 2150 Diogenes
578 2075 670 2133 baert.
684 2074 767 2149 llll,
784 2096 816 2148 17
836 2072 898 2132 :hi
914 2073 942 2134 li
954 2080 999 2133 τοῦ
1017 2077 1052 2140 τίς
1158 2077 1221 2150 ἡγοῦ
1236 2072 1307 2137 θεοὺς
1332 2071 1459 2150 ύπάρχειν
1475 2117 1482 2131 .
1501 2113 1508 2130 .
1524 2113 1532 2130 .
1549 2067 1587 2145 μὴ
1605 2069 1698 2146 νόμιζε
1724 2068 1752 2126 δὲ
1777 2077 1865 2146 μσρριῑ·

332 2161 484 2236 ἀποδημίαν
506 2161 643 2238 βαδίζοντα
667 2158 704 2235 μὴ
719 2159 920 2238 ἐπιστρέφεσθαι
942 2160 1054 2239 παρῄνει
1158 2160 1251 2226 αὐτούς
1277 2163 1439 2238 κεχρῆσθαι,
1463 2156 1522 2216 ὅσαι
1547 2157 1597 2216 εἰσί
1625 2157 1794 2234 σωματικαί·
1816 2160 1864 2230 μτίε

332 2249 383 2314 τοῖς
403 2247 642 2321 ἀπαλλαττομένοις
669 2251 714 2304 τοῦ
734 2245 791 2324 βίου
809 2246 846 2324 μὴ
863 2249 1054 2322 ἐπιθυμητικῶς
1157 2247 1347 2326 προσδέχεσθαι
1373 2244 1515 2304 ὑποστάσει
1539 2246 1632 2322 ίιλικῇ,
1656 2243 1705 2300 καὶ
1728 2234 1783 2302 οἷον
1796 2245 1863 2320 δεσμῷ

335 2337 404 2416 ἔχειν
417 2341 462 2394 τοῦ
475 2339 530 2410 ζῇν,
543 2333 609 2410 μηδὲ
623 2333 671 2392 barb
686 2337 737 2391 τῶν
752 2335 862 2392 ἀνταῦθα
876 2335 972 2404 ἡδονῶν
988 2334 1055 2392 luti-
1159 2337 1240 2412 ίιλικῷ
1256 2332 1374 2405 σώματι,
1388 2329 1476 2408 ὥσπερ
1492 2330 1524 2388 rh
1536 2332 1603 2389 ἀλλα
1619 2334 1685 2407 ζῷα.
1701 2331 1863 2408 Porphyrius

333 2428 435 2498 γισθαι.
457 2422 603 2479 Postrema
618 2419 799 2478 lamblichus
819 2421 1026 2496 interpretatur
1044 2443 1051 2478 τ
1158 2423 1212 2479 vit.
1224 2421 1346 2497 Pythag.
1359 2438 1422 2496 cap.
1436 2420 1471 2483 (3
1490 2440 1496 2474 :
1512 2422 1577 2475 θεῶν
1590 2441 1619 2476 τε
1632 2417 1736 2482 εἰκόνας
1749 2420 1776 2474 ἐν
1791 2420 1864 2474 διατι·

335 2507 461 2586 μετάνοια
478 2509 528 2584 γὰρ
539 2509 569 2564 bt
583 2505 675 2566 τούτου
689 2506 774 2577 πολλή
787 2529 826 2564 σοι
842 2507 1006 2585 παρόψεται.
1022 2553 1028 2568 .
1045 2552 1053 2566 .
1158 2509 1222 2574 iio<
1239 2507 1276 2583 μὴ
1289 2515 1386 2586 φορεῖν,
1399 2503 1515 2563 τουτέστι
1530 2503 1577 2574 τὴν
1593 2505 1654 2584 περὶ
1665 2509 1731 2564 θεῶν
1750 2505 1819 2571 όοῖαν
1830 2507 1862 2560 τισί

333 2594 382 2667 τὴν
395 2595 421 2654 δὲ
434 2594 572 2669 μετάνοιαν
587 2593 704 2672 Ἐριννύν
718 2593 928 2670 μετωνόμασεν.)
1160 2595 1237 2672 λόγον
1253 2594 1290 2671 μδ,
1305 2594 1444 2672 πρόχειρον
1458 2591 1524 2668 μηδέ
1539 2591 1649 2672 φανερὸν
1674 2591 1755 2670 ἔχειν,
1771 2593 1825 2668 μηδ’
1837 2595 1862 2655 εἷς

275 2703 314 2745 tt.
337 2681 407 2759 Πρὸς
421 2681 494 2750 ἥλιον
509 2680 686 2758 τετραμμένος
702 2681 739 2756 μὴ
752 2680 831 2758 σύρει.
1160 2682 1271 2748 πολλοὺς
1287 2680 1395 2760 φέρειν.)

376 2767 567 2844 (lamblichus
589 2769 712 2826 adhort.
736 2768 773 2826 ad
794 2768 900 2846 philos.
917 2789 980 2844 cap.
1005 2790 1054 2841 21,
1101 2791 1137 2832 22.
1162 2768 1240 2848 Παρὰ
1256 2770 1349 2846 λύχνον
1365 2767 1402 2843 μὴ
1415 2765 1575 2845 ἐσσπτρίζου.

336 2857 386 2932 qui
401 2855 522 2932 exponit
538 2874 545 2914 ;
564 2855 600 2930 μὴ
613 2855 713 2934 ζιρῶδές
726 2877 752 2910 τι
765 2853 834 2914 ποίει
856 2855 900 2914 καὶ
921 2860 1056 2933 βσσκημα-
1201 2854 1390 2930 (lamblichus
1404 2853 1527 2916 adhort.
1543 2853 1578 2910 ad
1594 2851 1705 2930 philos.
1723 2871 1785 2928 cap.
1798 2860 1844 2912 aii

336 2942 438 3018 “lilii-i
1103 2964 1139 3004 to.
1164 2943 1232 3018 Περὶ
1252 2945 1316 3000 θεῶν
1331 2941 1411 3018 μηδέν
1431 2940 1582 3016 θαυμαστὸν
1605 2942 1729 3016 ἀπίστει,
1744 2939 1805 3016 μηδέ
1818 2939 1859 3015 περὶ

276 3049 314 3092 2³.
338 3026 428 3106 Δᾳδίῳ
441 3030 523 3084 θῶκον
540 3025 576 3101 μὴ
592 3025 740 3099 ἀπύμασστ.
1163 3030 1237 3088 θείων
1253 3028 1400 3104 δογμοίτων.

379 3113 567 3188 (lamblichus
595 3114 715 3170 hdhort.
738 3114 773 3172 ad
799 3114 904 3192 philos.
926 3135 991 3193 cap.
1009 3137 1055 3176 21.
1202 3115 1394 3195 (lamblichus
1408 3115 1531 3178 htlhort.
1545 3117 1580 3174 ad
1598 3116 1708 3192 philos.
1723 3135 1785 3192 cap.
1801 3116 1844 3170 αι’·

338 3200 395 3259 Sed
416 3202 559 3275 Diogenes
575 3200 704 3260 Laertius
721 3201 773 3260 lib.
788 3201 873 3278 Vlll‚
889 3224 922 3274 17
941 3224 947 3258 :
964 3203 1058 3282 ίλαδίῳ
1104 3225 1141 3265 st.
1164 3201 1282 3282 Ἀσχέτῳ
1295 3203 1389 3280 γέλωτι
1405 3204 1442 3278 μὴ
1456 3203 1572 3282 ἔχεσθαι.

336 3295 414 3348 θᾶκον
430 3289 467 3365 μὴ
482 3287 680 3366 ύμύργνιισύαι.λ
1205 3291 1398 3366 (lamblichus
1410 3291 1531 3349 Adhom.
1544 3293 1579 3348 ad
1592 3291 1700 3369 pltilos.
1714 3311 1776 3367 cap.
1787 3291 1833 3362 αι.)

277 3396 315 3436 21.
337 3375 506 3455 Ἀλεκτρυόνα
524 3375 601 3456 τρέφε
617 3377 675 3452 μέν,
691 3376 727 3450 μὴ
747 3377 847 3436 eicit·
864 3375 933 3456 μιήνῃ
948 3377 1058 3457 γὰρκαὶ
1104 3399 1140 3440 αν.
1167 3377 1488 3457 Παράθυσίφμὴάνυχίζ
1520 3422 1530 3438 .

337 3464 403 3544 ἡλίῳ
418 3463 584 3541 καθιέρωται.
1205 3465 1397 3544 (lamblichus
1411 3464 1532 3524 hdhom.
1548 3465 1584 3524 ad
1595 3465 1701 3542 philos.
1714 3486 1778 3542 cap.
1789 3467 1834 3522 aci

379 3551 569 3628 (lamblichus
583 3552 704 3611 hdlrort.
720 3552 755 3610 ad
775 3551 881 3628 philos.
896 3572 959 3628 cap.
977 3554 1036 3630 21.)
1105 3575 1141 3615 aa.
1166 3552 1334 3631 Στρυιμάτυιν
1352 3551 1492 3620 ε’ξαναστάς
1512 3551 1647 3611 συνέλισσε
1671 3554 1751 3625 αθτά,
1774 3553 1812 3607 καὶ
1830 3550 1857 3605 :iv

278 3659 315 3700 as.
339 3636 519 3717 Γαμψιύνυχον
533 3640 613 3715 μηδέν
629 3639 789 3718 παρέτρεφε.
1164 3642 1245 3698 τύπον
1261 3641 1410 3713 συστύρνυε.

380 3727 570 3800 (lamblichus
588 3727 711 3786 adhort.
735 3727 770 3784 ad
791 3727 899 3804 pltilos.
922 3748 984 3804 cap.
1006 3748 1056 3799 213
1203 3725 1392 3805 (lamblichus
1417 3727 1538 3786 Adhort.
1560 3727 1596 3785 ad
1617 3726 1726 3803 philos.
1750 3747 1806 3804 cap.
1824 3747 1856 3782 ει.

338 3811 426 3870 nich.
445 3813 612 3890 apostolius
639 3811 964 3884 P1·0ve1·h.Centur.V,
988 3815 1025 3888 9¹3
1050 3835 1056 3868 τ
1164 3813 1220 3870 Sed
1243 3814 1384 3888 Diogenes
1409 3813 1541 3872 Laertius
1559 3814 1644 3886 Vlll,
1669 3835 1702 3886 17
1725 3814 1802 3872 habet
1816 3836 1821 3869 :
1836 3811 1858 3867 τί

339 3897 518 3978 γαμψώνυχος
529 3902 565 3973 μὴ
578 3897 679 3976 τρέφειν
690 3900 746 3955 ἀντὶ
761 3904 804 3956 τοῦ
815 3897 935 3976 ἅρπαγας
946 3898 1057 3977 φεύγειν.
1166 3899 1309 3979 στρώματα
1325 3901 1365 3958 ἀεί
1382 3902 1553 3977 συνδεδεμένα
1569 3901 1663 3981 ἔχειν.)

342 3984 389 4042 Sic
413 3987 497 4042 etiam
522 3985 660 4042 Dacerius
681 3987 792 4062 accepit
806 3985 838 4041 in
853 3983 929 4041 hunc
944 3983 1058 4040 modum
1107 4009 1142 4046 at.
1166 3987 1328 4065 Ἐγκέφαλυν
1346 3991 1382 4062 μὴ
1395 3987 1476 4048 ἔσθιε,

344 4072 536 4148 interpretans
560 4094 565 4128 :
589 4098 601 4122 υ
614 4072 654 4128 Ne
677 4073 801 4130 souiirez
821 4093 871 4150 pas
891 4073 962 4131 dans
977 4087 1060 4132 rotie
1208 4074 1397 4152 (lamblichus
1412 4075 1532 4132 adhort.
1547 4074 1583 4132 ad
1598 4074 1705 4151 philos.
1718 4093 1778 4150 cap.
1792 4073 1835 4144 τι]

673 4177 1064 4202 -d—-n———u———ss

316 4243 352 4286 ts.
364 4237 400 4285 hd
412 4236 502 4288 calceos
512 4238 784 4300 subiigaudosdextrum
796 4241 879 4303 pedem
890 4243 956 4303 prius
966 4243 1060 4302 incito,
1140 4247 1177 4292 27.
1196 4243 1317 4292 annulum
1330 4255 1360 4291 ue
1370 4245 1470 4304 gestato.

282 4323 312 4372 ad
323 4323 451 4374 lavandum
465 4327 596 4376 sinistrum.
1137 4335 1177 4380 αθ.
1196 4330 1237 4378 Dei
1252 4323 1379 4390 imaginem
1391 4331 1482 4378 anuinio
1495 4342 1525 4378 ue
1536 4329 1671 4389 insculpito.

256 4400 262 4415 ⁴
315 4416 352 4458 20.
366 4413 400 4458 Da
413 4413 564 4472 Pythagoreis
574 4413 623 4462 sino
636 4415 724 4462 iumine
737 4427 766 4462 nc
778 4413 890 4476 loquitor.
1140 4425 1178 4466 211.
1196 4417 1232 4466 tut
1243 4417 1363 4466 lucernam
1375 4418 1499 4478 specuium
1511 4429 1541 4465 ne
1551 4416 1671 4477 impium.

316 4503 354 4546 21.
373 4500 470 4559 Peregre
488 4499 569 4548 abiens
589 4512 619 4549 ne
639 4501 763 4550 revertitur
786 4515 792 4548 τ
812 4513 868 4550 uam
883 4501 962 4552 norm
983 4503 1063 4554 subse·
1139 4509 1176 4556 ³0.
1194 4507 1276 4566 Neque
1286 4505 1315 4556 de
1325 4505 1369 4554 diis
1379 4518 1457 4566 neque
1466 4504 1496 4554 de
1505 4504 1614 4552 ‹tocmm
1623 4517 1691 4552 sacra
1700 4504 1855 4565 qmtqiuuta·

284 4585 402 4646 quuutur.
1107 4591 1247 4640 admirabile
1257 4591 1353 4654 dicitur,
1364 4596 1391 4642 ut
1400 4593 1420 4640 ei
1430 4592 1490 4642 futes
1502 4592 1533 4641 sit
1543 4591 1691 4652 deroganda.
1701 4621 1706 4626 ·

316 4681 353 4724 αα.
372 4674 407 4724 Ati
421 4675 494 4724 solem
509 4687 638 4725 conversus
650 4691 679 4726 ne
694 4678 784 4740 meiito.
1139 4685 1178 4730 st.
1194 4678 1317 4730 Orchiam
1331 4693 1360 4729 ue
1374 4679 1506 4740 indulgete.

316 4769 354 4813 αθ.
372 4763 459 4812 Facula
470 4763 551 4812 sedem
564 4765 738 4828 neabsiergiio.
1140 4772 1178 4815 tn.
1195 4768 1260 4815 luter
1272 4766 1452 4815 sacrificandum
1467 4779 1557 4828 ungues
1569 4779 1599 4816 ue
1612 4764 1740 4827 praecidite.

316 4855 354 4901 ei.
372 4853 466 4902 Gallum
489 4851 546 4901 alito
564 4853 1065 4915 quidem,atocimmois102namiuum
1140 4859 1178 4902 st.
1195 4854 1319 4913 Stragula,
1341 4853 1381 4902 ubi
1404 4855 1551 4912 surrexeris,
1573 4853 1710 4903 consoirito
1729 4853 1854 4912 ουτροπνυυι

286 4942 311 4989 ei
321 4939 364 4988 soii
376 4943 528 4988 consecratus
540 4944 582 4990 est.
608 4929 610 4936 ’
1110 4941 1237 5001 vestigium
1250 4941 1430 5004 complicatione
1447 4938 1535 4989 deleto.
1556 4941 1596 4989 eei
1608 4955 1617 4988 :
1630 4940 1736 5002 Stragula
1750 4953 1828 5001 τιναρτι
1839 4937 1860 5010 ἐη

318 5029 358 5073 ab.
377 5025 412 5074 Ne
434 5025 490 5086 quid
518 5039 617 5090 eorum,
644 5041 698 5090 qum
726 5039 815 5078 curros
842 5039 932 5090 ongum
962 5027 1064 5089 nahmi,
1111 5028 1417 5089 unumquasiiascimium
1431 5028 1541 5092 mitigata
1559 5031 1763 5090 ettanqmmttu
1778 5021 1860 5078 iactum

287 5111 352 5159 alito.
1110 5116 1238 5163 convassta
1250 5127 1294 5164 uos
1310 5116 1396 5164 iubere
1408 5115 1486 5166 decet.

320 5199 357 5243 26.
376 5196 403 5244 iu
415 5195 453 5242 tia
467 5209 496 5246 ue
510 5197 618 5248 scindite.
1141 5207 1179 5252 at.
1196 5202 1326 5252 cerebrum
1341 5217 1369 5254 oe
1382 5203 1454 5254 edito.
