3764 5922
754 411 1008 486 FRAGMENTA.
1629 437 1686 488 565

45 549 107 628 μίαν
125 551 182 610 καὶ
205 553 238 612 έν
253 575 287 632 γα
301 559 353 618 τοῖς
368 554 455 618 αὐλοῖς
469 550 499 610 τὸ
512 555 541 611 ἐκ
555 554 592 610 τῶ
608 551 736 630 στόματος
750 553 863 634 φερόμε-
907 554 1034 635 Ἀρχύτας
1056 557 1070 613 δ
1084 555 1245 632 Ταραντῖνος
1268 555 1411 636 ἀρχόμενος
1434 560 1480 616 τοῦ
1501 557 1642 636 ἁρμονικοῦ
1658 561 1688 618 τδ

43 664 95 698 νον
112 649 246 720 πνεῦμα
260 645 284 708 ές
299 641 347 718 μέν
365 641 399 699 ιδ
417 639 492 718 ἐγγὺς
507 643 545 699 τῶ
559 640 688 717 στόματος
701 641 861 720 τρυιτίματα
907 644 969 702 αὐτὸ
981 641 1049 701 οὕτω
1063 665 1117 709 πως
1131 641 1214 720 λέγει·
1229 645 1324 711 Καλῶς
1343 666 1386 722 μοι
1402 645 1520 705 δοκοῦντι
1537 647 1568 705 τδ
1582 648 1687 729 περὶτὰ

43 731 224 802 ἐμπῖπτον,
249 728 290 786 bi
305 728 351 785 τὰν
366 727 442 806 ίσχίιν
459 726 506 785 τδν
522 729 636 807 σφοδρδιν
656 727 775 808 ὀξύτερον
795 722 860 810 δχον
907 731 1054 806 μαθήματα
1069 731 1262 810 διαγνώμεναι,
1277 729 1322 790 καί
1336 731 1408 792 οὐδὲν
1423 733 1520 794 ἄτοπον
1533 735 1626 802 αὐτοὺς
1642 739 1688 814 δρ-

44 815 192 895 ἀφίησιν,
217 814 291 882 leti
315 817 348 873 τὰ
367 817 478 893 πόρσω,
495 815 649 896 βαρύτερον·
673 815 740 876 ὥστε
764 819 859 897 δῆλον,
906 819 972 893 θῶς,
991 809 1034 875 οἶαί
1061 819 1133 894 ἕντι,
1150 817 1211 897 περί
1225 817 1329 876 ἑκάστω
1350 819 1481 899 φρονέειν·
1495 823 1621 902 περὶγὰρ
1642 833 1688 889 τᾶς

43 901 89 959 ὅτι
105 902 126 958 ἁ
144 910 258 980 ταχεῖα
269 901 395 968 κίνασιςΡ
413 901 471 970 ὀξὺν
485 910 569 974 ποιεῖ,
581 903 598 960 ἁ
611 902 637 960 δὲ
654 905 761 983 βραδεῖα
779 902 860 983 βαρίιν
905 907 956 963 τῶν
972 903 1041 962 δλων
1055 904 1145 988 φόσιος
1166 909 1254 974 καλῶς
1275 907 1421 984 διαγνόντες
1438 907 1546 985 ἔμελλον
1569 909 1688 988 καὶπερὶ

42 989 95 1047 τὸν
118 980 214 1069 ἔχον.
263 989 341 1050 iiiii
362 989 414 1063 μίαν
429 991 473 1048 καί
488 999 541 1058 τοῖς
556 989 662 1070 ρόμόοις
683 1000 735 1059 τοῖς
757 995 783 1050 ἒν
804 1000 861 1060 ταῖς
888 994 956 1050 τῶν
970 989 1039 1050 κατὰ
1053 984 1200 1072 μέρος,οἷα’
1211 995 1279 1065 έντι,
1296 997 1391 1061 Καλῶς
1404 997 1534 1074 ὀψεῖσθαι.
1578 997 1687 1074 Περίδὲ

43 1079 184 1144 τελεταῖς
208 1078 375 1155 κινουμένοις
389 1077 419 1136 τὸ
434 1078 499 1136 αὐτὸ
518 1077 670 1155 συμόαίνει·
700 1080 788 1160 ἁσυχᾶ
812 1080 859 1155 μὲν
906 1078 937 1150 δὴ
952 1088 998 1145 τᾶς
1012 1083 1186 1158 ἅριθμητικᾶς
1200 1079 1245 1138 καί
1257 1081 1417 1160 γεωμετρίας
1430 1083 1474 1140 καί
1486 1093 1626 1163 σφαιρικθς
1636 1108 1688 1142 ιτα·

43 1163 225 1241 κινούμενοι
255 1164 335 1246 βαρὺν
357 1165 457 1244 ἅφίεντι
481 1155 563 1243 ἔχον,
583 1169 696 1243 ἰσχυρῶς
715 1166 762 1240 δέ,
788 1164 857 1233 δξόν.
906 1165 1021 1244 ρέδωκαν
1045 1165 1130 1242 ἄμμιν
1151 1170 1222 1245 σαφῆ
1245 1168 1400 1247 διάγνωσιν,
1415 1171 1463 1249 σιίχ
1482 1169 1578 1240 ἥκιστα
1594 1172 1620 1230 δέ
1642 1176 1688 1231 καὶ

46 1253 139 1312 Ἀλλδι
158 1254 224 1332 μὰν
242 1254 287 1313 καί
301 1252 591 1330 δμοίωςθθκοίλαμσς·
605 1252 667 1310 αίκα
686 1277 725 1318 τις
739 1255 810 1311 αὐτῶ
830 1253 860 1314 τὸ
904 1253 964 1329 περί
986 1260 1114 1328 μωσικᾶς.
1157 1255 1249 1312 Ταῦτα
1269 1253 1318 1333 γίιρ
1339 1251 1374 1311 εδ
1402 1255 1546 1334 μαθήματα
1570 1259 1687 1318 δοκοῦντι

45 1343 131 1401 κείτιο
158 1341 251 1424 μέρος
264 1341 416 1422 δποφρσίξας
433 1342 554 1420 έμφυσῇ,
569 1341 665 1420 ἀφήσει
680 1341 736 1398 τινὰ
751 1345 858 1421 βαρεῖαν
904 1340 1015 1416 ἔμμεναι
1031 1337 1156 1418 ἀδελφεοί.
1198 1337 1241 1400 Τδι
1256 1345 1294 1399 τῶ
1311 1339 1382 1408 ὄντος
1398 1343 1533 1423 πρώτιστα
1550 1345 1595 1405 δύο
1615 1345 1685 1406 εἴδεσι

47 1427 149 1509 φωνσίν
166 1435 193 1466 '·
220 1432 251 1488 ni
267 1429 294 1487 δέ
317 1429 361 1487 καί
379 1430 403 1493 ἐς
425 1428 454 1486 τὸ
471 1428 549 1504 μέσον
575 1427 760 1498 ἢάνωταίτω*
782 1429 859 1508 μέρος
903 1429 950 1487 τδν
967 1425 1231 1507 ἀναστρσφδνέχει.)

47 1520 145 1590 αὐτῶ,
164 1516 218 1584 ὀξὺ
235 1515 392 1596 φθεγξεῖται.
436 1517 476 1574 Τὸ
488 1515 539 1593 γὰρ
555 1517 619 1574 αὐτὸ
634 1523 738 1590 πνεῦμα
752 1515 795 1574 διὰ
811 1517 858 1592 μέν

47 1609 90 1664 rb
107 1607 223 1683 μακρῶ
244 1605 317 1664 edm
332 1601 436 1669 ἀσθενές
452 1601 572 1682 φέρεται,
587 1603 630 1662 διὰ
656 1603 682 1660 δέ
700 1607 737 1661 τῶ
764 1603 859 1682 priore<

48 1692 188 1772 σφοδρόν.
212 1693 331 1752 Εἰπὼν
345 1689 379 1749 δέ
391 1691 445 1749 καί
457 1692 540 1749 ἄλλα
555 1692 639 1770 περί
654 1696 707 1748 τοῦ
721 1693 857 1765 διαστη·

50 1779 220 1856 ματικὴν
238 1770 469 1848 εἶναιτὴντῆς
489 1784 599 1858 φωνῆς
620 1777 768 1856 κίνησιν,
784 1803 857 1859 συγ-

50 1872 320 1948 κεφαλαισῦται
345 1866 399 1923 τὸν
423 1866 535 1942 λόγον,
562 1869 595 1931 ὡς
617 1861 657 1924 δτί
682 1865 728 1940 μέν
745 1866 777 1937 δὴ
796 1867 836 1925 τοί
865 1899 866 1904 =

49 1957 121 2024 ὀξεῖς
135 1957 260 2036 φθόγγοι
282 1956 373 2034 τοί-χιον
388 1955 533 2029 κινέονται,
550 1955 589 2013 τοί
602 1963 614 1991 ¹¹
627 1952 653 2012 δὲ
669 1955 777 2034 βαρεῖς,
792 1956 858 2035 βρό-

51 2046 129 2114 διον,
146 2043 270 2123 φανερὸν
285 2042 349 2115 ἁμῖν
361 2043 391 2098 ἐκ
406 2043 509 2098 πολλῶν
525 2041 639 2118 γέγονεν.

97 2131 321 2208 (Porphyrius
339 2129 500 2186 Commenl.
515 2129 550 2186 ad
565 2130 711 2186 Ptolemaei
731 2129 858 2188 Harmo-

54 2221 126 2277 nica
141 2221 178 2278 in
203 2220 254 2277 Jo.
271 2219 394 2276 wallisii
409 2219 485 2294 opp.
500 2217 635 2275 Mathem.
651 2217 759 2274 Oxonii
782 2220 857 2295 1699

53 2308 148 2365 editis
174 2307 243 2366 voi.
266 2305 308 2363 lll
324 2325 389 2383 pag.
409 2306 548 2365 236-238.
569 2305 726 2362 Emendavi
748 2326 754 2360 :
773 2309 791 2357 ⁸.
802 2328 857 2380 μω-

56 2404 157 2465 σικᾶς;
171 2395 265 2452 codd.
278 2397 413 2469 μουσικῆς.
428 2391 441 2428 θ
457 2385 541 2468 ἧμιν,
556 2393 641 2451 codd.
655 2383 738 2466 εἶμεν.
754 2395 859 2451 οσίτιαν·

55 2483 212 2552 τιάξωντις
232 2481 317 2538 codd.
336 2477 561 2545 οἰτταντσίξοιντα.ιι
582 2478 754 2552 συμποτητίις
770 2477 855 2539 codd.

57 2567 265 2644 συμπετητδι.”
281 2571 384 2643 sisoim
401 2567 485 2626 codd.
505 2569 601 2632 αὐτοῖς.
615 2567 623 2603 ¹
632 2567 722 2646 rrnpdr3
744 2566 858 2628 codices

57 2656 131 2734 περί.
144 2655 267 2726 Βντσιὲνς
279 2655 362 2713 codd.
376 2651 493 2720 ποιεῖν.ὴ
507 2660 628 2725 ποιασεῖ,
642 2653 726 2711 codd.
740 2652 853 2723 ποιήσει.

61 2745 68 2776 ¹
87 2744 224 2819 γνοίημες
240 2741 272 2800 διν
293 2740 361 2799 ἀλλὰ
384 2741 430 2800 καί
446 2737 511 2799 δκκα
535 2739 617 2816 ἇμίςς
639 2741 714 2798 libri
735 2739 858 2817 γνοίημεν

1114 1559 1150 1637 β’.
1172 1547 1229 1641 ’Ἐκ
1246 1563 1297 1618 τῶν
1319 1563 1473 1642 διατριόῶν.

946 1691 983 1749 ll.
1009 1689 1063 1750 Καὶ
1076 1692 1146 1749 δοκεῖ
1161 1690 1178 1748 d
1200 1691 1337 1768 λογιστικδι
1351 1694 1411 1754 τιοτί
1433 1694 1480 1754 τδιν
1497 1697 1579 1755 ἄλλαν
1594 1697 1687 1778 σοφίαν

903 1786 951 1836 τᾶν
964 1777 1011 1855 μίν
1027 1779 1109 1838 illins
1130 1788 1225 1858 τεχνᾶν
1248 1779 1293 1839 καί
1309 1781 1375 1840 πολὺ
1394 1783 1540 1864 διαφέρειν,
1553 1784 1619 1864 δτδρ
1642 1788 1687 1846 καί

903 1875 949 1933 τᾶς
973 1875 1152 1945 γεωμετρικθς
1176 1869 1366 1947 ἐναργεστέρως
1385 1877 1397 1906 ⁸
1418 1873 1650 1950 πραγματεύεσθαι
1669 1875 1687 1933 ἃ

903 1954 985 2014 θέλει·
998 1957 1057 2012 καθ’
1077 1953 1094 2011 δ
1110 1955 1223 2014 ἐκλείπει
1237 1956 1286 2036 γὰρ
1304 1958 1497 2038 ἁγεωμετρία,
1509 1959 1559 2026 τὰς
1578 1960 1686 2020 ἀποδεί-

903 2039 951 2108 ξεις
964 2041 980 2098 δ
994 2041 1131 2118 λογιστικδι
1148 2043 1272 2101 ἐπιτελεῖ.
1318 2044 1372 2104 Καὶ
1382 2048 1446 2120 ὁμοῦ
1462 2047 1615 2106 ἔντιῖεῐδέων
1630 2069 1657 2105 τε
1669 2048 1687 2105 ἃ

902 2126 1090 2203 πραγματεία,
1106 2128 1150 2184 καί
1163 2131 1214 2186 τῶν
1225 2129 1285 2207 περί
1297 2132 1330 2189 τὰ
1344 2131 1415 2190 είδεα
1424 2131 1446 2192 ¹³.

944 2215 1092 2294 (Stobaeus
1111 2215 1206 2292 Eciog.
1223 2217 1277 2276 lib.
1294 2219 1306 2275 l
1324 2240 1385 2298 cap.
1400 2221 1413 2278 l
1426 2241 1492 2300 pag.
1510 2221 1583 2289 led.
1597 2221 1684 2282 Gais-

904 2302 979 2361 iord.
995 2302 1155 2363 Emendavi
1179 2311 1218 2364 :⁸
1247 2306 1449 2388 ἐναργεστέρωςς
1472 2308 1555 2368 codd.
1581 2311 1685 2389 ἐναργε·

904 2389 1000 2467 στέρω.
1015 2388 1029 2425 θ
1050 2390 1095 2447 καὶ
1110 2393 1175 2464 ὁμοῦ
1197 2393 1251 2450 ἐντι
1265 2393 1353 2450 εἰδέων
1368 2417 1395 2452 τε
1419 2395 1436 2452 δι
1449 2395 1619 2475 πραγματεία
1641 2397 1686 2454 καί

903 2480 955 2535 τῶν
970 2477 1031 2556 περί
1043 2477 1077 2534 τὰ
1093 2477 1177 2551 εἴδεα;
1190 2480 1274 2539 codd.
1292 2481 1338 2556 καί
1352 2480 1422 2553 ὅμως
1436 2483 1508 2558 είμίν
1521 2483 1609 2540 εἰδέων
1622 2507 1650 2540 τε
1670 2486 1687 2541 ἃ

903 2563 1088 2644 πραγματεία,
1103 2564 1151 2624 καλ
1163 2565 1197 2624 sd
1211 2567 1272 2645 περί
1287 2575 1340 2634 τοῖς
1354 2569 1459 2628 εἴδεσιν.
1473 2575 1493 2647 J.

1012 2693 1047 2774 γ’.
1070 2695 1121 2754 Ἐκ
1145 2700 1187 2754 τοῦ
1209 2695 1269 2776 περὶ
1290 2703 1334 2755 νοῦ
1357 2698 1402 2757 καὶ
1424 2699 1576 2771 αἰσθήσεως.

59 2830 132 2887 dlii
148 2831 198 2888 καί
214 2829 282 2888 ὅκκα
298 2821 370 2904 δμες.
385 2826 398 2864 ¹¹
411 2837 445 2904 τᾷ
461 2827 524 2902 μέν;
539 2828 622 2888 codd.
638 2827 671 2884 τὰ
689 2827 745 2902 μέν.
760 2827 858 2905 ιφερο-
944 2827 998 2886 ΙΙΙ.
1022 2824 1149 2891 Αίσθασις
1166 2825 1214 2900 μὲν
1237 2826 1266 2882 έν
1284 2825 1389 2901 σώματι
1403 2815 1525 2906 γίνεται,
1541 2827 1596 2894 νόος
1615 2829 1637 2885 δ’
1661 2831 1687 2886 έν

61 2916 149 2995 μένας
168 2917 247 2975 libr-i
260 2917 402 2995 φερόμενα.
413 2923 477 2995 1ιὶτᾷ
490 2913 533 2985 it,
547 2915 629 2974 codd.
644 2915 677 2972 τδι
691 2915 729 2973 δὲ.
743 2932 755 2961 ¹¹
768 2914 857 2993 τόσως
903 2916 987 2992 ψυχᾷ.
1029 2912 1068 2973 Τὸ
1084 2912 1130 2988 μέν
1144 2912 1196 2992 γὰρ
1210 2913 1282 2992 ἀρχὰ
1297 2917 1349 2971 τῶν
1365 2916 1495 2972 αίσθατῶν
1511 2915 1641 2994 ὑπάρχει,
1657 2916 1687 2974 τὸ

63 3005 133 3062 libri
144 3003 237 3083 τόπῳ.
247 3018 261 3046 ⁰
272 3004 384 3082 σαμῄῳ,
398 3003 514 3061 codices
526 3001 642 3082 cepioni
657 3003 772 3072 κίνασις;
786 3002 857 3061 libri
904 3001 931 3060 δὲ
950 3004 1001 3059 τῶν
1024 3003 1134 3058 νοατῶν.
1178 3000 1297 3066 Πλάθεος
1315 3000 1366 3081 γδιρ
1383 3002 1476 3080 μέτρον
1491 3005 1613 3080 ἀριθμός,
1636 3005 1687 3080 μεί·

61 3087 206 3156 κίνησιςΛ
221 3089 317 3163 ὁμοίως
330 3091 474 3164 lemene<
483 3091 615 3166 medices
630 3087 689 3147 δτον
699 3089 715 3145 ἃ
724 3089 852 3164 κάλαμος.
903 3111 960 3155 κεος
977 3089 1003 3147 δὲ
1016 3094 1096 3155 ποῦς,
1115 3093 1196 3168 ῥοπᾶς
1210 3089 1238 3146 δέ
1250 3089 1294 3146 καί
1310 3090 1427 3165 στάθμας
1441 3088 1533 3165 ζυγόν,
1549 3090 1687 3168 ὀρθότατος

63 3185 74 3213 ¹
81 3175 142 3234 τινδι
156 3178 271 3255 βαρεῖαν
281 3177 368 3255 φωνσίν
378 3201 386 3250 3
396 3177 481 3235 codd.
492 3177 636 3254 ἡσυχσίμην
646 3176 734 3256 φωνάν
746 3177 856 3234 τείτινίι
904 3175 930 3233 δὲ
945 3176 990 3233 καί
1005 3176 1141 3241 εθθύτατσς
1156 3174 1243 3233 κανὼν
1258 3174 1304 3234 καί
1318 3176 1423 3254 στοίθμα
1438 3178 1501 3255 ὀρθὰ
1515 3176 1608 3254 γωνία.
1632 3179 1684 3239 Οὕ-

63 3261 129 3336 δμῑν
151 3265 260 3342 φωνοίν.
277 3265 374 3331 'leri
394 3265 473 3340 μέσον
493 3265 510 3335 ἢ
529 3265 656 3324 ἀνωτσίτω
676 3262 753 3342 μέρος
774 3267 858 3335 αὐτῶ,
902 3287 953 3329 τως
973 3261 1000 3320 δέ
1023 3262 1067 3321 καί
1090 3265 1141 3320 τῶν
1158 3262 1205 3338 μίν
1222 3263 1352 3337 σωμάτων
1369 3263 1486 3330 αίσθασις
1506 3263 1616 3344 μέτρον,
1635 3268 1685 3322 τῶν

63 3349 139 3408 libri
159 3354 186 3417 ές
202 3351 235 3409 τὸ
251 3350 333 3428 ἥμισυ
353 3351 500 3422 ἢάπόστσν
516 3351 592 3430 μέρος
607 3353 687 3431 αὐτῷ.
704 3351 857 3423 ιτοίςίίίιιί
903 3350 930 3408 δὲ
946 3354 1045 3408 νοστῶν
1067 3350 1123 3415 νόος
1140 3349 1210 3428 ἀρχὰ
1233 3349 1278 3408 καί
1305 3349 1397 3429 μέτρον
1423 3351 1485 3410 ἐντί.
1529 3351 1582 3410 Καὶ
1604 3355 1617 3408 δ
1639 3352 1686 3427 μίν

65 3460 116 3498 τσι.
132 3445 146 3473 ¹¹
161 3437 206 3496 τοί
222 3437 266 3515 δὲ;
281 3439 351 3498 libri
373 3442 397 3498 σί
415 3440 452 3499 δέ.
494 3440 635 3498 Caeterum
652 3441 749 3517 priora
770 3439 858 3517 hujus
902 3437 958 3504 νόος
971 3437 1042 3515 ἀρχίι
1060 3439 1159 3494 νσατῶν
1176 3460 1205 3496 τε
1225 3436 1270 3494 καί
1284 3436 1498 3516 φύσι“πρσίτων·
1515 3441 1531 3498 ἃ
1547 3439 1573 3496 δέ
1590 3438 1688 3498 σίσθα-

66 3524 228 3600 l'ragrnenli
243 3527 334 3584 verba
347 3526 377 3583 in
392 3527 469 3584 hunc
484 3527 601 3584 modum
621 3527 728 3604 scripta
741 3526 859 3585 cullibet
904 3549 942 3590 σις
958 3527 1087 3582 αἰσθατῶν
1105 3523 1151 3582 καί
1165 3521 1228 3604 φύσι
1247 3525 1373 3602 δευτέρων
1386 3523 1408 3580 ¹⁸.
1427 3523 1461 3586 Ὁ
1483 3525 1530 3600 μὲν
1550 3526 1600 3604 γὰρ
1624 3526 1687 3602 ἁμῖν

65 3610 267 3672 Nicomachus
283 3614 407 3674 Arithrn.
424 3613 478 3673 lib.
494 3615 505 3670 l
521 3634 584 3690 cap.
602 3615 618 3670 δ
635 3633 662 3692 p.
678 3635 714 3686 7⁰
730 3614 776 3675 ed.
795 3616 856 3673 llsr.
904 3615 956 3670 έντι
972 3610 1041 3690 ἀρχδι
1060 3617 1107 3677 τᾶς
1122 3613 1224 3691 ψυχᾶς,
1237 3609 1254 3666 ἃ
1268 3608 1296 3668 tl
1314 3614 1353 3669 τῶ
1367 3609 1499 3687 σώματος.
1545 3613 1624 3673 Καὶδ
1640 3612 1695 3685 μὲν·

70 3879 231 3930 nienilsslnrn
250 3881 299 3941 sit,
317 3881 388 3930 celeri
405 3883 472 3930 motu
492 3883 607 3941 sculum,
620 3880 689 3929 tardo
703 3893 800 3942 gravem
817 3893 858 3928 so-
904 3881 958 3930 nins
977 3893 1005 3930 σε
1017 3880 1155 3942 diligentius
1169 3892 1243 3941 quern
1266 3881 1399 3942 geometria
1418 3895 1446 3932 es
1457 3895 1514 3946 quse
1527 3884 1582 3933 solt
1596 3885 1687 3946 pertra-

73 3977 132 4014 num
147 3969 197 4018 edi.
223 3967 278 4018 -sed
300 3971 326 4018 et
344 3969 452 4018 rhombis
478 3969 519 4031 qui
537 3969 563 4017 in
584 3969 706 4031 mysteriis
731 3971 859 4018 morentur
903 3973 969 4019 clare
990 3969 1053 4018 :nbi
1074 3969 1137 4018 enim
1153 3968 1234 4019 delicit
1250 3970 1398 4032 geometria,
1416 3969 1448 4018 ibi
1463 3970 1614 4033 probationes
1630 3975 1686 4021 sri·
1737 4017 1740 4024 .

73 4053 137 4102 idem
156 4048 246 4105 eccidit
259 4071 266 4104 ι
277 4057 364 4120 quippe
373 4057 458 4107 leniter
469 4058 527 4106 moti
538 4070 634 4118 grutem
645 4056 750 4106 reddunt
762 4070 858 4118 sonum,
907 4055 1020 4104 lbmelics
1029 4055 1140 4104 absolvit.
1151 4056 1216 4114 Quin
1230 4057 1303 4105 etism
1322 4055 1394 4104 simul
1410 4056 1541 4107 formarum
1557 4072 1687 4122 eorumque

73 4139 167 4193 lorliter
184 4149 293 4195 scutum.
326 4146 390 4203 Quin
411 4146 484 4196 eliam
504 4145 612 4195 simililer
626 4147 751 4194 oriemuss
771 4147 792 4194 si
807 4146 860 4207 quis
903 4153 958 4203 qun
973 4143 1057 4192 lormis
1068 4143 1217 4193 conveniunt
1231 4141 1401 4205 pervestigatio
1413 4147 1457 4194 est.

74 4227 204 4279 obstrusis
225 4229 306 4279 infima
327 4235 395 4292 psrte
416 4243 471 4280 eum
494 4230 629 4290 lnllererit,
651 4243 748 4293 gravem
772 4245 859 4282 sonum

1074 4259 1097 4305 3.
1116 4260 1150 4306 Ex
1168 4255 1228 4305 libro
1245 4259 1280 4306 De
1296 4257 1378 4307 mente
1393 4259 1418 4307 et
1435 4271 1516 4309 sensu.

75 4313 132 4364 edel
151 4317 193 4366 :sl
218 4331 275 4366 vero
294 4318 373 4368 medis
390 4324 432 4368 sul
453 4331 548 4368 summu
565 4323 649 4382 perte,
667 4323 737 4368 neuls
756 4321 858 4370 sonabit.

935 4375 981 4423 lll.
999 4375 1088 4422 sensus
1102 4372 1200 4435 quidem
1221 4373 1245 4420 ln
1260 4385 1360 4435 corpore
1373 4373 1500 4435 reperitur,
1521 4388 1588 4424 mens
1604 4379 1686 4425 sulem

904 4461 927 4510 in
942 4460 1030 4510 enims.
1063 4462 1124 4511 llam
1145 4464 1173 4508 ut
1191 4459 1231 4509 ille
1252 4473 1338 4509 eorum
1356 4473 1412 4522 quas
1429 4463 1476 4510 sub
1495 4474 1580 4511 sensus
1596 4463 1686 4514 endunt

905 4545 1048 4608 principium
1074 4550 1112 4594 est
1137 4563 1144 4595 ι
1167 4545 1272 4595 italien
1290 4558 1443 4609 eorumque
1469 4547 1682 4599 subintellectum.

904 4633 1000 4683 Etenim
1021 4631 1185 4682 multitudinis
1204 4646 1315 4682 mensum
1329 4646 1443 4683 numerus
1464 4634 1574 4694 hebetur,
1589 4636 1688 4698 longitu-

905 4720 968 4770 dinis
980 4723 1062 4770 sulem
1075 4733 1130 4781 pes,
1146 4719 1257 4782 ponderis
1275 4733 1332 4770 vero
1349 4723 1373 4770 el
1386 4721 1488 4771 amonis
1505 4722 1611 4782 trutina,
1630 4736 1685 4785 por-
1768 4778 1769 4781 ς

906 4807 1018 4857 rectionis
1032 4807 1136 4870 denique
1152 4807 1177 4857 ei
1200 4807 1352 4857 rectitudinis
1367 4808 1447 4869 regule
1461 4809 1486 4858 et
1506 4821 1589 4866 norme
1608 4812 1686 4860 rectus

904 4897 1016 4959 angulus.
1048 4897 1088 4946 Sln
1108 4895 1180 4946 elinm
1201 4907 1329 4958 corporum
1352 4896 1451 4958 quidem
1468 4893 1581 4947 mensura
1601 4910 1687 4948 sensus

905 4987 955 5045 est,
971 4996 1052 5034 rorum
1073 4988 1155 5032 erilem
1176 4981 1384 5043 intelligendarum
1409 4995 1476 5032 mens
1496 4981 1637 5044 principium
1658 4997 1687 5032 σο

78 4403 188 4466 Namque
204 4405 267 4454 idem
279 4405 380 4468 spiritus
390 4418 434 4469 per
445 4406 538 4468 longius
551 4405 597 4456 loci
612 4407 764 4456 interuallum
773 4407 860 4457 emisse

75 4491 101 4538 vi
115 4495 241 4552 penetrat,
256 4506 298 4554 per
313 4493 411 4543 brevius
420 4494 525 4555 spetlum
538 4495 630 4543 retenta
644 4491 794 4544 vehementis
804 4508 859 4558 per·

79 4576 151 4626 radit.
186 4579 232 4630 Sed
246 4579 292 4628 slis
312 4593 409 4642 qrroqne
425 4581 449 4630 ln
469 4594 523 4630 eam
537 4583 680 4631 sententium
702 4580 815 4644 loeutus,
832 4585 860 4633 ut

79 4672 162 4711 rocem
178 4677 220 4725 per
232 4665 357 4714 intervalla
378 4665 468 4715 moveri
489 4665 593 4728 diceret,
612 4667 673 4716 isnin
689 4666 860 4728 disputationis

81 4759 177 4800 summa
190 4752 237 4814 nit,
247 4755 332 4802 nculos
346 4765 418 4802 sonos
431 4753 532 4802 celerius
542 4754 647 4816 moveri,
657 4767 742 4816 grurus
754 4755 859 4816 tardius,

82 4847 96 4884 e
107 4838 190 4889 multis
203 4841 275 4896 rebus
285 4853 329 4897 nos
340 4841 481 4902 inlelligere.

327 4961 350 5010 t.
368 4957 387 5004 ll
403 4955 614 5018 disputationibus.

103 5064 148 5114 ⁴11.
166 5066 304 5118 invidetur
317 5066 467 5118 arithmetice
488 5067 586 5130 relique
601 5067 707 5118 scientim
725 5073 861 5132 comparatu
905 5085 1027 5122 mensure.
1061 5073 1092 5121 iil
1106 5083 1175 5120 mens
1187 5069 1286 5132 quidem
1303 5069 1485 5132 intelligibilium
1498 5082 1591 5132 susque
1602 5071 1687 5120 ustum

91 5160 144 5200 cunr
160 5152 213 5204 allis
225 5155 317 5206 srlilrus
331 5155 407 5206 mullo
419 5155 578 5217 antecellere,
592 5160 643 5206 lum
655 5169 712 5207 τετο
723 5157 795 5208 etism
812 5157 861 5220 pls·
906 5158 1035 5220 primarum
1055 5170 1135 5208 rernm
1148 5155 1291 5222 principium
1302 5158 1355 5219 est,
1368 5169 1454 5208 sensus
1465 5169 1523 5208 νσισ
1536 5155 1686 5215 sensibilium
