3690 5924
242 415 299 467 296
338 429 342 436 '

242 535 375 616 βίλτιοτοι
389 533 484 613 λίγων.
525 535 566 596 Οὐ
578 535 648 594 δοκεῖ
660 534 687 596 θί
699 543 774 598 τοῦτο
787 538 855 598 κατὰ
866 538 911 599 τθν
931 540 1019 619 νόμον,

242 623 310 681 ἀλλὰ
324 621 408 682 πολλὰ
422 622 552 704 κρείττους
566 614 633 684 εἶναι
655 625 777 696 ἀλλήλων
795 628 819 686 οἱ
834 629 895 686 θεοί·
910 630 957 687 ούκ
974 619 1018 688 οὑν

201 730 228 770 ιο
241 712 269 769 ἐκ
281 719 327 771 τοῦ
340 714 472 780 δοκοῦντος
482 712 571 793 εἴληφε
585 713 682 784 ταύτην
695 714 764 775 κατι
775 720 819 774 τοῦ
831 719 888 775 θεοῦ
899 715 946 788 τὴν
957 721 1019 793 δμο-

240 798 342 873 λογίαν.
384 800 423 860 Τθ
438 800 464 858 δι
486 801 624 880 κράτιστον
646 793 712 862 εἶναι
732 803 777 862 τδν
801 803 856 863 θεδν
871 805 920 884 οὑχ
939 803 1020 871 ούτως

240 885 435 961 ὑπολαμύοίνων
445 887 514 964 λέγει
523 911 571 961 τις,
585 891 620 955 ὡς
634 889 697 966 πρὸς
707 890 771 947 ἄλλο
783 913 808 948 τι
819 889 927 963 τοιαύτη
942 895 959 963 ἡ
972 895 1019 949 τοῦ

240 978 298 1032 θεοῦ
316 973 400 1054 φύσις,
414 974 482 1033 ἀλλὰ
495 975 558 1056 πρὸς
570 976 618 1048 τλν
630 979 707 1036 αὐτοῦ
731 977 857 1056 διάθεσιν,
873 977 929 1039 ἐπεί
946 978 977 1038 τό
990 1001 1019 1057 γε

217 1173 219 1177 ·
271 1167 309 1210 28.
324 1162 352 1210 οὑ
364 1163 461 1211 δοκείδὲ
471 1166 540 1211 τοὺτο
554 1163 616 1211 κατὰ
624 1165 664 1211 τὸν
678 1163 765 1224 νόμον,
775 1163 834 1212 ἀλλὰ
850 1165 925 1213 πολλὰ
942 1166 1018 1228 κρείτ-

238 1247 292 1286 τους
306 1233 365 1280 εἶναι
378 1231 483 1288 ἀλλήλων
494 1235 516 1281 ol
531 1233 587 1282 θεοί.
603 1233 742 1282 Karstenius
755 1232 785 1281 de
807 1235 917 1295 Xenopb.
933 1247 957 1295 p.
976 1241 1018 1284 116

240 1301 302 1349 inter
316 1301 374 1349 ἀλλὰ
389 1302 414 1350 et
429 1303 505 1350 πολλὰ
518 1303 591 1353 inseri
607 1305 658 1352 ruit
683 1304 752 1352 κατὰ.
772 1303 871 1352 Fallitur
887 1304 1019 1353 Felicianns

239 1367 301 1417 lianc
319 1370 507 1420 enuntiationem
524 1372 557 1420 ita
571 1371 746 1434 interpretans:
764 1391 776 1415 ο
787 1372 813 1421 ld
829 1376 910 1423 autem
922 1387 951 1422 es
969 1373 1019 1434 loge

239 1441 337 1490 minime
356 1442 459 1503 ridetur,
475 1441 554 1490 sedin
576 1443 658 1490 multis
675 1443 851 1505 praestantiores
868 1456 920 1492 sese
933 1447 1018 1492 mulno

239 1523 292 1560 esse
301 1512 334 1560 dii
344 1511 466 1560 dicuntur.
481 1531 493 1556 ν
505 1514 564 1561 Nam
574 1514 634 1578 κατὰ
643 1511 713 1575 νόμον
726 1513 764 1561 bic
774 1527 821 1562 uon
834 1513 897 1563 vaiet
909 1525 942 1563 cx
956 1513 1017 1576 ispe,

239 1581 280 1630 sed
293 1593 327 1630 cx
340 1583 444 1642 vaticani
455 1584 585 1642 opinione,
600 1585 631 1632 cl.
646 1583 775 1632 Democrit.
793 1582 902 1644 iragmm.
922 1597 946 1645 p.
962 1587 1016 1643 aut,

240 1655 299 1710 aut,
310 1651 397 1699 deinde
408 1651 437 1699 od
451 1653 497 1701 θεοὶ
514 1651 705 1703 subaudiendum
719 1655 827 1712 boeotos,
841 1652 906 1716 quod
923 1656 1018 1703 Karste-

237 1719 293 1768 uius
304 1719 354 1781 jam
369 1721 514 1770 observavit.

270 1793 308 1838 29.
321 1791 365 1839 οὑκ
377 1789 418 1839 οὑν
430 1791 458 1839 lu
467 1795 508 1838 τοὺ
522 1790 643 1847 δοκοῦντος
659 1790 735 1852 τιληφε
745 1791 830 1850 ταύτην
840 1791 901 1840 κατὰ
911 1795 953 1840 τοὺ
965 1793 1017 1840 θεοῦ

238 1858 280 1916 τήν
289 1859 422 1922 ὁμολογίαν.
434 1863 470 1909 lto
487 1860 607 1910 Bellems
619 1873 675 1909 cum
691 1862 811 1923 plerisque
827 1861 909 1921 codd.;
921 1863 1018 1910 Karste-

237 1929 294 1976 uius
314 1941 338 1990 p.
352 1933 395 1978 ltu
408 1929 470 1978 male
480 1929 565 1987 ταύτην
583 1929 644 1978 κατὰ
660 1935 702 1979 τοῦ
717 1932 769 1979 θεοῦ
787 1931 920 1991 ὁμολογίαν.
939 1934 970 1979 λι
992 1932 1016 1978 ιιι

237 1996 354 2058 [lipsiensi
369 1997 485 2058 reperitur
497 1997 582 2054 ταύτην
592 2003 634 2046 τοὺ
643 1999 696 2046 θεοῦ
705 1999 893 2062 τὴνδμολογιαν,
906 1998 970 2059 quod
983 2011 1016 2046 re·

237 2065 393 2126 pudiendum.
411 2068 493 2126 Neque
510 2065 574 2114 enirn
586 2067 669 2116 abesse
685 2070 762 2127 potest
777 2070 914 2130 praepositio
930 2082 959 2118 eo
975 2069 1021 2136 qni

236 2134 275 2182 bic
300 2135 431 2195 requiritur
452 2147 541 2196 sensu,
559 2149 631 2196 quem
647 2136 671 2185 iu
691 2138 756 2186 bunc
784 2139 883 2187 sinodum
905 2139 1017 2201 exprimit

236 2204 388 2253 Felicinnns:
406 2223 418 2246 ι
434 2217 481 2253 non
500 2206 571 2267 igitur
596 2219 628 2256 ex
646 2219 675 2256 eo
695 2207 761 2268 quod
787 2208 883 2258 ridetur
907 2211 967 2258 lieno
986 2210 1017 2259 de

236 2273 281 2322 deo
294 2274 471 2323 consensionem
483 2275 579 2325 sumsit.
592 2295 605 2318 ν
620 2277 689 2326 Multi
701 2282 783 2327 autem
800 2279 862 2342 apud
879 2280 1015 2337 Platonem,

236 2345 390 2394 Aristotelem
413 2345 520 2407 aliosque
541 2347 671 2408 scriptores
691 2347 737 2395 loci
753 2347 907 2397 ostenduntur
929 2351 1016 2411 quibus

238 2413 290 2463 Ιιιεο
306 2415 391 2464 rocula
406 2415 512 2474 genitivo
526 2417 609 2476 iuncta
627 2416 690 2464 idem
700 2419 769 2464 sonat
779 2417 844 2478 quod
856 2418 907 2480 περι
925 2431 1016 2479 prcepo-

236 2484 290 2532 sitio
302 2483 331 2532 ad
347 2483 449 2545 putrium
462 2496 544 2530 casum
559 2484 642 2532 relato.
656 2485 716 2533 Ptat.
730 2486 830 2533 courir.
842 2499 865 2546 p.
880 2488 951 2534 19³0
968 2487 1016 2546 :psl

236 2553 312 2602 τοίνυν
328 2551 380 2601 κατ’
390 2553 517 2616 ἀνθρώπων
532 2553 615 2602 οκύπει
636 2553 706 2616 μόνον
718 2560 801 2614 τοῦτο,
824 2556 882 2602 ἀλλὰ
901 2556 1016 2603 καὶκατὰ

236 2623 301 2679 ζώων
314 2625 406 2672 πάντων
422 2625 461 2670 και
478 2627 563 2685 φυτῶν.
574 2624 670 2672 Ατίειοι.
681 2623 711 2672 de
723 2624 809 2672 Anima
824 2625 865 2672 liu.
882 2624 963 2686 Icap.
983 2630 992 2674 l
1009 2637 1015 2668 :

235 2693 288 2754 τάχ’
300 2692 328 2740 ἄν
339 2709 373 2752 τῳ
382 2691 452 2746 δόξειε
467 2691 509 2753 μία
517 2708 551 2746 τις
563 2691 622 2740 εἶναι
632 2691 726 2753 μέθοδος
736 2693 797 2740 κατὰ
812 2692 914 2741 πάντων.

267 2766 305 2809 31.
316 2761 385 2809 Τότε
397 2763 517 2823 κράτιστον
529 2761 588 2810 εἶναι
598 2762 637 2808 τὸν
650 2763 699 2809 θεὸν
711 2763 755 2823 οὑχ
765 2763 837 2816 οὑτως
847 2762 1015 2823 ὑπολαμύάνων

236 2831 325 2889 λέγεται
341 2833 372 2886 ὡς
382 2833 437 2893 πρὸς
451 2829 507 2878 ἄλλο
516 2846 537 2876 τι
546 2831 641 2887 τοιαύτη
657 2833 672 2888 ἡ
684 2835 726 2878 τοῦ
736 2832 788 2878 θεοῦ
798 2831 863 2892 φύσις
873 2867 878 2888 ,
889 2829 947 2878 ἀλλὰ
960 2831 1016 2892 πρὸς

235 2902 277 2957 τὴν
288 2901 361 2948 αὐτοῦ
377 2899 492 2960 διάθεσιν,
502 2899 551 2948 ιπεί
562 2899 598 2947 τοί
612 2915 638 2960 γε
648 2901 704 2961 πρὸς
722 2901 799 2964 ἕτερον
809 2901 874 2948 οὐδὲν
887 2901 915 2948 ἂν
929 2903 1016 2950 κωλύοι

236 2970 269 3030 μὴ
277 2975 306 3032 τῇ
316 2971 387 3018 αὑτοῦ
397 2969 509 3030 ἐπιεικείᾳ
521 2970 560 3016 καὶ
570 2970 636 3032 ῥώμῃ
648 2969 781 3032 ὑπερέχειν,
790 2969 848 3017 ἀλλὰ
859 2970 897 3018 διὰ
910 2972 952 3028 τὴν
968 2976 1015 3018 τῶν

235 3041 456 3090 dinumerentur·
469 3041 529 3088 θέλοι
539 3041 559 3087 δ’
569 3040 597 3088 ἂν
609 3040 682 3094 οὐδεὶς
694 3041 756 3088 οὑτω
764 3040 802 3088 τὸν
815 3040 865 3087 θεὸν
877 3039 946 3101 φάναι
957 3041 1015 3102 κράν-

234 3126 313 3158 τιστον
325 3109 382 3158 εἶναι
391 3141 397 3161 ,
407 3107 457 3156 ἀλλ’
466 3108 502 3156 ὅτι
516 3109 584 3162 αὑτὸς
594 3109 642 3170 ἔχει
656 3111 688 3164 dac
697 3109 745 3157 olo's
757 3125 782 3157 τε
795 3109 888 3171 ἄριστα,
901 3111 940 3158 και
950 3111 1015 3158 οὐδὲν

235 3181 334 3228 ἐκλείπει
346 3181 386 3228 καὶ
396 3179 421 3228 εὑ
437 3181 477 3227 και
486 3182 562 3236 καλῶς
575 3181 636 3242 ιχεεν
648 3181 726 3242 αὐτῷ·
742 3181 793 3242 ἅμα
804 3181 848 3244 γὰρ
865 3182 924 3234 ιοως
938 3179 1015 3242 ἔχοντι

235 3251 329 3300 κάκεῖνο
340 3251 368 3298 ds
377 3249 490 3310 συμιιαιη.
500 3250 547 3300 llic
558 3249 672 3298 nonnrrila
682 3250 804 3300 Bellerus
814 3264 827 3300 e
836 3251 890 3299 cod.
900 3250 1014 3310 lipsiensi

235 3320 388 3380 emendarit,
400 3320 446 3368 aliu
460 3333 517 3368 vero
531 3332 587 3380 quse
603 3319 724 3380 probanda
740 3333 789 3368 uon
802 3322 860 3370 susat
874 3320 975 3381 recepit,
987 3325 1015 3368 ιιι

235 3389 288 3440 inei
297 3389 333 3438 τοί
344 3406 389 3452 γε,
404 3388 475 3448 cujus
485 3388 538 3438 loco
548 3389 604 3438 oiim
622 3389 672 3438 ἐπεὶ
684 3395 725 3439 τοῦ
745 3391 790 3452 γὰρ
805 3391 841 3438 vei
855 3391 905 3438 ιπελ
917 3391 960 3452 γὰρ
973 3395 1014 3438 τοῦ

234 3459 391 3508 moliebatur.
410 3459 545 3508 Felicianus
558 3459 631 3508 vertit
646 3473 652 3503 ε
668 3477 682 3504 ο
694 3461 792 3510 Accedit
804 3460 868 3522 qood
881 3459 953 3508 deum
964 3473 1014 3508 esse

236 3531 458 3592 praestantissimum
472 3542 520 3578 non
532 3541 561 3578 eo
570 3542 642 3578 sensu
656 3529 754 3589 dicitur,
765 3533 793 3578 ut
805 3543 859 3589 erga
870 3529 934 3578 aliud
947 3531 1013 3591 quip-

234 3600 298 3660 piam
308 3599 444 3659 lrujusmodl
460 3600 491 3648 ιιι
503 3600 540 3647 dei
556 3601 653 3658 natura,
662 3600 706 3649 sed
718 3603 833 3661 quantum
848 3601 1014 3647 tantummodo

234 3669 266 3718 ed
283 3682 351 3718 suem
366 3668 442 3732 ipsius
456 3669 608 3718 allectionem
628 3670 713 3720 attinet
732 3687 739 3718 ε
761 3681 816 3717 nom
831 3668 850 3716 si
867 3669 896 3716 acl
912 3669 1014 3717 alterum

233 3741 384 3799 spectemus,
397 3737 456 3799 quid
471 3739 609 3800 probibeat,
621 3739 694 3788 deum
710 3751 758 3788 uon
776 3751 820 3786 sua
839 3739 914 3801 ipsius
936 3741 1013 3801 sequi·

233 3808 284 3858 late
298 3814 322 3857 et
333 3807 487 3867 tortitudine,
498 3808 539 3857 sed
553 3821 583 3857 en
596 3810 698 3858 aliorum
710 3809 871 3858 imbecillitate
882 3808 1013 3860 excellere?

234 3880 267 3926 λι
282 3877 354 3926 (λευιιι
374 3879 407 3926 lta
427 3891 478 3928 esee
502 3879 726 3939 praestantissimum
742 3879 850 3939 intelligit
868 3891 953 3939 nemo,
971 3881 1012 3930 sed

237 3947 294 4006 quia
304 3946 354 4008 ipae
365 3960 439 4007 quam
452 3948 542 4009 optime
561 3948 611 3996 tieri
624 3951 717 4010 polest,
729 3947 830 3998 allectus
845 3949 1013 4012 esl,nibi1que

234 4013 257 4064 ei
268 4016 395 4076 quominus
410 4016 469 4066 bone
480 4022 504 4065 et
515 4021 579 4067 recte
589 4030 640 4066 sese
652 4017 738 4066 babeat
749 4017 831 4079 deest,
840 4019 928 4079 quippe
937 4033 1012 4080 quum

234 4085 269 4134 ita
283 4097 334 4133 sese
348 4085 445 4134 babenti
464 4085 536 4136 simul
552 4087 611 4136 illud
626 4089 698 4136 etiarn
712 4087 810 4136 erenist
830 4097 927 4136 neccsse
944 4089 984 4138 ειι.
999 4107 1011 4132 ν

234 4158 270 4203 Ex
282 4167 330 4216 qus
346 4155 541 4216 interpretatione
552 4157 610 4218 quid
624 4159 675 4219 ipse
689 4158 713 4206 in
723 4171 767 4206 suo
776 4158 906 4218 exemplari
918 4157 1012 4207 iurene·

233 4225 280 4284 ιιι,
295 4225 420 4274 ιιιιιιιιιεειο
436 4230 542 4287 superet.
559 4227 672 4289 ilerglius
684 4228 769 4288 corrigi
790 4227 842 4276 ruit
853 4229 880 4276 τὸ
891 4228 922 4277 δι
933 4229 1011 4290 κράτι-

233 4312 289 4344 oros
298 4296 356 4343 εἶναι
366 4296 406 4344 τὸν
415 4297 466 4344 θεὸν
475 4297 519 4359 οὑχ
536 4297 609 4352 οὑτως
621 4298 846 4362 ὑπολαμδάνων
864 4299 965 4360 λέγει,
980 4303 1012 4354 ὼς

232 4366 289 4428 πρὸς
303 4367 358 4413 ἀλλο
367 4381 388 4413 τι
398 4365 494 4424 τοιαύτη
503 4369 518 4422 ἡ
532 4372 573 4415 τοῦ
583 4369 637 4416 θεοῦ
654 4369 737 4430 φύσις,
749 4369 874 4433 ἀλλὰπρὸς
885 4370 926 4428 τὴν
939 4369 1012 4418 αὑτοῦ

233 4437 347 4484 διάθεσιν·
359 4435 410 4483 ἐπει
422 4435 491 4496 τύγε
500 4437 556 4496 πρὸς
565 4437 640 4500 ἕτερον
650 4439 714 4486 οὐδὲν
724 4440 752 4486 ἂν
762 4439 848 4487 κωλύοι
857 4440 889 4499 μὴ
900 4443 928 4500 τῇ
941 4440 1012 4488 αὑτοῦ

233 4503 345 4566 ἐπιεικείᾳ
357 4506 397 4553 καὶ
410 4505 476 4568 ῥώμῃ
485 4507 620 4568 ὑπερέχειν,
631 4506 690 4555 ἀλλὰ
698 4507 736 4557 διὰ
751 4509 793 4565 τὴν
805 4511 850 4554 τῶν
860 4507 935 4556 ἀλλων
944 4506 1011 4556 ἀπιέ-

233 4590 310 4631 νειαν,
320 4576 380 4623 θελοι
389 4574 409 4623 δ’
419 4575 446 4622 δν
459 4575 532 4632 ούδεις
541 4577 603 4625 οὑτω
613 4578 653 4626 τὸν
667 4578 717 4626 θεὸν
727 4577 796 4640 φάναι
806 4575 929 4639 κράτιστον
943 4577 1010 4637 εἶναι,

233 4642 331 4692 ἀλλ’ὅτι
345 4643 413 4698 αὑτὸς
429 4641 477 4705 ἔχει
494 4646 525 4700 εις
543 4645 592 4693 οῑόν
604 4663 629 4694 τε
640 4645 723 4708 ἄριστα
735 4647 775 4693 καὶ
793 4645 858 4698 οὐδὲν
874 4644 1010 4693 ιλλείπει

233 4715 272 4762 καί
282 4713 307 4762 εὑ
321 4715 361 4761 asi
375 4713 450 4770 καλῶς
460 4713 521 4777 ἔχειν
532 4714 640 4764 αὑτόν·
657 4716 735 4764 ἀλλὰ
747 4715 869 4778 γὰρίσως
883 4715 959 4777 ιχοντι
968 4714 1012 4766 ιθ·

232 4786 295 4831 κεῖνο
309 4782 338 4831 δν
355 4797 389 4831 σο
398 4782 532 4843 μδαίνοι.
545 4784 614 4844 Quod
634 4785 702 4834 luitio
716 4785 811 4846 scripsit
825 4785 865 4843 δι,
882 4783 1009 4844 elegantio-

233 4864 284 4899 rem
306 4850 381 4900 ottlcit
400 4853 548 4913 orationem,
568 4853 612 4902 etsi
637 4869 663 4903 τι
686 4853 785 4903 tortasse
806 4851 958 4902 tolerandum
987 4853 1010 4900 in

233 4921 348 4982 scriptore
371 4921 413 4983 qni
439 4921 511 4972 incise
531 4922 731 4985 membratimque
753 4924 854 4985 loquens
876 4935 1011 4982 praegressae

233 4991 357 5040 sententie·
369 4991 471 5040 similem
484 4993 605 5050 annectit,
624 4993 651 5042 ut
667 5006 716 5042 non
737 4993 799 5041 malo
812 4992 941 5042 Felicisnus
951 4993 1011 5041 banc

232 5060 397 5110 tramitiouem
412 5063 492 5111 serbis
512 5061 611 5113 accedit
623 5062 692 5126 quod
704 5063 840 5113 reddiderit.
853 5062 943 5114 Deinde
954 5075 1010 5111 rere

232 5129 469 5192 mompsuesteni
483 5133 657 5182 conconvenit
672 5132 728 5182 buic
744 5133 812 5194 loco,
824 5133 881 5194 qula
896 5134 1011 5183 Aristote-

232 5197 267 5253 les
275 5196 325 5264 jam
339 5213 386 5252 nou
397 5201 549 5266 lleoopbauis
560 5201 678 5266 iudicium
695 5205 883 5261 commemorat,
895 5202 937 5254 sed
951 5199 1009 5266 quid

852 408 1098 479 turstoratts
1123 413 1235 475 traua

1063 541 1127 622 πρδς
1148 543 1235 623 ιτερον
1255 543 1328 602 οὐδὲν
1342 543 1374 603 δν
1389 544 1485 606 κωλύοι
1500 545 1585 626 με’·,τῇ
1608 549 1694 607 αὑτοῦ
1716 550 1810 632 inumb
1828 547 1829 570 ί

1063 630 1108 689 καί
1121 630 1196 710 ῥώμῃ
1205 631 1349 710 ὑπερέχειν,
1358 635 1427 692 ἀλλὰ
1435 634 1592 706 διὺτλντιῗιν
1602 636 1810 699 mortetenus.

1062 717 1143 778 Θίλοι
1156 719 1178 776 δ’
1195 719 1225 776 ἂν
1236 720 1318 784 οὐδεὶς
1329 717 1395 778 οὑτω
1404 719 1448 777 τὸν
1461 721 1516 780 θεὸν
1526 721 1606 802 prisce
1617 723 1753 804 κράτιστον
1762 717 1812 802 εἶναι,
1828 731 1829 734 ’

1064 805 1121 863 ἀλλ’
1138 803 1177 864 ὅτι
1198 805 1274 872 αὐτὸς
1294 805 1348 884 ἔχει
1362 809 1396 873 ὡς
1410 797 1462 866 οἷόν
1479 831 1508 868 τε
1522 809 1633 884 ἄριστα,
1649 809 1695 869 καί
1710 811 1772 870 οὐδὲν
1782 816 1812 872 ελ-

1062 890 1146 949 λείπει
1156 891 1201 950 καλ
1215 883 1244 949 τύ
1260 890 1305 950 καὶ
1320 895 1407 961 καλῶς
1420 892 1489 972 ἔχειν
1507 897 1593 974 αὑτῷ·
1607 895 1669 972 ἅμα
1681 897 1731 976 γλρ
1751 904 1814 965 ssim
1828 951 1829 962 ,

1063 977 1149 1058 ἔχοντι
1161 981 1265 1038 κάκεῖνο
1277 977 1308 1036 ἂν
1323 979 1471 1056 σομύαίνοι.
1511 981 1591 1041 Οθτω
1605 983 1633 1042 δὲ
1645 987 1813 1046 inmisceret

1063 1166 1135 1226 rulgo
1148 1167 1256 1216 homines
1268 1167 1312 1215 bac
1322 1167 1352 1217 de
1370 1180 1397 1216 re
1407 1169 1511 1218 sentiant
1524 1175 1549 1218 et
1568 1170 1625 1232 quid
1647 1171 1698 1231 ipse
1707 1172 1814 1232 jndicetsi

1063 1235 1177 1297 guilicsre
1196 1237 1257 1286 ιυΙι.
1272 1239 1423 1298 Quapropter
1436 1239 1578 1288 Karstenius
1592 1240 1812 1301 conjecersttsoiza-
1828 1245 1829 1248 ’

1062 1307 1155 1356 δάνεται
1166 1323 1172 1365 ς
1184 1306 1260 1368 possis
1271 1307 1341 1354 elium
1353 1307 1522 1370 ὑπολαμβάνων
1534 1311 1595 1370 λέγει
1611 1327 1648 1364 τις
1662 1309 1771 1370 suspicari.
1782 1316 1813 1361 ssd

1062 1375 1122 1424 benc
1133 1376 1245 1436 Rerglrius
1257 1376 1283 1424 τό
1295 1392 1323 1436 γε
1337 1375 1392 1438 πρὸς
1405 1377 1480 1440 ἕτερον
1492 1380 1585 1440 posuit,
1601 1379 1645 1428 ubi
1659 1393 1672 1427 e
1683 1382 1813 1440 superioribas

1062 1445 1215 1506 repetendum
1227 1443 1336 1501 τοιαύτην
1351 1449 1391 1493 τοῦ
1403 1446 1455 1494 θεοῦ
1474 1447 1532 1494 εἶναι
1544 1448 1621 1507 φύσιν.
1644 1451 1772 1498 ιιειοιεοιυι
1783 1453 1812 1512 lej
1828 1489 1829 1492 ,

1060 1513 1163 1573 iusserat
1175 1531 1180 1562 ε
1193 1513 1213 1561 ει
1225 1513 1344 1578 γάρτοῦτο
1355 1514 1421 1574 (scil.
1435 1515 1537 1576 λέγοιτο)
1547 1517 1604 1578 πρὸς
1614 1517 1704 1578 tmpus,
1716 1519 1770 1577 qrod
1780 1533 1813 1568 ιιι
1828 1561 1829 1586 ,

1063 1582 1148 1642 placet.
1164 1583 1283 1631 Praeterea
1303 1596 1317 1632 e
1337 1583 1391 1631 cod.
1412 1585 1525 1645 lipsiensi
1546 1586 1647 1634 ἐλλείπει
1669 1587 1771 1645 Berplius
1785 1604 1829 1650 pro,

1062 1651 1161 1699 ἐκλείπει
1174 1653 1293 1712 restitnit,
1303 1665 1381 1714 neque
1394 1655 1475 1702 tamen
1491 1654 1516 1702 in
1531 1656 1691 1716 sequentibus
1701 1657 1757 1717 οιτῷ
1767 1661 1812 1718 quod
1828 1651 1829 1718 ι

1062 1733 1090 1768 es
1104 1721 1201 1769 ἐλλείπει
1210 1727 1293 1783 aptum
1307 1729 1343 1770 est
1353 1721 1409 1770 satis
1424 1724 1488 1770 certa
1496 1724 1638 1783 conjectura
1649 1725 1673 1772 iu
1687 1725 1750 1772 eisin
1759 1731 1814 1774 uinta
1828 1753 1829 1798 ρ

1063 1792 1111 1850 vlt,
1125 1803 1201 1852 quum
1225 1791 1263 1840 iile
1279 1792 1375 1840 delirus
1395 1792 1450 1840 iicet
1464 1792 1534 1853 poulo
1550 1793 1668 1842 resnotior
1685 1794 1714 1840 ab
1731 1808 1755 1844 eo
1768 1797 1829 1864 unte,

1061 1861 1148 1923 pendet
1167 1861 1241 1912 serbo
1261 1862 1377 1912 similibus
1396 1862 1513 1923 esensplis
1531 1865 1642 1912 excusari
1662 1869 1738 1926 queat.
1762 1869 1829 1940 Quod,

1061 1938 1141 1986 sotem
1158 1935 1299 1983 Ksrstenius
1318 1935 1373 1994 post
1391 1933 1491 1982 ἐλλείπει
1504 1933 1598 1997 εκεεετι
1616 1935 1695 1983 soluit
1705 1937 1740 1996 pi,
1751 1935 1771 1983 ει
1786 1941 1829 2014 τοι,

1061 2006 1138 2057 καλῶς
1153 2017 1196 2064 pro
1207 2005 1246 2052 καί
1262 2002 1288 2051 εὑ
1305 2003 1346 2051 καὶ
1357 2003 1450 2063 καλῶς,
1471 2003 1494 2050 id
1510 2015 1525 2052 a
1540 2004 1662 2052 sententia
1675 2004 1812 2055 amionecb
1828 2029 1829 2082 ρ

1061 2074 1174 2121 extremis
1185 2085 1233 2122 τοι
1247 2071 1370 2134 suplicium
1378 2072 1450 2120 ducta
1461 2075 1496 2122 est
1510 2085 1524 2122 ε
1535 2073 1589 2121 οοιι.
1599 2073 1715 2134 Lipsieosi
1727 2075 1812 2135 adquin
1828 2095 1829 2098 ¹

1061 2143 1203 2204 scripturam
1213 2143 1322 2204 proxime
1330 2142 1423 2191 accedit
1434 2142 1522 2202 quode
1535 2141 1634 2192 duobus
1644 2143 1709 2190 libris
1721 2144 1813 2192 celicas

1061 2213 1167 2260 enoiosit
1180 2213 1221 2273 qui
1233 2213 1347 2260 mendose
1361 2211 1482 2271 αυμιαίντι
1492 2211 1617 2260 ειιιιιιειιι.
1630 2211 1727 2271 Reliqua
1736 2226 1775 2260 noo
1783 2228 1811 2261 ει-
1828 2225 1829 2298 χ

1061 2279 1152 2340 pedivit
1165 2279 1293 2342 Bergidum
1304 2293 1362 2329 uam
1383 2281 1442 2329 ἀλλὰ
1453 2281 1497 2342 γὰρ
1510 2280 1570 2335 icore
1588 2279 1670 2341 ἔχοντι
1679 2281 1731 2329 ιειιι
1744 2285 1811 2341 nequit
1828 2319 1829 2322 ,

1063 2353 1103 2398 Est
1115 2352 1206 2411 ειιιεεο,
1217 2349 1238 2398 si
1249 2361 1352 2412 sequens
1361 2351 1512 2398 enuntiatum
1526 2348 1684 2410 adjunxeris,
1698 2349 1745 2398 inec
1757 2351 1811 2410 pluo
1828 2376 1829 2430 l

1061 2421 1130 2480 supin
1150 2421 1345 2481 argumentatio:
1366 2423 1443 2468 Deum
1469 2419 1663 2480 potentissimum
1681 2421 1704 2468 et
1720 2422 1810 2479 optiuun
1828 2433 1829 2490 l

1060 2489 1107 2538 dici
1125 2503 1166 2550 par
1179 2491 1217 2538 ost
1234 2501 1280 2538 non
1293 2488 1394 2536 aliorum
1406 2488 1487 2537 linbila
1500 2489 1608 2548 ratione,
1624 2488 1811 2550 sedipsiaspere
1828 2523 1829 2562 ,

1060 2562 1166 2620 speciata
1178 2561 1271 2607 natura.
1285 2560 1377 2607 Etenim
1395 2557 1413 2606 si
1424 2559 1483 2606 ulios
1494 2562 1588 2606 tantsrus
1607 2561 1741 2619 superaret,
1752 2563 1811 2619 posci
1828 2585 1829 2640 l

1060 2627 1157 2688 quidem
1173 2640 1221 2675 non
1233 2631 1329 2689 propter
1339 2628 1412 2689 ipsius
1425 2627 1537 2676 virtutem
1548 2631 1680 2688 prestare,
1693 2629 1730 2676 sed
1739 2629 1765 2676 ob
1773 2629 1809 2676 illu
1828 2643 1829 2702 χ

1060 2709 1115 2743 rum
1127 2695 1312 2744 imbecillitatem
1324 2696 1449 2744 excellere.
1470 2697 1500 2745 λι
1521 2697 1591 2744 boos
1607 2696 1655 2744 deo
1667 2697 1761 2744 alienum
1774 2711 1810 2744 ιειε
1828 2715 1829 2730 ν

1061 2763 1138 2823 patet,
1152 2775 1224 2823 quem
1253 2762 1306 2811 ideo
1325 2763 1516 2824 potentissimum
1536 2767 1561 2811 et
1581 2763 1702 2823 optimum
1720 2762 1808 2823 dicimus,

1060 2833 1116 2892 quia
1128 2845 1177 2880 suae
1193 2837 1285 2880 neturus
1305 2833 1473 2881 convenienter
1490 2832 1753 2894 quamoptimealiecto
1763 2833 1808 2880 nolis
1828 2857 1829 2872 ι

1061 2913 1099 2948 res
1116 2901 1146 2950 sd
1168 2900 1229 2950 bene
1242 2901 1360 2962 lroateque
1380 2902 1510 2949 sinendum
1532 2901 1609 2951 deest.
1631 2903 1694 2950 Nem
1711 2901 1728 2948 si
1748 2901 1809 2948 butor

1060 2971 1108 3030 ost,
1125 2970 1242 3028 optimum
1253 2983 1349 3030 quoque
1360 2972 1385 3019 et
1394 2971 1586 3031 potentissimum
1599 2983 1654 3019 esse
1663 2969 1809 3019 convenitis

1059 3050 1107 3098 que
1120 3051 1176 3087 uero
1188 3038 1320 3100 quidquam
1328 3039 1424 3098 obstat,
1437 3041 1574 3101 quominus,
1585 3040 1682 3089 etiamsi
1692 3041 1760 3100 plures
1768 3043 1809 3097 siut,

1060 3107 1141 3154 cuncti
1157 3121 1186 3156 eo
1198 3111 1262 3158 statu
1280 3108 1399 3169 iurantur,
1420 3114 1447 3156 ut
1458 3121 1542 3157 omnes
1553 3122 1629 3170 quem
1642 3110 1728 3172 optime
1738 3110 1776 3158 ειοι
1786 3112 1809 3158 ιι·
1828 3123 1829 3204 χ

1060 3175 1124 3237 lecti,
1137 3179 1161 3226 et
1174 3191 1250 3239 quurn
1273 3178 1364 3239 reliqua
1378 3179 1459 3226 omnia
1484 3182 1614 3240 superent,
1631 3181 1729 3228 invicem
1749 3183 1807 3228 ιειοει
1828 3215 1829 3272 ,

1059 3247 1104 3296 sibi
1125 3260 1172 3296 aon
1193 3251 1314 3310 praestent.
1341 3248 1429 3298 Ultima
1447 3249 1583 3298 Brundisius
1598 3263 1625 3310 p.
1648 3251 1677 3299 79
1691 3263 1734 3297 roo
1753 3251 1808 3296 molto
1828 3277 1829 3324 ,

1059 3317 1127 3366 aliter
1141 3317 1311 3378 interpretator
1333 3336 1339 3366 :
1360 3321 1455 3368 cetera
1480 3318 1583 3380 quidem
1598 3321 1690 3368 omnic
1706 3323 1808 3379 repentes,
1828 3331 1829 3392 χ

1059 3398 1109 3434 non
1126 3398 1184 3436 uero
1203 3398 1232 3436 sc
1254 3388 1369 3435 inuicem.
1383 3389 1437 3436 inm
1455 3400 1512 3436 rere
1523 3386 1587 3448 quod
1608 3389 1723 3448 Berglios
1736 3389 1807 3441 cenet.
1828 3399 1829 3449 ι

1057 3455 1131 3503 rerba
1145 3469 1198 3504 esse
1221 3455 1246 3504 in
1262 3469 1315 3504 oum
1336 3457 1478 3506 sententiam
1490 3457 1589 3517 scripta,
1612 3461 1643 3506 ut
1654 3459 1717 3506 salse
1729 3457 1807 3503 alium
1828 3485 1829 3532 ,

1059 3525 1171 3574 felicitato
1186 3527 1245 3574 deris
1264 3526 1321 3574 ielis
1341 3526 1509 3585 medicatur,
1530 3526 1554 3574 id
1574 3525 1666 3576 trustra
1682 3526 1718 3574 bic
1729 3537 1806 3588 quens
1828 3551 1829 3604 ,

1057 3599 1133 3646 Ροιεο
1144 3597 1202 3652 ιοως
1212 3597 1288 3659 ιχοντι
1302 3598 1399 3658 exponit
1408 3597 1434 3647 εὑ
1446 3599 1485 3646 καί
1497 3599 1574 3653 καλῶς
1583 3599 1665 3659 ἔχοντι
1676 3597 1728 3649 iou:
1740 3596 1806 3652 οίλλοε,
1828 3631 1829 3684 ᾗ

1057 3665 1120 3726 quod
1142 3665 1162 3712 si
1183 3671 1246 3714 recte
1267 3678 1295 3714 se
1314 3665 1427 3725 baberet,
1448 3678 1629 3726 supervacanea
1646 3668 1707 3714 osser
1728 3675 1807 3724 sequeus
1828 3693 1829 3730 3

1057 3734 1197 3783 enuntiatio.
1210 3735 1284 3784 Paulo
1296 3737 1383 3784 rectius
1396 3735 1537 3785 Karstenius
1546 3735 1580 3783 ita
1588 3735 1705 3796 scripsit:
1723 3733 1764 3795 ειμι
1776 3731 1806 3790 rip
1828 3733 1829 3792 ζ

1055 3803 1158 3865 ισως“(ι,
1170 3816 1192 3852 e.
1207 3805 1336 3865 nimirum)
1347 3804 1409 3852 τοῦτ’
1420 3805 1461 3864 (τὸ
1471 3803 1497 3853 εὑ
1508 3807 1547 3853 καί
1557 3807 1652 3865 καλῶς)
1661 3805 1806 3867 ἐχονιικιίκεῐνε
1828 3841 1829 3862 ,

1058 3872 1101 3936 (τὸ
1114 3875 1236 3936 κράτιστον
1249 3875 1322 3934 εἶναι)
1331 3875 1360 3922 ἂν
1376 3874 1493 3935 cupium,
1512 3873 1553 3922 sed
1566 3873 1646 3922 multo
1659 3873 1772 3934 simplicior
1781 3873 1806 3916 ml
1828 3897 1829 3944 ρ

1057 3944 1167 3992 Felicisni
1180 3945 1265 4006 lectio,
1284 3945 1314 3992 ed
1337 3957 1410 4005 quam
1426 3945 1565 3994 Braodisius
1585 3947 1727 3994 commeutt
1742 3943 1803 3990 liestt

1057 4026 1080 4073 p.
1094 4017 1125 4062 79
1143 4026 1168 4062 se
1184 4013 1312 4077 applicarit
1335 4014 1384 4074 duc
1397 4015 1442 4078 γὰρ
1459 4015 1533 4065 οὕτως
1548 4015 1638 4077 ἔχοντι.
1655 4017 1730 4072 Quum
1744 4015 1804 4059 τοιιιι
1828 4045 1829 4070 ,

1056 4083 1114 4131 illud
1128 4084 1201 4138 οὑτως
1212 4084 1269 4133 nibil
1284 4083 1316 4132 sit
1327 4084 1372 4132 lroc
1384 4085 1435 4133 loco
1449 4084 1494 4134 nisi
1506 4084 1532 4132 εὑ
1543 4087 1583 4132 καὶ
1597 4087 1690 4144 καλῶς,
1701 4082 1779 4131 tonitru
1787 4080 1804 4126 in
1828 4079 1829 4134 ζ

1056 4151 1114 4208 ιοως
1131 4153 1168 4201 rel
1180 4154 1252 4207 οὕτως
1269 4154 1347 4213 ipsum
1361 4157 1438 4208 καλῶς
1454 4155 1561 4212 latuerit,
1578 4155 1644 4216 quod
1666 4155 1690 4202 in
1704 4153 1802 4200 rerbomn
1828 4169 1829 4172 ¹

1056 4222 1165 4270 ordinem
1177 4223 1281 4284 recipere
1294 4236 1341 4272 non
1364 4223 1483 4272 dubitari.
1505 4227 1588 4285 ltaque
1602 4225 1682 4272 locum
1695 4224 1727 4272 sic
1741 4219 1804 4268 distin·
1828 4285 1829 4294 ρ

1056 4305 1103 4352 guo
1119 4309 1124 4334 ι
1138 4291 1172 4341 Τὸ
1183 4293 1208 4340 δὲ
1219 4293 1341 4353 κράτιστον
1353 4293 1412 4342 εἶναι
1421 4295 1461 4343 τὸν
1470 4295 1521 4343 θεὸν
1530 4296 1575 4356 οὑχ
1584 4297 1659 4350 οὑτως
1666 4291 1803 4352 minutim
1828 4327 1829 4348 ι

1056 4361 1116 4422 λέγει
1129 4379 1177 4420 τις,
1194 4364 1225 4417 te
1234 4363 1290 4425 πρὸς
1304 4363 1361 4410 ἄλλο
1381 4379 1404 4412 τι
1418 4363 1539 4420 τοιαύτηή
1553 4366 1597 4411 τοῦ
1616 4366 1668 4412 θεοῦ
1678 4363 1749 4423 φύσις,
1758 4357 1800 4406 ιλιι
1828 4361 1829 4408 ί

1055 4431 1111 4490 πρὸς
1125 4431 1166 4488 rba
1178 4431 1248 4482 αὑτοῦ
1257 4431 1370 4494 διάθεσιν,
1385 4432 1435 4480 ἐπεὶ
1450 4431 1511 4493 τύγε
1520 4431 1576 4493 πρὸς
1590 4432 1666 4494 ἕτερον
1675 4430 1802 4478 οὑδὲιιινιν-
1828 4465 1829 4470 ,

1055 4499 1105 4548 λύοι
1118 4501 1150 4562 μή
1164 4505 1192 4563 τῇ
1205 4500 1276 4549 αὑτοῦ
1285 4501 1396 4561 ἐπιεικείᾳ
1410 4503 1448 4549 καί
1459 4501 1525 4563 ῥώμῃ
1534 4501 1667 4562 ὑπερέχειν,
1679 4499 1730 4547 ttae
1738 4495 1801 4547 nrm
1828 4543 1829 4546 ,

1055 4574 1101 4618 τῶν
1110 4570 1185 4622 ἄλλων
1200 4570 1328 4620 ἀσθένειαν.
1344 4573 1412 4619 otton
1427 4572 1447 4618 δ’
1459 4572 1487 4619 ἂν
1498 4570 1571 4624 οὐδεὶς
1583 4571 1646 4618 οὑτω
1654 4570 1692 4617 τὸν
1701 4568 1743 4615 ests
1752 4565 1801 4624 φύντι
1828 4605 1829 4608 ,

1055 4637 1176 4700 κράτιστον
1190 4640 1263 4700 εἶναι,
1278 4640 1327 4688 ἀλλ’
1339 4640 1374 4688 ὅτι
1392 4639 1460 4694 αὑτὸς
1473 4640 1521 4700 ιχει
1534 4641 1565 4694 ὡς
1582 4639 1630 4686 olda
1646 4653 1670 4686 τι
1683 4637 1764 4699 ἄριστα,
1774 4632 1801 4676 ιιι

1055 4709 1120 4757 οὐδὲν
1132 4709 1229 4758 tustra
1243 4711 1283 4757 καί
1298 4707 1324 4758 εὑ
1333 4711 1373 4757 και
1383 4711 1459 4765 καλῶς
1473 4709 1534 4772 ἔχειν
1550 4709 1628 4770 αὐτῷ·
1642 4707 1689 4768 ἅμα
1698 4705 1735 4768 γὰρ
1744 4703 1800 4752 eald<

1055 4778 1130 4841 ιχοντι
1142 4778 1236 4831 κάκεῖνο
1245 4781 1273 4828 ἂν
1284 4779 1415 4841 συμδαίνοι.

1087 4855 1124 4897 39.
1143 4849 1203 4897 οὑτω
1223 4849 1248 4896 δὲ
1267 4850 1395 4898 διακεῖσθαι
1414 4847 1560 4902 nutricios:
1578 4845 1660 4902 αὑτούς
1681 4843 1739 4894 ὄντας
1752 4838 1799 4887 cib

1054 4923 1153 4974 κωλύει,
1165 4922 1266 4978 ἅπαντας
1275 4925 1307 4978 ds:
1319 4921 1368 4971 οιύν
1380 4938 1405 4970 τε
1416 4921 1500 4984 ἄριστα
1511 4921 1679 4981 διακειμένους,
1699 4916 1734 4962 καὶ
1743 4911 1797 4990 tens:

1054 5005 1123 5046 ττους
1139 4997 1186 5040 τῶν
1198 4991 1289 5048 ἄλλων,
1300 4991 1345 5054 ούχ
1362 4993 1438 5040 αὑτῶν
1449 4990 1524 5046 ὄντας.
1535 4989 1585 5038 ἐστι
1604 4988 1640 5049 δ’,
1655 4991 1686 5042 ὣς
1698 4985 1761 5038 lom·
1770 4993 1797 5024 *ιι

1055 5061 1121 5110 ἄλλοι.
1133 5063 1169 5110 ltn
1186 5060 1312 5120 belierut,
1333 5061 1376 5121 qui
1400 5063 1507 5109 veterum
1526 5059 1657 5108 editionum
1666 5059 1696 5110 ὡς
1710 5053 1797 5120 obusti

1054 5130 1108 5182 cod.
1124 5132 1187 5194 Lips.
1204 5144 1234 5180 ac
1244 5130 1344 5179 tortasse
1357 5143 1386 5180 es
1400 5130 1453 5180 aliis
1464 5142 1559 5191 quoque
1569 5127 1634 5176 libris
1645 5125 1709 5176 tacite
1718 5115 1796 5203 οοχιιξθ

1054 5202 1082 5255 lo
1098 5204 1129 5258 ὡς
1145 5199 1194 5255 οιύν
1204 5217 1238 5254 τε.
1257 5199 1304 5253 Sed
1322 5199 1347 5250 iu
1361 5199 1476 5265 lipsiensi
1496 5198 1581 5262 iegitur
1599 5199 1706 5260 preterea
1722 5201 1763 5240 τοι
1776 5196 1795 5228 ι’
