3696 5922
263 181 272 210 t

212 379 267 428 tat
876 367 927 426 Dii
947 367 1179 428 lrattocntto.

210 499 416 558 Abderitauum
444 495 510 558 risa
529 500 612 558 varie
636 500 761 577 probare
788 513 817 557 et
835 501 989 578 explorare
1035 499 1097 557 vita
1110 498 1273 558 mirandum
1287 512 1339 560 est.
1358 499 1390 558 ln
1411 511 1522 558 tantum
1546 497 1619 556 tides
1640 499 1707 556 istis
1722 497 1815 573 fasque

209 587 529 658 studuisse,interdum
538 588 569 646 in
579 586 736 646 solitudine
747 601 895 663 vagantem
904 600 989 663 atque
1038 607 1124 647 onina
1145 588 1246 657 deest,
1269 586 1340 644 adeo
1354 599 1387 644 ut
1400 587 1423 644 ii
1442 587 1492 662 qui
1508 597 1613 644 caetera
1627 585 1661 643 in
1682 586 1751 643 viro
1770 587 1816 643 illo

210 676 241 732 iu
254 675 395 752 sepulcris
408 685 661 732 commorantem:
682 673 760 732 ineo
781 675 915 752 sepulcra
929 673 986 731 dis·
1038 677 1179 754 probant,
1200 674 1260 732 haec
1279 673 1344 750 ejus
1367 691 1456 750 opera
1477 691 1540 731 esse
1568 673 1746 731 inlitientnr.
1769 673 1817 730 Sed

209 761 328 840 plicent.
345 759 623 838 lnsuperLuciauus
637 771 805 830 auctorest,
818 759 990 818 Abderiticae
1039 765 1153 824 frustra.
1168 762 1251 819 Hunc
1264 763 1341 819 enim
1357 761 1482 818 maxime
1495 760 1625 818 affixisse
1637 761 1747 819 animis
1759 779 1816 817 eam

210 849 336 907 civitatis
346 848 493 906 alumnum
508 847 567 925 (38)
583 849 614 906 in
626 848 761 924 sepulcro
776 848 909 906 latentem
924 847 989 904 ibi·
1037 851 1218 910 dulcedinem
1240 861 1360 908 constat.
1376 847 1817 925 Plenumquamiraculiethoc,

210 951 267 1009 que
282 933 397 991 diurnis
415 933 624 1010 nocturnisque
639 931 720 990 horis
735 930 890 990 scribendo
907 950 990 989 occu·
1038 939 1146 1016 pariter
1172 949 1309 1012 utrasque
1334 948 1409 994 artes
1435 935 1614 1012 effloruisse,
1647 935 1817 993 medicinam

210 1035 309 1097 patum
332 1039 349 1077 a
374 1019 474 1096 pueris
494 1020 620 1078 lemures
642 1016 849 1077 simulantibus
868 1034 991 1094 euntque
1039 1025 1106 1083 diuo
1122 1021 1438 1100 mugieenque‚eadetn
1447 1023 1619 1080 aetuteillam
1632 1021 1818 1100 Hippocrate,

210 1120 318 1163 terrere
332 1105 500 1164 volentibus
511 1106 631 1164 illusum
645 1123 718 1164 esse.
739 1102 855 1174 Quibus
867 1122 933 1162 eum
948 1105 992 1162 ni·
1039 1113 1112 1171 hono
1127 1111 1292 1170 Democrito
1306 1110 1536 1180 illustrantibus,
1549 1111 1628 1168 cisoa
1637 1109 1819 1187 peloponii.

210 1190 253 1248 hil
269 1193 324 1249 ista
344 1211 374 1249 re
399 1203 508 1248 sumum
531 1211 564 1250 ac
587 1210 624 1250 ne
649 1191 851 1269 respicientem
875 1190 990 1266 quidem
1039 1201 1148 1258 siacum
1167 1198 1288 1256 Gtaeoiae
1302 1197 1412 1255 bellum
1436 1197 1513 1274 quod
1537 1209 1651 1272 gestum
1665 1210 1712 1255 est
1726 1217 1743 1255 a
1756 1198 1819 1255 CCC

211 1281 396 1357 reapondisse
416 1285 456 1338 ait
480 1302 487 1336 ι
517 1306 530 1332 ·
557 1283 675 1338 ‹lesiet'te
695 1283 808 1336 taudem
836 1281 949 1346 ludere,
975 1303 988 1330 ι
1039 1287 1122 1346 urbis
1139 1299 1247 1344 nostrae
1262 1299 1347 1343 anno.
1361 1309 1374 1336 s
1399 1282 1477 1342 ttihil
1492 1303 1622 1361 unquam
1641 1285 1743 1342 minus
1757 1305 1820 1342 rere

212 1365 322 1443 quippe
336 1367 384 1424 cui
397 1385 566 1442 persuasum
582 1380 673 1440 emet,
691 1366 804 1424 animos
825 1385 842 1424 e
860 1367 993 1442 corpori·
1039 1393 1124 1450 quam
1132 1373 1196 1430 bac
1212 1370 1303 1430 rerba
1314 1369 1430 1429 Plinius
1444 1371 1572 1448 scripsit.
1583 1370 1642 1428 Sed
1653 1390 1747 1447 quum
1758 1373 1820 1429 iude

211 1453 267 1509 bus
280 1451 358 1510 hisce
377 1453 492 1530 elapsus
505 1453 579 1511 nihil
594 1471 667 1514 esse.
684 1452 758 1523 Quis
775 1465 869 1510 autem
890 1471 991 1510 eorum
1039 1459 1183 1518 aclaudii
1197 1458 1387 1536 imperatoris
1401 1471 1531 1535 tempore
1551 1457 1648 1532 magia
1661 1477 1719 1536 per
1732 1457 1819 1534 impe-

212 1539 264 1614 qui
276 1537 435 1597 Luciauum
450 1539 525 1598 bene
538 1553 647 1598 norunt
658 1540 689 1598 in
704 1539 834 1598 animum
855 1539 991 1610 inducat,
1040 1549 1115 1606 rium
1129 1547 1290 1605 Romanum
1307 1563 1412 1621 magon
1426 1545 1558 1622 quotidie
1573 1545 1760 1602 incremento
1773 1565 1820 1602 ω.

212 1624 440 1684 urbauissimum
454 1629 626 1705 scriptorem
637 1628 689 1703 qui
701 1625 789 1703 hujus
802 1626 915 1700 generis
925 1644 991 1682 aar·
1039 1647 1139 1713 perot,
1155 1653 1213 1692 oon
1222 1631 1396 1691 dubitabant
1407 1631 1525 1707 magioae
1535 1631 1646 1690 fraudis
1657 1630 1820 1690 defensores

212 1713 389 1772 ratiunculas
418 1728 506 1792 prout
542 1732 670 1792 praeseus
701 1711 822 1770 materia
847 1711 994 1789 postulate
1040 1723 1076 1781 ad
1088 1721 1288 1781 auctoritatem
1298 1720 1326 1778 ei
1339 1738 1425 1797 quam
1435 1718 1649 1797 profitebantur
1659 1717 1820 1797 disciplina

211 1799 365 1859 ridebatur
378 1803 530 1860 immutare
540 1813 745 1872 consueverat,
757 1799 805 1858 hic
814 1799 927 1858 illibata
937 1798 994 1856 lide
1040 1809 1251 1868 conciliandum
1276 1807 1406 1884 antiquis
1443 1805 1638 1884 philosophia
1656 1806 1821 1864 auctoribus

213 1888 322 1946 referre
342 1908 408 1965 quae
427 1890 458 1948 in
477 1889 605 1967 antiquis
624 1889 787 1948 litterarum
799 1888 994 1946 monumentis
1040 1916 1129 1975 opero
1143 1895 1254 1970 magica
1263 1892 1418 1970 subjicere.
1430 1891 1625 1962 Quamobrem
1636 1892 1734 1951 Plinii
1747 1905 1821 1950 atate

213 1978 379 2054 repererat?
494 2031 496 2036 .
1040 1981 1192 2040 subdititia
1218 1980 1384 2038 ferebantur
1404 1981 1543 2058 opuscula
1568 1980 1604 2036 ad
1625 1980 1820 2038 Democritum

253 2065 347 2124 Venio
361 2083 439 2122 nunc
455 2063 492 2123 ad
513 2062 625 2122 tabulas
639 2082 657 2121 a
672 2063 783 2121 Graecis
799 2061 995 2139 Romanisque
1040 2081 1185 2126 auctorem
1198 2066 1439 2143 asubjectoribus
1451 2067 1549 2127 relata.
1562 2066 1605 2124 list
1616 2066 1664 2125 his
1677 2070 1820 2145 opusculis

212 2150 351 2208 interiore
365 2164 446 2210 astate
471 2154 658 2227 excogitatas.
679 2155 720 2208 Ae
732 2150 860 2228 primum
876 2149 994 2226 quidem
1042 2154 1153 2211 Plinius
1167 2153 1260 2212 variis
1278 2152 1408 2212 historiar
1429 2152 1570 2210 naturalis
1580 2153 1655 2210 locis
1671 2154 1763 2224 mna,
1779 2155 1820 2211 iu-

212 2237 440 2298 celebratissima
453 2253 496 2298 est
510 2239 560 2296 illa
574 2237 686 2316 quade
700 2237 869 2297 voluntaria
883 2238 992 2298 Demo·
1041 2239 1210 2310 credibilia,
1223 2251 1389 2318 portentosa
1400 2239 1431 2296 in
1447 2238 1573 2296 medium
1587 2238 1721 2316 prolem,
1737 2259 1820 2316 quaa

212 2324 280 2382 criti
295 2323 597 2403 eaecitateapluribus
611 2336 853 2384 commemoratur
868 2325 994 2383 auctori·
1041 2327 1206 2385 Democrito
1227 2328 1335 2404 scripta
1356 2344 1419 2384 esse
1434 2325 1495 2402 jam
1511 2343 1595 2384 nemo
1609 2327 1722 2387 credet.
1746 2331 1819 2383 Pra-

212 2411 269 2470 bus
284 2413 464 2490 (39),qnam
479 2425 575 2472 tamen
582 2413 690 2490 jureut
703 2413 885 2472 mendacium
898 2411 995 2489 rejicit
1041 2413 1118 2472 clare
1131 2431 1203 2471 vere
1221 2412 1333 2471 Gellius
1358 2412 1443 2472 Noct.
1459 2417 1516 2470 Att.
1537 2410 1574 2484 X,
1602 2432 1637 2468 ra
1663 2411 1818 2482 intellexit,

212 2496 384 2557 Plutarchus
394 2498 640 2579 [lepluoiuupeqp.
652 2520 681 2577 p.
693 2489 795 2558 iar'D.
807 2500 919 2560 Deinde
935 2519 994 2558 nen
1040 2502 1191 2578 deceptum
1211 2500 1299 2560 luisse
1319 2500 1462 2558 naturalis
1486 2499 1616 2558 historiae
1641 2499 1818 2558 conditorem

212 2584 298 2661 pauci
310 2586 467 2663 scriptores
488 2588 548 2664 (lo)
565 2587 633 2645 inde
647 2585 684 2645 ab
698 2587 849 2646 Octaviani
869 2589 991 2664 Augusti
1041 2587 1148 2646 libellis
1163 2585 1369 2665 supposititiis.
1383 2587 1569 2664 Quapropter
1581 2587 1619 2645 iis
1635 2607 1706 2664 quas
1719 2607 1757 2646 ex
1768 2589 1820 2647 Pli-

214 2669 274 2727 iere
289 2672 470 2750 temporibus
480 2672 564 2750 ajunt
573 2674 770 2732 Democritum
783 2675 884 2733 risisse
894 2693 996 2734 omnes
1040 2675 1092 2732 nio
1107 2675 1252 2752 excerpsit
1264 2673 1326 2731 haec
1340 2673 1493 2750 subjungit
1508 2695 1515 2730 ι
1533 2699 1544 2722 ι
1560 2675 1650 2732 multa
1663 2688 1764 2732 autem
1778 2679 1819 2732 ri-

213 2777 260 2817 res
271 2758 463 2818 humanusvel
476 2772 508 2818 ut
518 2759 568 2818 alii
580 2760 684 2818 volunt
697 2778 845 2836 uunquam
858 2761 921 2818 sine
933 2759 996 2818 risa
1041 2760 1146 2818 dentur
1159 2760 1196 2818 ab
1211 2759 1380 2818 hominibus
1402 2760 1476 2818 male
1493 2760 1661 2819 sollertibus
1683 2761 1819 2838 hujussc-

213 2848 245 2904 iu
267 2845 417 2924 publicum
441 2847 595 2926 prodiisse.
616 2846 673 2904 Sed
692 2859 725 2905 ut
741 2859 894 2925 perpetuas
909 2846 995 2904 llera·
1042 2847 1121 2905 modi
1154 2858 1317 2905 commenta
1351 2847 1382 2904 in
1414 2847 1575 2906 Democriti
1606 2867 1719 2906 nomen
1746 2850 1819 2918 datu,

163 2939 168 2950 “
213 2935 277 2992 oliti
292 2935 443 3005 lacrimas,
458 2934 499 2992 ita
510 2933 601 2992 risum
614 2933 843 3004 Democriteum,
857 2933 904 2990 cui
920 2933 996 2992 inter
1042 2934 1205 2993 nobilitatis
1230 2935 1468 3011 auctoritatisque
1479 2934 1543 3011 ejus
1563 2936 1702 3013 perfugio
1721 2939 1819 2994 utenti-

214 3036 257 3080 tot
279 3035 431 3099 tantosque
449 3021 611 3080 doctissimi
631 3020 761 3080 hominis
780 3021 894 3078 labores
921 3021 994 3078 nihil
1041 3021 1106 3080 bus.
1123 3047 1135 3074 n
1151 3021 1249 3079 Plinio
1258 3021 1333 3078 haud
1348 3022 1409 3080 scio
1422 3041 1458 3080 an
1472 3041 1621 3100 opponere
1634 3022 1724 3080 liceat
1740 3026 1817 3081 etism

214 3108 274 3167 loci
301 3110 390 3178 luisse
422 3109 530 3186 liquet,
564 3127 658 3186 aeque
681 3108 849 3167 Aristoteles
876 3123 997 3167 noverat
1041 3107 1145 3168 utut.
1167 3109 1298 3166 Solinum
1319 3107 1462 3184 Polyhist.
1486 3127 1550 3186 cap.
1573 3109 1688 3184 3apud
1704 3113 1816 3169 Salmas.

216 3217 310 3275 neque
324 3201 476 3277 quisquam
494 3211 623 3256 veterum
639 3199 819 3258 Graecorum.
838 3198 934 3268 Quare
947 3197 996 3256 hic
1042 3195 1168 3256 Exercit.
1180 3195 1258 3254 Plin.
1269 3213 1335 3271 paq.
1351 3197 1383 3252 13
1400 3195 1446 3254 ed.
1458 3193 1541 3271 Traj.
1562 3195 1602 3252 ita
1617 3196 1792 3255 scribentem
1811 3221 1816 3253 :

215 3305 332 3362 quoque
354 3306 408 3363 pro
428 3286 624 3344 conrureutitio
643 3283 793 3343 habendus
814 3284 880 3342 erit.
902 3285 996 3342 Porro
1045 3281 1175 3340 «Verum
1195 3299 1262 3356 ager
1279 3279 1464 3353 Cot-sicanus,
1483 3282 1561 3359 quod
1580 3284 1610 3340 in
1624 3301 1660 3340 eo
1674 3303 1748 3359 agro
1761 3286 1818 3342 uni·

215 3371 373 3430 multorum
402 3371 457 3430 tuit
474 3373 576 3450 opinio
602 3391 693 3448 eaque
717 3390 735 3428 a
760 3369 850 3428 Plinii
877 3369 996 3446 majoris
1042 3387 1107 3424 cum
1122 3381 1180 3437 est,
1206 3367 1286 3426 solus
1300 3367 1361 3424 edit
1374 3387 1460 3444 quem
1473 3369 1618 3447 κατιχῖτην
1631 3384 1743 3429 vocant
1753 3372 1818 3448 lapi·

215 3478 308 3536 usque
320 3459 501 3536 temporibus
514 3459 619 3530 ducta,
633 3458 830 3516 Democritum
845 3458 921 3515 inter
938 3477 996 3515 ma·
1042 3452 1107 3510 dem
1123 3454 1181 3512 fatu
1198 3453 1412 3530 dignissimum.
1425 3455 1518 3532 lilajor
1532 3467 1576 3514 est
1587 3457 1703 3514 eaeteris
1725 3461 1774 3534 qui
1787 3459 1816 3514 ad

213 3567 268 3622 gos
280 3568 384 3606 nomen
394 3567 477 3608 suum
486 3547 646 3627 professum
658 3565 731 3607 esse.
739 3547 826 3605 Plinii
836 3546 895 3622 (tr)
907 3546 997 3605 verba
1042 3552 1174 3597 ornatum
1187 3540 1379 3616 destinantur,
1395 3559 1447 3598 nec
1460 3554 1519 3598 tam
1532 3559 1646 3617 gemma
1655 3563 1746 3619 quam
1759 3565 1816 3602 cau·

214 3649 284 3694 sunt
300 3659 306 3692 :
325 3662 337 3688 α
357 3656 530 3714 quamquam
549 3635 748 3694 animadverto
770 3654 910 3693 summam
924 3635 998 3692 litte·
1042 3639 1092 3685 tes·
1108 3627 1185 3686 idem
1198 3629 1351 3706 impositas
1368 3649 1469 3688 manus
1482 3629 1606 3700 definiit,
1620 3629 1663 3686 5¹²
1677 3631 1815 3706 sejunctis

217 3743 314 3782 rarum
329 3724 485 3782 claritatem
500 3724 682 3800 gloriamque
694 3741 730 3780 ex
748 3741 782 3779 ea
795 3721 955 3797 scientiali.
968 3739 993 3777 e.
1042 3715 1216 3792 corporibus
1248 3729 1417 3787 annectens,
1443 3729 1476 3773 ut
1504 3735 1569 3774 cum
1602 3718 1670 3793 ipso
1700 3718 1815 3776 haereant

217 3809 377 3892 emugiee}
402 3812 564 3888 antiquitus
578 3823 606 3868 et
626 3828 709 3888 paene
730 3825 845 3884 semper
867 3809 995 3884 petitum.
1042 3801 1150 3877 quibus
1173 3803 1321 3879 tangitur3
1343 3805 1385 3861 sic
1404 3804 1432 3862 ei
1449 3804 1523 3862 inest
1548 3803 1629 3862 velut
1652 3804 1814 3880 deglutire

217 3897 302 3955 Cotto
338 3898 533 3974 Pythagoras,
564 3895 769 3975 Empedocleo,
796 3895 1011 3964 Democritus,
1042 3889 1164 3947 lentiore
1182 3889 1281 3947 nescio
1300 3890 1373 3966 quid
1386 3908 1497 3968 parque
1510 3891 1630 3966 gummi.
1654 3895 1813 3972 Accipimus

218 3983 301 4041 Plato
324 3983 455 4042 adhunc
478 3985 645 4042 discendam
668 3984 859 4058 navigavere,
882 3980 997 4040 exsiliis
1042 3974 1239 4034 Democritum
1279 3975 1438 4034 Abderiten
1470 3980 1660 4034 ostentatione
1693 3980 1812 4056 scrupuli

218 4071 317 4128 verius
341 4091 426 4148 quam
442 4069 729 4148 peregrinationibus
748 4069 899 4146 susceptis.
917 4069 997 4126 llanc
1043 4061 1130 4139 hujus
1145 4063 1313 4155 Dequenter
1331 4083 1415 4122 usum
1438 4061 1473 4120 ad
1491 4061 1671 4140 probandam
1682 4068 1812 4124 occultam

221 4156 332 4215 reversi
343 4158 536 4235 praedicavere
555 4179 562 4214 :
585 4157 659 4216 hanc
677 4157 708 4215 in
726 4156 840 4215 arcanis
860 4154 995 4214 habuere.
1043 4161 1153 4208 naturae
1170 4151 1330 4228 potentiam
1345 4150 1378 4207 in
1405 4146 1613 4208 certaminibus
1634 4170 1700 4226 qnae
1724 4165 1813 4210 contra

221 4243 401 4302 Democritus
413 4243 626 4321 Apollobechen
641 4244 776 4321 Coptiteu
791 4256 819 4301 et
830 4243 995 4300 Dardanum
1044 4257 1143 4314 magos
1157 4237 1269 4300 habuit.
1288 4265 1301 4291 a
1320 4237 1348 4298 Si
1365 4257 1492 4316 uuquam
1509 4257 1574 4296 cum
1594 4239 1689 4313 magis
1708 4240 1739 4296 in
1755 4242 1812 4295 Per·

206 4348 236 4384 -e
249 4329 385 4388 Phoenice
398 4331 572 4404 illustravit,
591 4330 793 4390 voluminibus
818 4330 945 4390 Dardani
967 4329 997 4387 in
1044 4327 1108 4386 side
1133 4327 1255 4386 certavit
1276 4327 1479 4397 Democritus,
1492 4324 1571 4402 quod
1593 4325 1680 4385 valde
1702 4326 1811 4384 dubium

220 4417 385 4494 sepulcrum
400 4417 463 4494 ejus
479 4419 577 4496 petitis
599 4440 606 4474 :
622 4419 683 4477 suis
697 4438 768 4477 vero
791 4437 827 4476 ex
845 4418 998 4496 disciplina
1044 4430 1102 4487 est,
1115 4435 1131 4474 e
1147 4415 1240 4474 Solini
1252 4413 1351 4474 verbis
1362 4417 1445 4492 sequi
1456 4415 1580 4485 videtur,
1598 4415 1741 4473 studuisse
1754 4433 1809 4472 eun

220 4521 321 4561 eorum
335 4504 421 4562 editis
438 4525 521 4582 :quse
535 4519 649 4582 recepta
662 4504 699 4564 ab
713 4505 779 4562 aliis
789 4505 941 4563 homiuum
957 4518 997 4562 at·
1047 4523 1141 4561 rerum
1153 4503 1328 4561 neutralium
1341 4521 1397 4580 ope
1410 4520 1556 4577 magorum
1568 4513 1661 4558 artem
1676 4501 1745 4558 nihil
1758 4519 1812 4558 esse

221 4609 278 4666 quc
298 4591 444 4650 mansiisse
463 4611 516 4670 per
541 4593 708 4650 memoriam
728 4610 811 4668 reque
825 4611 858 4648 ac
878 4590 951 4648 nihil
968 4592 997 4648 in
1045 4591 1250 4650 demonstrare.
1263 4589 1298 4647 ln
1313 4591 1376 4668 ipsa
1390 4589 1505 4646 Gracia
1518 4588 1570 4647 illa
1584 4600 1749 4666 tempestate
1760 4605 1809 4644 non

252 4797 303 4862 (tt)
315 4797 435 4849 humanus
446 4796 597 4860 Philepseud.
614 4811 669 4861 cap.
686 4804 715 4848 at
726 4797 774 4846 vel.
793 4799 837 4858 111,
849 4809 903 4859 pag.
919 4802 948 4848 att
960 4797 997 4848 ed.
1046 4801 1083 4846 ts.
1094 4797 1200 4848 AEliaaus
1213 4797 1271 4844 Var-
1287 4795 1348 4848 illst.
1360 4793 1401 4844 lib.
1419 4796 1463 4850 tv,
1476 4799 1519 4854 te,
1535 4793 1566 4842 ct.
1586 4794 1630 4854 lv,
1643 4798 1682 4842 ²9.
1698 4793 1779 4842 suidas
1788 4805 1807 4838 r.

143 4885 146 4892 “
221 4870 296 4919 ttettu
1043 4867 1194 4930 Δημόκριτος.
1207 4867 1321 4923 ἐπεκλήθη
1330 4866 1355 4914 tt
1370 4865 1410 4914 aui
1420 4864 1541 4918 Γελασῖνος
1554 4862 1593 4912 διὰ
1607 4865 1636 4912 τὸ
1651 4865 1718 4925 ruitis
1728 4863 1808 4925 spitui

252 4939 301 5000 (39)
319 4939 411 4988 Gellius
425 4939 467 4988 lib.
477 4941 500 4988 Χ
518 4951 569 5000 esp.
589 4943 626 4988 tt.
639 4937 799 4988 Tertullianus
812 4937 910 4998 apolog.
923 4949 945 4986 e.
958 4939 997 4985 46.
1042 4937 1198 4986 κενόσπουδον
1208 4941 1255 4985 τῶν
1265 4936 1400 4999 ἀνθρώπων.
1413 4933 1524 4984 Juvenal.
1536 4935 1585 4982 Sat.
1600 4935 1634 4996 X,
1646 4938 1724 4986 test.
1740 4934 1806 4982 tlara·

221 5008 307 5057 cicero
318 5009 415 5059 tuscul.
425 5009 492 5072 nup.
504 5009 546 5059 lib.
557 5009 589 5070 V,
603 5011 648 5069 ³9;
662 5008 719 5058 item
732 5006 762 5056 de
772 5008 823 5057 Fla.
834 5007 890 5056 bon.
903 5007 928 5055 et
940 5005 997 5056 mal.
1044 5006 1090 5054 tius
1100 5006 1172 5069 Epist
1188 5004 1229 5054 tib.
1241 5006 1273 5065 ll,
1288 5007 1299 5053 t
1312 5017 1349 5053 vs.
1369 5007 1481 5053 tat-tut.
1503 5045 1508 5054 ,
1795 5007 1797 5011 ·

221 5077 263 5126 Ιιιι.
276 5081 360 5140 vesp.
376 5087 414 5130 ae.
1074 5074 1355 5140 (ttlt’liniusltistmat.
1369 5073 1486 5123 libitu
1498 5082 1552 5133 cap.
1566 5075 1587 5120 t.

252 5149 300 5208 (te)
309 5152 396 5200 &neca
409 5150 449 5200 tib.
463 5153 485 5200 11
495 5150 525 5201 de
537 5153 575 5200 tra
585 5163 638 5213 esp.
653 5148 735 5211 te;de
750 5147 930 5211 tranquillitate
944 5159 996 5209 cap.
