3840 5924
631 393 873 456 Elisiuociis
894 394 1083 456 castillis.
1634 380 1659 464 'g

143 521 239 580 ίελοτε
254 516 302 596 μέν
316 514 435 598 φιλότητι
447 513 617 594 συνερχόμεν’
633 515 669 582 εἰς
682 514 709 574 ἓν
724 513 841 594 ἅπαντα,
886 524 959 576 modo
974 535 1016 588 par
1030 523 1159 574 amicitiam
1175 525 1286 576 συειιοθι
1299 525 1324 576 ln
1335 537 1410 577 unum
1421 529 1524 590 macta,

140 609 236 668 άλλοπε
246 607 269 664 δ’
282 597 315 665 αθ
327 603 380 682 δίχ’
392 602 492 662 ἕκαστα
501 601 646 681 φορεύμενα
657 601 752 668 νείκεος
760 601 841 680 ἔχθει.

90 717 118 758 το
144 683 268 772 Otrous}
283 691 330 768 μὲν
349 690 375 750 ἓν
390 693 421 749 ἐκ
434 688 549 748 πλεόνων
563 689 701 766 μεμάθηκε
717 689 842 768 φύεσθαι,

147 780 192 853 ἠδέ
202 780 284 838 πάλιν
305 776 443 858 διαφέντος
454 775 509 844 trie
523 775 611 835 πλέον’
625 775 801 852 ἐκτελίθουσι,

141 873 175 948 τῇ
189 865 237 944 μέν
248 864 382 946 γίγνονταί
393 888 422 924 τε
434 864 479 924 καὶ
493 862 522 922 ού
535 887 623 946 σφισιν
638 863 748 942 ἔμπεδος
760 865 844 924 αίύιν·

141 949 160 1033 ᾖ
173 956 200 1014 δέ
214 954 273 1014 τάδ’
289 953 454 1014 ἀλλάσσοντα
473 951 614 1032 διαμπερὲς
633 949 736 1028 οὗδαμδι
749 951 840 1030 λήγει,

142 1041 226 1121 ταύτῃ
241 1041 262 1099 δ’
277 1040 332 1100 αἰὲν
342 1040 414 1099 taen
430 1036 552 1112 ἀκίνητον
568 1037 637 1098 κατά
652 1027 759 1100 κύκλον.
779 1038 843 1122 [Εει.

91 1153 120 1192 aa
147 1129 217 1190 Ἀλλ’
229 1129 285 1208 άγε,
300 1127 389 1206 μύθων
402 1129 493 1186 κλῦθι·
507 1125 579 1203 μάθη
589 1127 640 1205 γάρ
649 1148 688 1186 τοι
698 1126 844 1207 φρέναςαύ·

141 1215 300 1295 ‘impleant
308 1213 740 1294 πρλνέειπα,πιφαύσκωνπείρατα
748 1213 845 1290 μύθων,

147 1303 219 1362 δίπλ’
232 1298 312 1380 ἐρέω·
323 1299 382 1359 τοτὲ
398 1298 446 1376 μέν
461 1298 512 1380 γδιρ
532 1299 558 1358 δν
571 1301 672 1372 ηὐξήθη
688 1301 768 1377 μόνον
779 1293 845 1361 εἶναι

144 1387 301 1448 έκπλεόνων
311 1431 320 1463 ,
330 1387 388 1446 τοτὲ
398 1387 421 1445 δ’
438 1379 471 1444 οιύ
483 1387 556 1466 διέφυ
568 1387 647 1446 πλέον
662 1387 687 1456 ἐξ
700 1389 754 1456 ἑνδς
768 1379 845 1448 εἶναι·

147 1482 201 1555 πῦρ
213 1475 259 1535 καί
270 1473 339 1554 ὕδωρ
350 1475 395 1533 καὶ
406 1481 470 1551 γαῖα
485 1473 530 1532 καὶ
545 1473 644 1553 αἰθέρος
657 1474 735 1546 ήπιον
749 1474 829 1554 ὕψος,

87 1585 118 1625 σο
143 1563 238 1630 Νεῐκός
246 1565 270 1620 τ’
288 1563 428 1637 οὐλόμενον
440 1561 502 1642 δίχα
512 1564 579 1639 τῶν,
591 1561 733 1622 ἀτάλαντον
743 1563 846 1644 ἑκάστῳ

143 1652 189 1709 καὶ
203 1647 320 1720 Φιλότης
332 1647 399 1724 μετδι
407 1649 500 1720 τοῖσιν,
509 1645 553 1722 ἴση
565 1647 648 1726 μῆκός
660 1672 689 1708 τε
699 1649 799 1717 πλάτος
807 1669 844 1709 τε·

143 1738 193 1808 τήν
203 1736 235 1794 σθ
249 1735 300 1815 νόῳ
312 1737 402 1815 δέρκεο
415 1735 478 1810 μηδ’
488 1733 603 1812 ὄμμασιν
613 1727 662 1807 ήσο
673 1737 805 1807 τεθηπώς·

146 1825 204 1896 ἥτις
230 1825 275 1882 καὶ
286 1829 400 1894 θνητοῖσι
419 1821 551 1899 νομίζεται
564 1823 677 1902 έμφυτος
688 1823 803 1904 ἄρθροις,

148 1918 182 1992 τῇ
194 1934 222 1970 τε
234 1909 297 1992 φίλα
313 1907 448 1990 φρονέοντ’
463 1909 495 1968 ἰδ’
509 1909 598 1985 θμοίισι
613 1909 679 1990 ἔργα
694 1913 805 1984 τελοῦσι,

92 2023 121 2062 σε
148 1997 295 2078 γηθοσύνην
309 1999 446 2064 καλέοντες
461 1995 599 2074 ἐπώνυμον
618 1997 660 2070 ἠδ’
676 1998 844 2079 Ἀφροδίτην·

146 2088 196 2158 τὴν
206 2086 274 2153 οὔτις
284 2085 326 2143 διδ
334 2084 429 2152 παντὸς
439 2083 608 2161 ἑλισσομένην
623 2085 733 2159 δεδάηκε
745 2086 845 2165 [τηλόν.

147 2175 241 2245 θνητὸς
252 2172 327 2252 ιἰνήρ.
340 2171 379 2232 Σὺ
392 2173 415 2231 δ’
424 2171 502 2231 άκονε
515 2171 599 2252 λόγων
614 2174 705 2246 στολον
714 2176 761 2234 αύκ
772 2177 845 2232 ιἰπα-

143 2265 171 2322 Τ
171 2267 240 2320 αὔτα
252 2261 304 2340 γδρ
314 2250 365 2319 ’ίσά
374 2282 402 2318 τε
417 2261 506 2320 πάντα
519 2259 565 2319 καί
579 2259 659 2334 ἥλικα
668 2263 760 2340 γένναν
775 2261 844 2341 isos,

145 2353 227 2426 τιμῆς
236 2347 258 2407 δ’
265 2347 346 2420 ἄλλης
360 2347 424 2406 dile
438 2347 526 2422 μέδει,
537 2347 611 2426 πάρα
626 2349 648 2406 δ’
658 2341 718 2421 ήθος
732 2349 844 2431 tederet·

85 2457 116 2497 ao
142 2437 171 2493 ἐν
183 2434 210 2493 δέ
224 2433 296 2514 μέρει
306 2433 444 2513 κρατέουσι
456 2435 658 2512 περιπλομένοιο
671 2437 786 2511 κύκλοιο,

144 2521 193 2581 καὶ
205 2521 287 2602 φθίνει
298 2523 334 2589 είς
346 2523 450 2593 ἄλληλα
464 2521 509 2580 καί
524 2521 630 2590 αὔξεται
640 2526 666 2582 έν
675 2525 747 2603 μέρει
758 2523 843 2596 αίσης.

146 2610 203 2670 Καὶ
215 2609 277 2689 πρὸς
287 2611 342 2676 τοῖς
348 2607 402 2668 οὔτ’
410 2609 474 2668 ἄλλο
482 2632 507 2668 τι
518 2611 695 2690 γίγνεταιοθδ’
705 2613 842 2692 ἀπολήγει.

144 2693 211 2755 Εἴτε
222 2694 273 2774 γάρ
286 2696 431 2776 ίφθείροντο
445 2695 597 2777 διαμπερές,
613 2697 695 2759 οὐκέτ’
710 2699 742 2760 δν
754 2693 843 2770 ἦσαν..

147 2787 225 2842 τοῦτο
237 2785 261 2842 δ’
269 2783 422 2855 έπανξήσειε
433 2783 523 2844 τδπθν
537 2785 600 2845 τέκε
613 2786 658 2845 καλ
670 2787 748 2846 πόθιν
760 2787 844 2863 ίλθόν;

86 2890 117 2930 ιο
147 2873 189 2940 πῆ
200 2870 228 2927 δέ
240 2891 271 2928 κε
285 2871 330 2928 καὶ
341 2871 489 2946 ἀπολοίατ’,
498 2873 556 2932 ἐπεὶ
567 2873 644 2934 τῶνδ’
651 2874 724 2934 οὐδέν
735 2873 844 2953 ίρημονς

147 2958 209 3016 ἀλλ’
221 2955 281 3014 αὔτ’
293 2955 364 3014 έστεν
378 2963 476 3030 ταῦτα,
493 2960 526 3018 δι’
541 2961 662 3032 ἀλλήλων
677 2961 703 3019 δέ
716 2961 807 3022 θέοντα

144 3043 265 3120 γίγνεται
276 3044 367 3102 ἄλλοτε
381 3043 449 3103 άλλα
465 3047 593 3121 διηνεκές,
607 3046 661 3108 oliv
679 3050 766 3124 ὁμοῖα.

145 3127 231 3190 Ἄλλο
245 3131 273 3189 δέ
287 3153 328 3189 τοι
343 3130 421 3211 ἐρέω·
437 3131 511 3213 φύσις
525 3134 626 3200 οὐδενός
638 3137 708 3194 ἐστιν
723 3135 846 3197 ἁπάντων

144 3223 266 3292 θνητῶν,
281 3219 339 3278 οὐδέ
349 3242 388 3285 τις
398 3219 538 3295 οὐλομένου
552 3219 672 3279 θανάτοιο
684 3221 804 3297 τελευτή,

83 3327 128 3367 roo
149 3305 221 3364 illi
238 3306 315 3382 μόνον
332 3304 400 3381 μῖξίς
414 3329 442 3364 τε
454 3305 586 3375 διάλλαξίς
597 3329 626 3366 τε
639 3307 766 3385 μιγέντων

147 3391 219 3464 ἐστί,
229 3391 303 3472 φύσις
316 3391 339 3451 δ’
354 3390 398 3451 ἐπὶ
411 3401 464 3460 τοῖς
476 3393 630 3469 ὀνομάζεται
645 3395 826 3474 ἀνθρώποισιν.

144 3481 179 3538 ἐκ
189 3483 233 3537 τοῦ
249 3479 300 3560 γὰρ
314 3477 351 3554 μή
368 3477 452 3546 ἐόντος
465 3478 601 3558 ἀμήχανόν
620 3483 676 3540 ἐστι
688 3481 827 3560 γενέσθαι,

146 3565 180 3625 τά
196 3567 219 3622 r'
235 3566 277 3623 tte
292 3564 444 3634 ἐξόλλυσθαι
459 3565 600 3638 ιἰνήννσταν
616 3567 662 3626 καί
678 3568 826 3649 ἄπρηκτον·

147 3654 202 3711 αἰεί
215 3652 266 3732 γάρ
277 3653 413 3732 περιέσται
426 3651 479 3734 ὅπη
488 3653 519 3712 κέ
529 3677 568 3721 τις
584 3653 638 3714 αἰέν
651 3657 752 3736 έρείδη,

81 3761 127 3801 tos
149 3741 220 3800 ἀλλὰ
231 3749 320 3808 κακοῖς
330 3741 377 3816 μὲν
384 3741 469 3822 κάρτα
474 3740 548 3800 πελει
557 3742 709 3822 κρατέουσιν
719 3748 848 3806 ἀπιστεῖν·

146 3833 184 3894 ὡς
195 3826 224 3886 δέ
233 3827 297 3906 παρ’
306 3829 436 3908 ἡμετέρης
445 3827 549 3887 κέλεται
557 3830 716 3909 πιστώματα
727 3836 846 3907 Μούσης,

146 3918 240 3992 γνῶθι,
256 3915 439 3993 διατμηθέντος
453 3915 491 3974 ἐνὶ
503 3916 677 3996 σπλάγχνοισι
690 3919 787 3997 λόγοιο.

144 4005 183 4061 Oi
194 4004 218 4061 δ’
227 3999 251 4074 ὅ,
261 4025 287 4059 τι
294 4025 339 4060 κεν
352 4001 420 4060 κατδι
431 4005 505 4082 φῶτα
520 4003 593 4080 μιγὲν
604 4003 668 4085 φάος
683 4007 783 4087 αἰθέρος
792 4009 848 4089 ίκη,

145 4087 180 4160 ἠέ
193 4091 253 4148 κατ’
268 4089 413 4170 άγροτίρων
428 4093 513 4170 θηρῶν
532 4091 605 4168 γένος
619 4089 636 4163 ή
651 4095 721 4154 κατὰ
743 4095 848 4173 θάμνων

83 4197 128 4235 aro
149 4175 184 4248 ἠέ
194 4176 253 4234 κατ’
266 4179 378 4250 οἰωνῶν,
391 4179 450 4256 τόγε
465 4177 512 4254 μέν
525 4179 653 4258 φάσκουσι
663 4180 797 4259 γενέσθαι·

144 4252 205 4321 εὖτε
220 4263 243 4321 δ’
254 4267 443 4345 ἀποκρινθῶσι,
453 4264 483 4324 τό
497 4267 519 4323 δ’
531 4257 564 4325 αθ
580 4269 739 4345 δυσδαίμονα
749 4269 848 4347 πότμον

147 4347 291 4426 ἀπρεπέως
301 4349 439 4423 καλέουσι,
453 4349 526 4432 νόμιρ
540 4351 564 4411 δ’
576 4353 690 4432 ἐπίφημι
702 4354 747 4414 καὶ
760 4356 847 4424 αὐτός.

147 4435 266 4504 Νήπιοι·
276 4437 304 4493 οὐ
319 4436 369 4515 γάρ
384 4459 445 4517 σφιν
458 4437 636 4519 δολιχόφρονές
651 4443 701 4499 εἶσι
715 4439 849 4523 μέριμναι,

150 4519 177 4578 oi
191 4517 223 4590 δή
237 4520 371 4598 γίγνεσθαι
386 4523 467 4603 πάρος
480 4527 527 4584 οὐκ
546 4527 588 4585 tis
605 4528 753 4596 ἐλπίζουσιν

84 4627 127 4667 its
149 4605 169 4678 ἤ
185 4627 213 4664 τι
227 4607 418 4679 καταθνήσκειν
430 4633 460 4668 τε
473 4612 519 4670 καί
529 4611 678 4680 ίξολλυσθαι
693 4615 809 4690 ἁπάντη.

147 4695 208 4754 Oris
225 4692 256 4752 διν
270 4693 337 4776 ἀνὴρ
351 4703 465 4756 τοιαῦτα
475 4698 551 4780 σοφός
561 4701 637 4782 φρεσὶ
647 4703 830 4782 μαντεύσαιτο,

150 4783 186 4848 ὡς
198 4779 267 4863 άφρα
283 4784 331 4861 μέν
344 4807 374 4843 τε
389 4789 485 4864 βιῶσι,
496 4787 526 4846 τὸ
543 4788 576 4861 δή
594 4787 679 4870 βίοτον
691 4792 828 4872 καλέουσι,

146 4867 232 4950 τόφρα
240 4869 289 4944 μὲν
301 4862 346 4930 οὖν
355 4874 421 4932 εἰσιν
432 4873 543 4954 καίσφιν
552 4875 699 4956 πάραδεινθ
708 4878 753 4938 καὶ
761 4881 850 4940 ἐσθλά·

140 4955 849 5046 ΙιτρὶνδὲπάΥέδτῑβροτοὶιιαλέπείλύθενούδὲνἄρέἰσίν.

264 5122 281 5153 ὑ

887 611 959 661 modo
970 625 1053 662 rursus
1061 625 1168 662 seorsum
1177 625 1283 676 qumque
1290 615 1344 665 acts
1354 614 1479 665 durorum
1488 615 1545 666 odie

888 701 923 747 lla
936 701 1053 760 quamnns
1064 712 1160 749 nonme
1173 699 1280 762 pluribus
1291 699 1406 752 exsistere
1416 702 1541 753 consuevit

888 798 1032 850 rursusque,
1041 799 1090 836 uno
1102 785 1212 849 dirupto,
1222 787 1291 850 plura
1302 789 1452 852 exoriuntur,

887 878 986 924 mtenns
997 875 1023 924 et
1034 876 1168 924 nascuntur
1180 878 1204 924 et
1215 875 1307 924 caduco
1322 878 1380 925 sent
1394 887 1465 940 ιοιος

890 962 1009 1022 quamam
1022 973 1078 1010 vero
1090 973 1119 1010 ea
1134 963 1250 1024 perpetuo
1261 963 1350 1012 mutari
1365 976 1413 1012 non
1427 963 1552 1024 desinunt,

888 1049 988 1097 sumnus
1001 1059 1097 1110 semper
1106 1045 1236 1099 immotum
1248 1049 1382 1098 consistunt
1390 1063 1433 1112 per
1443 1050 1536 1100 oriem.

888 1139 936 1197 age
952 1148 1023 1196 vero,
1036 1133 1110 1186 veria
1122 1148 1177 1186 mea
1187 1135 1258 1197 audi,
1266 1135 1374 1186 doctrinm
1385 1137 1450 1188 enim
1461 1140 1567 1187 mentem
1583 1141 1664 1200 augei.

889 1226 1010 1284 Namque,
1020 1223 1175 1285 utautediai,
1185 1223 1327 1285 placitorum
1335 1235 1443 1274 summas
1453 1225 1665 1287 comprehendens,

889 1310 976 1373 duplex
990 1309 1053 1360 daho
1066 1313 1211 1374 preceptum
1223 1311 1312 1361 :modo
1320 1312 1384 1361 enim
1395 1324 1470 1360 noum
1484 1313 1568 1362 crescit
1580 1313 1661 1362 solum

888 1398 1040 1460 eplnribus,
1054 1398 1126 1448 modo
1136 1411 1221 1448 rursus
1235 1399 1304 1461 plura
1314 1411 1347 1448 ex
1364 1411 1413 1448 uno
1426 1401 1521 1449 σεσιείε
1532 1401 1642 1450 oriuntur
1659 1413 1665 1444 =

889 1485 963 1546 ignis,
974 1498 1036 1547 aqua
1051 1487 1075 1536 et
1089 1491 1151 1536 terra
1163 1491 1187 1535 et
1198 1485 1323 1536 clementia
1333 1487 1430 1536 mineris
1443 1487 1560 1546 altitudo,

890 1575 915 1622 et
927 1586 1034 1623 seorsum
1047 1573 1138 1623 abillis
1151 1573 1279 1622 exitiabilis
1291 1573 1415 1624 Discordia
1430 1573 1560 1635 unicuique
1576 1573 1667 1623 viribus

889 1663 914 1712 et
928 1663 989 1710 inter
1003 1661 1054 1724 ipsa
1067 1661 1255 1722 amicitiaeque
1264 1658 1334 1722 louge
1344 1662 1416 1722 atqrrc
1429 1661 1486 1710 lala.
1612 1661 1667 1723 {pas

890 1749 968 1806 Quam
981 1750 1007 1798 tu
1024 1749 1104 1797 animo
1116 1761 1187 1798 cerne
1202 1761 1263 1798 neve
1273 1749 1351 1798 serris
1366 1748 1483 1798 attonitus
1498 1748 1573 1798 sede:

891 1833 1029 1884 trancetiam
1041 1834 1153 1883 mortales
1162 1833 1319 1882 artobnseuls
1327 1833 1543 1895 ingeneratamesse
1553 1832 1666 1883 eredunt:

890 1921 936 1970 lrac
946 1921 1056 1972 benevoli
1070 1920 1131 1970 inter
1146 1933 1172 1970 se
1184 1922 1277 1970 seruiet
1294 1919 1379 1969 iisdem
1391 1919 1461 1970 rebus
1477 1920 1588 1982 student,

889 2010 1003 2072 gaudium
1018 2009 1212 2071 cognominantes
1222 2007 1289 2058 illam
1299 2012 1326 2057 et
1336 2011 1456 2058 venerem
1474 2021 1480 2051 ε

890 2109 962 2159 quam
976 2110 1017 2160 per
1027 2097 1165 2146 universum
1177 2097 1323 2158 gradientem
1337 2108 1409 2144 nenm
1418 2095 1514 2158 agnovit

892 2183 1055 2234 mortalium
1069 2195 1127 2233 vero
1139 2183 1269 2232 verborum
1285 2194 1396 2232 meorum
1408 2183 1520 2231 ornatum
1534 2193 1583 2230 non
1600 2182 1667 2230 lulla-

890 2271 947 2318 iiaec
958 2269 1022 2318 enirn
1033 2269 1098 2330 peria
1109 2269 1261 2318 suntcnncta
1270 2269 1295 2318 et
1303 2267 1405 2330 mqualia
1414 2280 1513 2329 genere,
1525 2267 1587 2332 [conr
1602 2267 1666 2318 audi.

890 2359 956 2408 aliud
966 2361 1046 2410 autem
1056 2359 1102 2408 alio
1110 2371 1208 2408 munere
1215 2357 1320 2420 iungitur
1329 2362 1354 2407 et
1364 2370 1408 2407 sua
1416 2359 1504 2420 cuique
1513 2359 1551 2408 est
1561 2357 1667 2419 indolesg

891 2445 1009 2510 pervices
1024 2457 1080 2494 vero
1093 2446 1208 2505 regnant,
1218 2445 1366 2494 circumacto
1377 2445 1493 2508 temporis
1499 2445 1575 2505 orbe,

889 2536 915 2582 et
930 2533 1062 2581 vanescunt
1072 2531 1129 2580 inse
1140 2537 1226 2580 mutuo
1240 2531 1265 2581 et
1275 2532 1384 2582 crescunt
1394 2531 1504 2580 tatalibus
1513 2530 1620 2592 vicinum

890 2618 1009 2682 nequead
1024 2619 1076 2668 lime
1085 2618 1236 2668 subnascitur
1245 2617 1394 2685 necdeperit
1406 2617 1547 2682 quidquam.

889 2706 946 2757 sive
961 2704 1025 2754 enlm
1039 2703 1206 2754 interciderent
1215 2704 1324 2766 penitus,
1336 2715 1383 2754 non
1396 2705 1499 2767 amplius
1511 2706 1600 2766 torent;
1601 2739 1651 2755 .....

891 2797 942 2844 lloc
953 2799 1033 2842 autem
1044 2792 1184 2842 renirersun
1199 2803 1255 2852 qum
1265 2791 1302 2841 vis
1310 2793 1335 2842 at
1345 2791 1409 2842 unde
1422 2791 1526 2855 protecta
1536 2795 1637 2854 augeat?

890 2879 1017 2938 Quomodo
1023 2878 1337 2940 llemlnteresntelementa,
1343 2891 1419 2942 quum
1432 2879 1519 2928 irerrrru
1531 2879 1667 2930 nihilritva·
1745 2940 1748 2945 Α

891 2967 992 3030 sedipss
998 2967 1056 3016 sunt
1063 2967 1111 3026 illa,
1118 2967 1275 3016 commeantia
1283 2971 1365 3017 autem
1372 2979 1444 3030 perse
1455 2968 1559 3018 invicem
1567 2966 1666 3032 [cnumt

890 3056 949 3106 alias
963 3055 1010 3104 alia
1021 3054 1141 3104 excidant
1154 3057 1284 3116 perpetuo,
1302 3055 1353 3118 ipsa
1364 3056 1402 3106 sul
1418 3067 1512 3118 semper
1525 3055 1620 3112 similla.

891 3141 960 3193 aliud
971 3155 1028 3192 vero
1036 3142 1080 3192 tibi
1089 3141 1170 3192 δίοειπ
1181 3153 1188 3185 ι
1199 3154 1243 3192 nec
1254 3147 1321 3192 orins
1336 3144 1373 3193 est
1385 3143 1459 3193 ullius
1466 3155 1546 3193 rernm

892 3229 1042 3290 mortalium,
1054 3242 1098 3282 uec
1115 3231 1217 3280 inceste
1230 3229 1316 3279 mortis
1327 3229 1452 3289 interitus,

892 3315 935 3366 sed
949 3316 1000 3365 sola
1012 3315 1097 3366 mixtio
1110 3316 1289 3379 mixtorumque
1305 3317 1420 3376 secretio,

893 3405 1014 3465 generatio
1025 3415 1083 3454 varo
1096 3403 1120 3452 in
1133 3403 1171 3453 llis
1182 3404 1255 3452 rebus
1266 3404 1298 3451 ab
1313 3403 1451 3453 hominibus
1467 3406 1577 3452 vocatur.

891 3493 967 3540 Exeo
985 3489 1062 3548 enim,
1083 3487 1149 3552 quod
1169 3500 1216 3539 non
1236 3490 1288 3550 est,
1305 3488 1355 3538 lieri
1375 3489 1472 3550 nequit,
1494 3493 1521 3537 ut
1534 3487 1666 3551 quidquam

892 3590 934 3627 ens
948 3588 1005 3626 vero
1013 3576 1110 3626 interire
1124 3574 1191 3625 nullo
1204 3579 1274 3638 pacto
1283 3576 1374 3638 potest5
1549 3573 1668 3638 [oriatur,

893 3677 988 3728 suuper
1001 3663 1065 3714 enim
1078 3662 1214 3726 superabit,
1225 3675 1377 3725 quocumque
1386 3663 1439 3723 quir
1454 3662 1512 3710 illud
1527 3663 1667 3724 propulerit

892 3751 938 3802 sed
947 3749 1106 3813 maliautique
1115 3761 1168 3800 moa
1177 3756 1213 3800 est
1223 3749 1331 3800 diffidere
1340 3749 1439 3799 verisae
1450 3749 1578 3811 legitimis;
1591 3749 1669 3814 ibent,

892 3841 999 3900 tovero,
1017 3839 1219 3901 quemadmodum
1229 3840 1294 3888 certa
1302 3839 1377 3888 Mose
1387 3840 1476 3888 nostre
1486 3845 1625 3900 argumenta
1633 3839 1669 3900 jn·

893 3926 988 3984 teneto,
1003 3924 1084 3974 mente
1098 3924 1269 3987 inprecoriiis
1281 3925 1366 3976 divisa.
1374 3924 1424 3989 [ris
1432 3925 1510 3976 iucem
1520 3926 1669 3988 perveserit,

895 4017 924 4062 At
935 4011 979 4074 iili,
987 4009 1105 4074 quidquid
1116 4011 1256 4062 adnominis
1265 4012 1444 4062 similitudinem
1453 4014 1557 4064 mixtum
1569 4013 1671 4064 inmute-

894 4099 932 4150 vel
947 4112 979 4148 ea
988 4099 1117 4160 agrestium
1129 4099 1288 4150 animantium
1300 4113 1385 4162 genere
1397 4100 1435 4150 vel
1445 4102 1560 4151 fruticum

894 4186 933 4236 vel
944 4185 1097 4247 volucrium,
1114 4185 1139 4235 id
1150 4186 1248 4248 quidem
1260 4188 1344 4236 natum
1357 4189 1454 4249 putant;

893 4285 969 4336 quum
981 4284 1039 4324 tero
1052 4272 1091 4322 illa
1100 4273 1267 4334 secernuntur,
1278 4272 1324 4322 hoc
1334 4272 1464 4323 infaustum
1482 4275 1558 4323 iatum
1578 4273 1670 4338 [medo.

894 4359 974 4422 inepte
987 4359 1119 4422 appellant,
1133 4359 1175 4409 sed
1195 4359 1226 4408 ad
1247 4359 1445 4410 cousuetudinem
1457 4360 1508 4424 ipse
1525 4373 1564 4410 me
1576 4373 1670 4410 accom-

895 4447 966 4498 stulti
979 4461 986 4496 ι
999 4461 1076 4510 neque
1087 4448 1151 4498 enim
1161 4449 1285 4512 perspicax
1297 4449 1354 4511 ipsis
1367 4454 1454 4500 mentis
1465 4449 1528 4501 acies
1543 4455 1593 4510 est,

894 4535 922 4583 ut
934 4533 976 4596 qui
987 4534 1053 4596 qrrod
1068 4535 1133 4597 prius
1147 4548 1194 4585 non
1205 4538 1255 4587 erat
1271 4536 1294 4584 id
1307 4536 1371 4598 gigni
1381 4537 1519 4588 existiment

894 4623 936 4670 aut
946 4622 1021 4671 emori
1033 4621 1126 4683 aliquid
1138 4627 1162 4672 et
1171 4623 1266 4685 penitus
1275 4625 1424 4674 intercidere.

894 4711 977 4771 licque
988 4709 1025 4760 vir
1038 4710 1131 4773 sapiens
1141 4710 1197 4760 talia
1214 4711 1332 4774 opinetur,

895 4796 1011 4860 quamdiu
1022 4797 1104 4848 vivant
1122 4800 1253 4862 mortales,
1266 4812 1339 4864 quani
1352 4801 1386 4852 illi
1399 4802 1463 4852 certe
1482 4801 1557 4850 vitam
1571 4806 1670 4864 vorant,

894 4885 986 4936 mmdiu
995 4885 1059 4949 ipsos
1071 4898 1123 4937 esse
1134 4891 1159 4937 el
1173 4887 1235 4938 bona
1247 4887 1277 4937 lis
1295 4889 1405 4951 malaque
1417 4890 1526 4950 etenim,
1590 4889 1669 4954 [esse

896 4973 1026 5036 enimcum
1044 4986 1101 5025 vero
1114 4975 1218 5027 concreti
1228 4977 1252 5028 et
1263 4978 1391 5042 postquam
1407 4977 1518 5029 dissoluti
1530 4977 1591 5038 sint,
1610 4977 1670 5028 nihil

1491 5149 1504 5178 Ι
