3708 5916
239 366 299 416 tat

237 508 296 551 τους
309 479 407 544 ἐπαίειν
420 489 471 543 τῶν
488 485 575 544 καλῶν
591 483 702 562 ἐθέλειν,
715 483 757 544 διά
768 489 814 544 soii
829 485 928 562 λέγειν,
942 485 973 544 oi
986 485 1009 544 τ’

238 571 374 647 ἀγαθῶν
399 571 503 638 πέλας
526 572 628 630 ὄντων
654 569 913 650 οὐτ’ἐσορῶσιν,
933 572 1010 630 οὔτε

236 657 391 717 κλύουσι·
405 658 450 718 καί
466 659 505 716 ὅτι
521 658 629 716 δυνατὸν
646 660 805 727 ἀπολυθῆναι
818 662 869 718 τῶν
891 659 1010 738 αὐθαιρέ-

236 743 1009 824 τωνκακῶνδηλοίτὸλύσινδέκακῶνπαύροισυν-

239 829 345 888 ίσαοιν
354 875 364 904 ,
380 829 394 888 δ
409 831 505 906 μεταξύ
525 830 757 909 παρεμύέύληται,
775 830 817 890 ἵνα
831 835 881 889 τῶν
897 831 936 911 ἐρ’
947 836 1009 906 ἡμῖν

238 915 307 994 δείξῃ
321 916 369 986 τὴν
390 919 462 976 λύσιν
479 918 664 995 ὑπάρχουσαν,
687 917 790 975 καὶτὸν
806 917 901 992 δεσμὸν
920 923 949 976 ἐκ
966 924 1010 976 τοῦ

238 1001 355 1060 ίκουσίου
370 1006 499 1082 ἠρτῆσθαι
524 1004 640 1081 μηνύσῃ.
685 993 750 1062 Εἶτα
774 1004 943 1062 ἐπισυνάπτει
964 1004 1010 1073 τὴν

236 1090 453 1168 τυφλότητος
467 1090 511 1148 καί
524 1091 787 1168 κωρύτητοςταῖς
805 1092 840 1157 είς
855 1090 948 1148 κακίαν
966 1093 1010 1148 ἐκ·

236 1175 374 1242 πεσούσαις
395 1179 491 1256 ψυχαῖς
519 1176 618 1250 αἰτίαν,
642 1176 719 1249 τοίη
748 1177 849 1256 μοῖρα
877 1181 1010 1256 βροτῶν

238 1263 382 1338 βλάπτει
397 1263 527 1341 φρένας.
574 1267 619 1330 Εἰς
632 1265 684 1342 γάρ
703 1265 791 1324 άνοιοιν
813 1263 858 1322 καὶ
879 1265 1011 1341 άπροθσύ-

236 1349 326 1406 λευτον
340 1348 439 1428 αἵρεσιν
453 1353 466 1406 δ
483 1349 535 1408 ἀπὸ
549 1355 599 1408 τῶν
613 1351 776 1428 Κρειττύνων
789 1350 922 1430 χειρισμὸς
934 1352 1007 1428 ἄγει,

236 1434 264 1492 θν
279 1434 321 1490 διὰ
336 1438 383 1504 τῆς
401 1436 529 1514 λυγρᾶς
549 1437 672 1516 μοίρας
686 1436 806 1516 ᾐνίξατο,
820 1441 866 1509 τῆς
888 1437 1011 1506 ποιούσης

237 1525 307 1594 ἡμᾶς
322 1518 369 1588 ἐξω
385 1527 430 1579 τοῦ
442 1522 508 1580 θείου
522 1528 600 1600 χορσύ
612 1527 643 1601 τῇ
656 1523 720 1602 πρὸς
730 1522 761 1581 τὸ
776 1523 881 1599 μερικδν
895 1523 939 1580 καὶ
950 1527 1011 1595 θνη-

236 1606 280 1664 τὸν
295 1611 359 1685 ζῷον
374 1607 469 1668 νιύσει.
513 1610 567 1666 Καὶ
581 1606 615 1666 τδι
629 1609 744 1684 ἑπόμενα
758 1633 791 1688 τη
804 1607 915 1686 άύουλίορ
926 1631 1010 1689 παρα-

238 1694 365 1764 δείκνυσι,
379 1696 424 1754 καί
436 1700 491 1763 πῶς
507 1696 612 1754 ἑκούσια
624 1696 680 1772 άμα
696 1695 742 1753 καί
753 1696 860 1754 ἀκούσια
874 1693 907 1753 τά
921 1697 1009 1770 πλημ-

239 1779 377 1855 μελήματα
391 1781 554 1851 ἐκδιδάσκει,
566 1787 598 1858 τῇ
609 1781 666 1840 κατ’
676 1781 799 1840 ἐπιπέδου
810 1783 930 1840 κυλινδ
937 1786 1011 1861 ρικῇ

214 1877 216 1880 ’
238 1867 338 1938 κινήσει
353 1865 463 1924 ἐοικέναι
483 1867 567 1946 φήσας
578 1869 621 1926 τὸν
634 1871 685 1926 τῶν
701 1867 815 1936 ἀνοήτων
832 1867 905 1944 βίον,
920 1866 947 1932 θς
964 1867 1009 1926 κύ·

238 1953 293 2029 κλιρ
305 1949 361 2026 ἅμα
376 1951 421 2008 καί
436 1951 478 2011 ἐπ’
490 1952 589 2020 εὐθείας
601 1954 660 2012 τότε
674 1961 797 2012 κινεῖται·
814 1954 903 2032 κύκλῳ
917 1952 964 2030 μέν
976 1954 1010 2010 δι’

238 2036 344 2095 ἐαυτύν·
364 2039 405 2094 ἐπ’
425 2039 523 2106 εὐθείας
538 2040 581 2112 δέ,
597 2039 639 2098 tri
650 2039 698 2110 τὴν
713 2044 822 2098 πτῶσιν.
866 2039 916 2105 Ὦς
926 2037 977 2118 γάρ
997 2042 1011 2097 θ

238 2123 274 2180 κύ
284 2125 376 2204 λινδρ
386 2147 420 2191 ος
430 2127 458 2182 οὐ
471 2129 630 2204 κατακροτεῖ
643 2132 688 2198 τῆς
707 2127 767 2205 περὶ
777 2127 820 2186 τδν
835 2125 911 2194 ἄξονα
925 2129 1011 2185 κυκλι-

237 2215 285 2282 κῆς
296 2217 460 2289 περιαγωγῆς
469 2201 581 2286 ἀπάτης
592 2215 726 2292 ὀρθότητος
738 2212 921 2292 πλαγιασθείς,
935 2212 1012 2278 ούτως

238 2298 295 2356 οὐδὲ
307 2300 378 2377 ψυχὴ
394 2305 439 2370 τῆς
459 2299 565 2368 τεύξεως
585 2306 636 2360 τῶν
651 2301 729 2368 ύντως
751 2303 855 2378 ἀγαθῶν
873 2299 1011 2379 τυγχάνει,

237 2392 282 2444 τοῦ
296 2388 372 2464 ὀρθοῦ
390 2385 467 2462 λόγου
483 2388 527 2446 κτλ
539 2392 584 2458 τῆς
599 2389 661 2466 ττρύς
676 2389 731 2447 θεὸν
751 2386 897 2454 συστάσεως
912 2389 1012 2446 ainone-

238 2477 335 2530 σοῦσα·
347 2475 478 2530 πλανᾶται
490 2475 516 2532 δέ
539 2475 599 2556 περὶ
618 2475 651 2534 τά
663 2477 786 2534 δοκοῦντα
799 2475 899 2552 ἀγαθά,
919 2475 962 2531 καί
976 2475 1013 2530 ἐκ·

238 2556 343 2636 φέρεται
371 2561 416 2615 ἀπ’
436 2559 535 2644 εὐθείας
559 2565 615 2626 ταῖς
642 2564 807 2632 αὐσθητικαίς
830 2561 1014 2640 προσπαθείαις

238 2645 1013 2732 κυλιομένη·θδιάτούάλλοτ’ἐπ’άλλαρέρονται

238 2733 399 2811 ἀπείρονα
416 2733 541 2808 πήματ’
558 2736 695 2814 ἐχοντες
710 2736 883 2814 παρέστησεν.
906 2733 1013 2806 Ἐπειδὴ

239 2815 1012 2899 δέτῆςτθιςρρέναςβλαπτούσηςμοίρας,καὶτού

237 2911 372 2984 χωρισμού
387 2911 433 2964 τοῦ
446 2906 498 2965 ιἰπὸ
510 2912 560 2965 τῶν
571 2909 659 2980 θείοιν,
669 2906 750 2966 αἴτιον
762 2901 791 2979 ἦν
803 2907 832 2966 τδ
846 2905 1009 2974 αὐτεξούσιον

239 3119 303 3154 cum
320 3102 381 3155 Deo
396 3101 516 3172 excidit,
531 3101 579 3157 sed
591 3103 665 3156 circa
677 3121 708 3158 ea
722 3104 868 3176 quaebona
882 3103 1016 3158 videntur

240 3198 369 3260 vagatur,
388 3198 416 3242 et
430 3205 446 3242 a
458 3196 536 3242 recto
551 3189 701 3244 abducitur
712 3209 842 3245 sensuum
854 3190 1014 3245 affectioni-

241 3273 294 3328 bus
307 3274 362 3328 huc
377 3275 443 3330 illuc
458 3277 590 3348 agitatus,
602 3277 678 3348 quod
692 3278 784 3332 verbis
798 3279 850 3330 iliis
861 3319 869 3346 ,
880 3278 934 3331 huc
948 3279 1014 3330 illuc

239 3357 375 3428 feruutur,
398 3363 517 3424 infinitis
531 3365 612 3417 ηιαίίε
623 3369 759 3437 oppressi,
774 3367 919 3421 indicavit.
935 3367 1015 3434 Quo-

240 3447 315 3502 niam
328 3456 420 3500 autem
436 3444 500 3517 sati
520 3461 624 3502 urentes
638 3451 764 3504 bedentis
783 3461 811 3505 et
831 3448 1016 3524 separationis

240 3533 318 3606 istius
333 3550 349 3586 a
363 3529 423 3587 Deo
439 3552 520 3588 causa
535 3536 670 3590 estliberi
685 3538 795 3592 arbitrii
807 3550 900 3592 motus
910 3548 1016 3592 nature

240 3636 413 3692 repugnans,
430 3623 576 3692 quomodo
595 3633 622 3676 et
641 3624 715 3678 hunc
729 3625 826 3678 sedare
841 3634 971 3696 oporteat
989 3633 1016 3678 et

242 3704 278 3758 ad
292 3708 382 3759 Deum
405 3719 584 3777 convertere,
599 3708 710 3764 duobus
724 3712 772 3781 qui
787 3722 943 3782 sequuntur
954 3729 1015 3764 ver·

241 3791 319 3846 sibus
330 3791 429 3860 docet,
443 3794 630 3848 voluntariam
643 3813 743 3848 noxam
755 3797 798 3850 his
811 3797 903 3851 verbis
918 3807 1016 3851 osten-

225 3875 327 3943 ,dens,
342 3883 435 3948 gravis
453 3885 524 3934 euim
547 3899 637 3934 cautes
654 3884 771 3936 lateruer
783 3897 862 3937 nocet
878 3889 1017 3938 contentio

243 3970 354 4031 inuata,
372 3967 562 4021 voluntarium
577 3979 669 4022 autem
685 3969 840 4024 remedium
852 3973 920 4041 illis,
933 3990 1015 4044 quoru

239 4069 388 4122 provocare
397 4070 451 4105 non
464 4054 554 4116 decet,
569 4057 620 4108 sed
626 4056 746 4110 cadeudo
758 4062 869 4116 evitare.
885 4059 1018 4113 Animad-

243 4145 356 4190 verteus
376 4154 444 4191 vero
465 4157 517 4193 nos
539 4151 603 4194 aute
621 4143 714 4196 omnia
737 4142 833 4197 divino
854 4146 959 4200 auxilia
981 4144 1017 4200 ad

244 4222 384 4276 maiorum
405 4222 539 4297 effugium
562 4237 590 4280 et
612 4228 753 4282 bonorum
774 4234 1017 4303 recuperationem

244 4325 346 4381 egere,
360 4327 507 4365 conversus
521 4311 556 4366 ad
574 4315 674 4368 Jovem
694 4318 774 4386 quasi
795 4336 908 4389 precem
929 4338 1018 4392 quan·

246 4393 350 4450 damet
364 4396 460 4450 auxilii
472 4399 639 4470 petitionem
652 4402 724 4458 hanc
738 4403 892 4480 subjungit.

507 4537 602 4596 XXV.
626 4549 753 4600 θΙ-ίὶθ.

305 4663 400 4724 Jupiter
410 4665 484 4725 pater,
498 4668 580 4716 maritis
593 4669 697 4729 ςιτοῐσοίο
710 4670 778 4720 malis
789 4661 872 4721 omnes
880 4672 998 4738 liberaris,

305 4733 566 4796 attramentarium,
579 4737 643 4798 quali
655 4739 724 4798 genio
739 4742 845 4790 utantur.

307 4804 342 4852 Tu
360 4805 441 4852 aratam
462 4804 571 4856 henosis
582 4807 675 4867 auimo,
692 4821 766 4869 quum
783 4809 890 4859 divinum
903 4826 977 4874 ςεσυε
992 4813 1022 4863 sit

307 4941 394 5002 quibos
406 4955 473 4992 saera
485 4946 570 4993 natura
585 4946 678 5007 singule
692 4947 796 5008 pandens
809 4879 1021 5003 mniriiiiiiii⁸'

307 5013 415 5067 Quorum
429 5013 448 5061 si
464 5013 535 5062 fueris
550 5019 680 5079 particeps,
694 5031 748 5066 ιιισιι
757 5018 825 5078 iussa
838 5022 931 5070 ίειιείιίι

309 5082 463 5150 remedioque
474 5097 532 5134 usus
544 5085 595 5136 istis
607 5087 721 5140 arumnis
732 5087 842 5140 iiberabis
854 5091 970 5142 animum.

756 355 960 416 utuaoctls
982 356 1292 418 COMMENTARIUS

1059 484 1159 561 κίνημα
1171 483 1244 565 παρὰ
1258 483 1333 565 φύσιν
1348 484 1476 542 διατεθέν·
1491 486 1545 550 πῶς
1559 485 1599 542 δεῖ
1620 485 1669 541 καὶ
1693 487 1771 540 τοῦτο
1788 507 1819 541 ιιι

1059 572 1205 642 τευνάζειν,
1221 571 1267 629 καί
1285 573 1349 648 πρὸς
1363 570 1419 628 θεὸν
1443 571 1619 650 ἐπιστρέφειν,
1646 565 1696 628 tit
1716 574 1769 626 τῶν
1785 573 1822 629 iii:

1058 661 1103 716 δύο
1117 659 1215 735 στίχων
1234 657 1348 723 ἐδίδαξε·
1363 655 1409 726 τὴν
1423 655 1469 730 μέν
1481 655 1644 723 αὐτεξούσιον
1658 655 1767 734 patav
1778 659 1824 714 :rr

1058 743 1257 820 καταμηνύσας,
1272 743 1375 821 λυγρὴ
1388 744 1427 817 γά
1440 767 1453 820 ρ
1468 743 1657 808 συνοπαδὸς
1674 744 1748 820 ἔρις
1764 749 1826 818 βία·

1058 853 1187 889 πτουσα
1209 831 1325 902 λέληθε
1346 831 1529 908 σύμφυτος,
1551 829 1599 901 τὴν
1623 831 1651 888 δέ
1678 831 1827 896 αὐτεξούοω

1057 917 1195 990 {sermio
1215 919 1252 974 οὐ
1274 916 1539 994 δεῖπροσάγειν,
1555 917 1706 974 εἴκοντα
1723 917 1827 993 tter-:-

1057 1028 1140 1082 γειν.
1185 1006 1304 1084 Συνορῶν
1319 1003 1364 1075 δέ,
1380 1003 1420 1062 ὅτι
1436 1001 1638 1082 προηγουμένως
1649 1009 1704 1073 τῆς
1716 1003 1786 1080 uagi
1796 1013 1827 1062 τοί

1057 1095 1115 1150 θεοῦ
1138 1091 1286 1169 ἐπικουρίας
1309 1091 1439 1170 χρῄζομεν
1462 1091 1524 1168 πρὸς
1550 1090 1694 1168 ἀποφυγὴν
1721 1091 1768 1163 μὲν
1790 1095 1827 1148 τῶ

1057 1182 1164 1254 κακῶν,
1178 1179 1321 1250 ἀνάκτησιν
1334 1175 1361 1235 δέ
1375 1180 1427 1234 τῶν
1442 1179 1560 1254 ἀγαθῶν,
1574 1178 1670 1254 ῶσπερ
1688 1177 1749 1232 τινὰ
1764 1181 1826 1254 εὐχήν

1059 1266 1190 1342 ἐπήγαγε,
1205 1267 1250 1324 καὶ
1262 1263 1379 1344 βοηθείας
1390 1263 1507 1338 αἴτησιν,
1520 1263 1567 1336 rip
1586 1265 1653 1343 πρὸς
1668 1265 1718 1323 τὸν
1735 1265 1774 1322 Δί’
1784 1271 1828 1324 in-

1059 1355 1185 1434 οτρσρήν,

1334 1497 1425 1557 xxv.
1449 1506 1578 1558 οι-οο,

1120 1657 1164 1703 zu
1173 1655 1254 1715 πάτερ,
1268 1651 1284 1710 ἠ
1296 1655 1388 1700 πολλῶν
1400 1669 1426 1700 κε
1436 1658 1515 1700 κακῶν
1525 1655 1619 1708 λύοευας
1632 1657 1753 1716 ἅπαντας,

1121 1726 1142 1772 εί
1152 1729 1224 1771 πᾶσιν
1236 1724 1327 1780 δείξαις,
1336 1724 1378 1784 οίιρ
1396 1727 1430 1783 τῷ
1443 1723 1535 1782 δαίμονι
1544 1731 1660 1784 χρῶνται.
1848 1727 1849 1792 γ

1123 1794 1188 1842 Ἀλλοί
1201 1794 1231 1840 σὺ
1245 1795 1337 1854 θάρσει,
1351 1793 1401 1840 ἐπεὶ
1410 1797 1469 1840 θεῖον
1482 1797 1544 1852 γένος
1559 1796 1608 1842 ε’στὶ
1617 1799 1753 1856 βροτοῖσιν,
1848 1794 1849 1809 ’

1121 1865 1155 1920 oi:
1170 1863 1220 1924 ίερά
1232 1863 1379 1924 προφέρουσα
1392 1863 1457 1923 φύσις
1469 1862 1584 1910 δείκνυσιν
1597 1865 1702 1913 ἕκαστα·

1120 1933 1153 1981 ὧν
1165 1933 1186 1982 τί
1195 1933 1232 1981 σοί
1244 1949 1266 1980 τι
1278 1934 1384 1993 μέτεστι,
1397 1935 1518 1993 κρατήσεις
1527 1933 1560 1980 ὧν
1572 1950 1600 1982 σε
1609 1935 1724 1996 κελεύω,

1121 2003 1232 2058 ἐξακέσεις
1243 2003 1321 2063 ψυχὴν
1333 2001 1357 2049 tt
1369 2001 1446 2049 πόνων
1456 2001 1503 2050 ἀπὸ
1516 2003 1589 2051 τῶνδε
1600 2004 1719 2058 σαώσεις.

1097 2123 1150 2184 'siu
1165 2121 1274 2192 ποιητὴν
1287 2121 1332 2178 καί
1349 2121 1477 2200 πατέρα
1489 2124 1563 2180 τούδε
1577 2127 1625 2182 τοῦ
1643 2127 1780 2192 Παντὸς
1790 2130 1830 2190 ἔθα
1850 2132 1851 2224 γ

1059 2201 1089 2280 ἧν
1103 2219 1157 2275 τοῖς
1179 2209 1363 2289 Πυθαγορείοις
1378 2211 1418 2288 τῷ
1432 2213 1477 2266 τοῦ
1500 2209 1573 2275 Διδς
1587 2211 1635 2268 καὶ
1657 2215 1772 2282 Ζηνὸς
1785 2219 1830 2272 διο-

1059 2322 1123 2374 ματι
1135 2295 1278 2374 σεμνύνειν.
1322 2299 1363 2358 Δι’
1378 2295 1406 2355 δν
1418 2295 1467 2374 γάρ
1482 2295 1511 2354 τδ
1525 2287 1591 2356 εἶναι
1606 2301 1655 2356 καί
1674 2300 1708 2359 τύ
1723 2305 1770 2380 ζῇν
1788 2311 1829 2365 τοίι

1059 2395 1161 2444 πᾶσιν
1182 2382 1310 2462 ὑπάρχει,
1325 2391 1414 2442 τούτου
1439 2381 1536 2440 δίκαιον
1564 2385 1617 2442 ἀπὸ
1636 2390 1687 2456 τῆς
1716 2389 1852 2464 ἐνεργείαςί

1059 2475 1238 2548 ὀνομάζεσθαι.
1285 2469 1379 2548 Κύριον
1393 2468 1443 2548 γάρ
1456 2469 1535 2535 ὅντως
1544 2469 1630 2546 ὄνομα
1646 2478 1707 2531 θεοῦ
1720 2519 1731 2548 ,
1743 2475 1773 2533 τὸ
1786 2485 1832 2538 ταῖς
1851 2535 1852 2540 ,

1061 2556 1198 2636 ἐνεργείαις
1212 2559 1290 2614 αὐτοῦ
1307 2558 1351 2612 καί
1371 2563 1430 2621 ταῖς
1452 2555 1574 2626 ποιήσεσι
1589 2559 1712 2631 μάλιστα
1731 2564 1831 2635 πρέπον·

1060 2645 1092 2704 τά
1107 2647 1133 2703 δί
1144 2647 1183 2722 ἐρ’
1199 2647 1273 2718 ἡμῶν
1291 2643 1416 2701 δοκοῦντα
1428 2641 1506 2718 κύρια
1522 2633 1589 2701 εἶναι
1600 2643 1670 2723 τύχη
1685 2647 1735 2704 καί
1749 2649 1832 2726 προαί-

1062 2756 1128 2812 ρεσις
1138 2733 1236 2790 τίθεται
1251 2733 1367 2808 μᾶλλον,
1382 2729 1399 2800 ἢ
1421 2734 1438 2799 ἡ
1454 2734 1499 2801 τῆς
1518 2729 1608 2796 οὐσίας
1620 2734 1754 2802 οἰκειότης
1767 2736 1831 2802 ἐξευ-

1063 2821 1159 2901 ρίσκει,
1174 2823 1208 2885 ὡς
1220 2819 1290 2877 ἔστιν
1304 2817 1347 2876 ἐπὶ
1360 2821 1461 2876 πολλῶν
1474 2818 1535 2876 ἰδεῖν
1548 2819 1687 2892 ὀνομάτων
1702 2825 1831 2903 ἀλλοτρίως

1061 2909 1113 2966 τισί
1124 2905 1262 2984 κειμένων·
1278 2897 1348 2978 οἷον,
1365 2907 1387 2962 εί
1404 2909 1418 2961 ί
1432 2905 1541 2983 πονηρὸς
1554 2907 1599 2964 τὸν
1614 2907 1713 2984 τρόπον
1731 2909 1831 2988 ’Apim

1099 3099 1338 3171 Pythagoreorum
1361 3113 1423 3150 mos
1447 3107 1522 3166 erat,
1544 3099 1739 3154 universitatis
1757 3099 1829 3170 hujus

1060 3186 1237 3240 conditorem
1262 3196 1290 3238 et
1311 3195 1455 3256 parentem
1479 3181 1539 3247 Διὸς
1563 3195 1593 3239 et
1615 3183 1703 3250 Ζηνὸς
1728 3190 1829 3241 nonum

1060 3289 1172 3328 ornare.
1193 3270 1263 3327 iiam
1278 3273 1368 3340 euim,
1384 3288 1437 3344 per
1454 3289 1539 3343 quem
1552 3270 1594 3342 (δι’
1606 3267 1645 3343 ὃν)
1668 3276 1766 3328 omnia
1778 3285 1830 3327 suat

1060 3371 1088 3415 et
1109 3361 1209 3414 vivunt
1227 3354 1290 3431 (ζῇν)
1303 3357 1338 3410 ab
1351 3357 1487 3414 industria
1501 3356 1551 3412 sua
1564 3360 1709 3414 nominari
1731 3381 1829 3434 aequou

1061 3455 1110 3500 est.
1128 3443 1204 3500 lliud
1223 3446 1297 3500 enim
1312 3447 1460 3518 proprium
1476 3463 1572 3500 revera
1585 3457 1627 3499 est
1643 3447 1696 3500 Dei
1715 3466 1829 3514 nomm,

1060 3531 1140 3603 quod
1154 3531 1212 3602 ejus
1233 3532 1392 3586 actionibus
1412 3541 1440 3585 et
1460 3531 1596 3603 operibus
1616 3533 1744 3585 maxime
1767 3551 1832 3587 eon-

1060 3619 1135 3690 gruit
1154 3636 1159 3670 :
1176 3636 1238 3689 quae
1253 3628 1347 3672 autem
1363 3619 1393 3672 in
1405 3617 1487 3672 nobis
1498 3617 1633 3671 videntur
1648 3621 1770 3690 propria
1786 3637 1833 3672 esse

1059 3705 1192 3771 nomina,
1212 3723 1277 3758 casu
1297 3705 1385 3777 magis
1405 3714 1433 3758 et
1457 3705 1581 3759 humana
1604 3705 1757 3760 voluntate
1779 3705 1833 3759 data

1061 3810 1144 3862 quam
1159 3811 1193 3846 ex
1207 3803 1312 3847 naturae
1326 3791 1501 3866 proprietate
1513 3793 1627 3846 inventa
1639 3803 1725 3859 sunt,
1739 3812 1835 3865 quem-

1060 3878 1212 3934 admodum
1228 3879 1368 3934 insanitis
1391 3879 1553 3932 nominibus
1572 3878 1671 3934 videre
1696 3881 1835 3952 licetque

1061 3965 1216 4038 improprie
1235 3966 1379 4020 nonnuliis
1401 3966 1532 4038 imposita
1546 3974 1630 4036 sunt;
1647 3966 1729 4020 reiut
1750 3969 1771 4020 si
1787 3969 1835 4020 im-

1059 4053 1167 4124 probus
1191 4051 1302 4123 Agatho
1324 4053 1494 4120 nominetur,
1515 4063 1544 4106 et
1567 4050 1675 4125 impius
1698 4054 1832 4107 Eusebius.

1061 4139 1138 4192 Talia
1163 4140 1236 4192 enim
1261 4139 1331 4208 nihil
1354 4139 1460 4193 habent
1483 4138 1630 4194 nominum
1654 4141 1785 4195 veritatis
1809 4161 1834 4194 ar

1063 4224 1261 4297 proprietatis,
1279 4227 1345 4297 quia
1365 4243 1417 4280 nec
1438 4235 1566 4280 naturam
1587 4243 1641 4283 nec
1665 4227 1725 4279 vim
1747 4246 1834 4282 earum

1061 4329 1171 4378 rerum,
1184 4310 1287 4382 quibus
1302 4311 1390 4366 indita
1398 4322 1473 4378 sunt,
1486 4311 1659 4384 exprimunt.
1673 4311 1749 4366 Vera
1762 4315 1836 4386 igitur

1061 4397 1209 4450 nominum
1232 4399 1393 4469 proprietas
1409 4398 1437 4450 in
1459 4395 1545 4452 rebus
1560 4395 1674 4452 aeternis
1691 4400 1836 4469 quaerenda

1063 4491 1119 4548 est;
1134 4499 1168 4536 ex
1187 4481 1222 4536 iis
1243 4493 1337 4537 autem
1358 4484 1388 4537 in
1409 4483 1523 4553 divinis,
1544 4494 1573 4537 et
1589 4485 1664 4537 inter
1683 4484 1796 4540 divinas
1814 4489 1837 4538 io

1062 4569 1303 4640 praestantissimis.
1318 4569 1401 4624 Unde
1415 4581 1443 4624 et
1453 4570 1525 4624 iliud
1536 4566 1597 4629 Διύι
1612 4587 1720 4624 nomen
1735 4574 1835 4644 signum

1064 4665 1104 4708 est
1117 4665 1202 4728 atque
1215 4653 1309 4729 imago
1327 4667 1433 4710 naturae
1447 4674 1541 4710 rerum
1556 4657 1683 4728 parentis
1696 4658 1758 4730 ipsa
1773 4675 1835 4710 soce

1065 4741 1247 4810 adumbrata,
1261 4752 1413 4816 propterea
1428 4743 1506 4816 quod
1520 4744 1539 4796 ii
1555 4743 1604 4816 qui
1619 4745 1707 4816 primi
1730 4747 1837 4800 nomina

1064 4829 1149 4883 rebus
1175 4829 1340 4884 indiderunt
1354 4831 1392 4884 ab
1414 4847 1551 4885 summam
1572 4829 1756 4902 sapientiam,
1771 4833 1836 4886 reiut

1065 4926 1219 4971 statuarum
1246 4915 1367 4972 artifices
1396 4917 1513 4990 quidam
1547 4920 1650 4991 optimi
1685 4921 1836 4974 nominihus

1067 5013 1198 5075 tanquam
1213 5004 1381 5078 imaginibus
1394 5021 1492 5060 earum
1503 5005 1623 5058 virtutes
1633 5005 1834 5060 indicaverunt.

1066 5091 1187 5146 Nomina
1204 5092 1277 5146 enim
1293 5109 1365 5147 uoce
1388 5109 1517 5166 expressa
1540 5091 1620 5165 sigua
1641 5094 1835 5168 cogitationum
