3708 5916
575 378 616 438 IN
632 377 799 438 AUREUM
819 377 989 440 clausu.
1520 398 1577 451 trs

8 511 44 590 ίίιρ
66 507 195 589 ρίρεσθαι.
237 502 344 566 Τοότων
367 503 395 564 di
408 503 501 573 λύσις
521 504 568 583 μία
588 505 683 586 ήπρὸς
701 508 758 566 θεθν
805 507 831 565 τί
848 514 894 566 τοῦ
909 509 1065 585 μαινομένου
1079 510 1176 578 νείκους
1194 511 1255 580 ἀκος
1268 513 1426 593 ίὶευρεῖνςτί
1437 521 1482 590 τῆς
1495 539 1578 578 κατει-

8 593 151 672 ίπιστροφή,
165 592 198 663 ἢν
213 589 397 670 ἐξευρίσκουσιν
411 593 434 650 οί
454 590 484 650 τθ
504 589 522 649 ό
529 615 549 668 μ
554 616 598 667 μα
612 597 659 664 τῆς
675 595 761 674 ψυχῆς
804 599 890 672 γωγοῦ
903 595 1035 672 δυνάμεως
1045 596 1144 674 ἕργμα,
1155 596 1173 668 ἢ
1186 597 1216 656 τθ
1229 609 1314 659 πονεῖν
1327 607 1428 676 ταῦτα,
1445 604 1490 662 καί
1502 607 1577 680 έκμι·

8 681 39 739 tal
51 681 78 738 τὸ
90 671 143 744 οὖς
156 679 220 756 πρὸς
233 677 279 748 τὴν
294 680 345 734 τῶν
360 679 464 754 ἀγαθῶν
478 679 608 756 ἀνάληψιν
618 681 761 758 έπεγείρον·
806 682 901 754 λετᾶν,
915 683 960 740 καὶ
981 683 1007 739 ἐν
1024 681 1100 760 ἔρωτι
1113 683 1243 756 τίθεσθαι,
1255 685 1323 766 όπερ
1341 693 1387 758 τῆς
1404 691 1472 756 θείας
1486 693 1578 769 ἀρετῆς

8 791 47 838 ιες,
59 766 100 824 καί
123 765 152 822 τθ
176 764 356 843 παρεπόμενον
371 768 403 842 τῇ
417 764 493 845 eicie
513 769 588 840 ἡμῶν
611 767 760 847 κακθντῇ
806 771 876 844 ἡμᾶς
889 770 926 834 είς
950 767 1022 847 ίχνιει
1047 770 1141 842 θήσεις
1152 774 1244 830 Ταῦτα
1256 772 1307 852 γθρ
1318 766 1350 844 ήν
1370 779 1387 846 ἡ
1410 775 1499 842 λθσις
1512 781 1577 835 τῶν

8 849 469 931 ἰναγωγικῇδυνάμειθεραπειίοντες.
510 842 761 933 Ἧνδθσυμρυθς
806 858 979 928 κακῶν,ήν
1006 857 1029 914 οί
1052 862 1168 936 παῦροι
1190 863 1361 920 συνίσασι·
1383 865 1576 934 ταῦταήτῶν

8 941 50 1015 ίμα
67 939 109 997 καὶ
128 937 265 1010 ἐπίκτητον
288 943 352 1013 ἡμῖν
374 939 476 997 κακθν
495 943 513 1012 ή
532 945 579 998 τοῦ
599 941 761 1010 αὖτεξουσίου
805 939 912 1007 πέλας
925 940 1024 1000 όντων
1038 945 1344 1020 ἀγαθῶνάκοήκαί
1361 946 1446 1028 όψις·
1460 955 1577 1020 ταῦταῆ

8 1027 63 1105 παρὰ
72 1027 144 1105 ρύσιν
157 1025 276 1095 κίνησις,
290 1026 351 1083 καθ’
362 1025 394 1096 ἣν
407 1027 530 1104 ἐρίζειν
542 1050 570 1084 τε
580 1028 625 1085 καί
635 1031 762 1087 ἐναντιοῦ-
805 1028 856 1083 τῶν
870 1027 1069 1107 αὐθαιρέτων
1081 1030 1248 1107 πημάτων
1261 1034 1417 1114 ἀπαλλαγή·
1428 1037 1511 1093 ταῦτα
1531 1040 1578 1106 τῆς

8 1117 113 1178 ιθαιτσῖς
129 1109 206 1178 θείοις
219 1110 306 1185 νόμοις
319 1112 486 1192 πειρώμεθα,
504 1111 561 1171 otti
575 1113 762 1192 έπεισθανόμε-
806 1111 923 1192 ἀπειρίας
947 1117 999 1172 τῶν
1023 1119 1113 1173 παθῶν
1135 1121 1151 1186 ἡ
1177 1116 1254 1193 τομή.
1295 1121 1385 1180 Ταῦτα
1409 1113 1454 1179 uir
1469 1121 1513 1178 καί
1531 1127 1579 1193 τῆς

8 1223 35 1258 sot
48 1199 102 1255 deor
117 1195 221 1264 ίαυτσθς
237 1199 387 1276 βλάπτομεν
401 1199 442 1258 διὰ
454 1205 498 1258 τοῦ
514 1201 598 1258 δοκεῖν
613 1202 760 1260 ἀντιτείνειν
807 1198 882 1260 ἀθέου
905 1200 918 1258 ί
926 1202 1012 1280 ριδος
1028 1203 1181 1281 ἀποφυγὴ
1204 1202 1296 1279 γένοιτ’
1320 1206 1370 1276 ἀν,
1396 1208 1441 1265 καί
1461 1207 1578 1287 σωτηρία

8 1291 59 1366 θεῷ·
73 1285 137 1344 etti
150 1285 228 1359 μόνον
242 1289 317 1343 τοῦτο
330 1285 433 1366 τθρλῶς
447 1289 608 1366 ὁρῶντες,
622 1286 661 1347 ότι
673 1288 762 1360 ε’δυνή-
806 1290 909 1368 ψυχῆς,
924 1287 969 1345 καὶ
984 1287 1160 1368 ἀποκάθαρσις
1174 1295 1220 1348 τοῦ
1235 1285 1390 1367 μαινομένου
1402 1294 1516 1365 νείκους,
1531 1295 1577 1352 καί

7 1379 75 1448 θημεν
87 1372 226 1450 άρηνιάσαι
238 1374 290 1429 τῶν
304 1371 402 1430 ἐκείνου
416 1377 529 1448 θεσμῶν.
570 1375 624 1434 Καὶ
640 1379 716 1434 τοῦτο
730 1369 761 1447 ήν
807 1373 948 1444 ἀνάκλησις
974 1378 1019 1443 τῆς
1036 1375 1120 1432 θεόθεν
1143 1380 1234 1455 φυγῆς.
1280 1379 1339 1448 Τὴν
1364 1378 1414 1458 γάρ
1428 1381 1580 1458 καταγωγθν

7 1460 29 1518 ιθ
41 1461 122 1536 πολλῷ
136 1463 172 1539 τῷ
197 1456 352 1535 αὖτεξουσίῳ
366 1457 515 1537 χρήσασθαι
529 1461 574 1517 καὶ
594 1461 712 1541 ἀμέτρῳ,
732 1463 762 1521 τὸ
808 1460 936 1540 §onita-ii
957 1463 1085 1541 ἀναγιυγῷ
1108 1462 1217 1539 δυνάμει
1232 1463 1316 1538 μόνως
1333 1463 1368 1522 ἀν
1380 1465 1535 1542 ίασαίμεθα,
1557 1468 1580 1523 εί

7 1549 89 1618 τολμᾶν
100 1544 257 1623 ἀφίστασθαι
271 1549 347 1613 θεοῦ,
364 1545 408 1603 καὶ
418 1545 762 1628 τὴνλυγρθνέρινπρθς
807 1545 844 1622 μή
868 1547 1011 1625 περαιτέρω
1036 1547 1196 1626 προάγοιμεν
1218 1551 1313 1624 αὐτήν,
1342 1552 1403 1628 μηδ’
1418 1553 1462 1610 tet
1488 1556 1579 1618 κακοῖς

7 1632 68 1690 αὐτὸν
88 1631 274 1708 ἀναδέχεσθαι,
298 1630 357 1689 καθ’
372 1633 404 1704 ἣν
420 1636 452 1711 tp
462 1633 470 1690 ί
475 1637 571 1708 ζομεν
585 1633 681 1712 τρόπον
704 1636 761 1694 τινθι
806 1634 874 1691 κακθι
888 1634 1077 1706 συντιθείημεν,
1091 1635 1148 1693 ἀλλ’
1163 1638 1300 1702 έπεπειθεῖς
1314 1637 1445 1715 γενόμενοι
1459 1642 1496 1717 τῷ
1509 1643 1576 1719 ὀρθῷ

7 1717 43 1776 καὶ
71 1720 273 1795 ριλονεικοῦμεν,
298 1717 395 1776 έκείνου
421 1719 554 1795 λέγοντος,
579 1719 625 1792 Μή
651 1721 762 1800 ποιήσῃς
806 1721 875 1798 λόγῳ
900 1720 1078 1800 ιρεθγοιμεν
1107 1721 1165 1792 τὴν
1190 1723 1317 1801 λυγρὰν
1340 1723 1406 1801 έριν
1429 1729 1461 1802 τῇ
1492 1729 1577 1804 ἀγαθῇ

7 1805 69 1873 τόδε,
82 1808 153 1861 τοῦτο
177 1804 242 1863 αὐτὸ
257 1805 373 1879 μάλιστα
388 1806 470 1862 ποιεῖν
493 1805 604 1864 ίθελειν·
625 1807 670 1864 καί
682 1809 761 1866 πόλιν
807 1806 820 1864 ί
828 1831 841 1886 ρ
850 1808 880 1864 ιδ
888 1830 912 1877 ε,
925 1809 954 1864 οὐ
967 1809 1164 1884 φιλονεικοῦντες
1176 1809 1290 1868 ἀπειθεῖν
1302 1813 1339 1888 τῷ
1349 1813 1415 1889 θεῷ,
1429 1811 1496 1876 ἀλλά
1507 1815 1579 1890 φιλο-

7 1881 48 1962 αθ,
62 1891 81 1948 εί
104 1894 194 1956 ἐκεῖνος
213 1891 301 1967 λέγοι,
326 1889 440 1960 Ποίησον
459 1891 530 1964 τόθι,
552 1894 615 1951 αὐτὸ
626 1898 700 1953 τοῦτο
723 1893 760 1971 μὴ
806 1897 947 1957 νεικοῧντες
958 1893 997 1951 ότι
1012 1894 1127 1967 μάλιστα
1142 1895 1212 1972 αὐτῷ
1223 1894 1371 1954 πείθεσθαι·
1386 1897 1418 1966 ἣν
1431 1895 1488 1956 otti
1506 1895 1578 1974 έριν

7 1985 89 2035 ποιεῖν·
99 1975 139 2033 ίνα
153 1976 311 2056 ἑκατέρωθεν
323 1979 369 2047 τῆς
381 1975 529 2048 ἀθλιότητος
544 1976 648 2044 ἑαυτοὺς
657 1979 763 2060 πληρώ-
809 1981 847 2037 δεῖ
859 1979 965 2049 καλεῖν,
978 1976 1046 2035 ἀλλά
1069 1982 1186 2049 θεοπειθῆ
1207 1979 1339 2055 ὑπακοήν,
1353 1982 1399 2040 καί
1420 1981 1577 2062 ἐπιστροφὴν

8 2085 73 2120 σεισιν
88 2061 162 2120 οίτθν
177 2067 245 2122 θεῖον
260 2062 337 2139 νόμον
352 2060 527 2135 ἔκόαίνοντες,
539 2067 577 2144 τῷ
591 2087 619 2122 τε
629 2063 665 2140 μὴ
681 2074 762 2126 ποιεῖν
806 2061 871 2141 πρὸς
891 2061 935 2121 τὸν
960 2067 1027 2120 θεῖον
1052 2065 1146 2139 νόμον,
1166 2065 1211 2123 καί
1234 2066 1350 2124 {mittor
1377 2067 1514 2140 ὓπθῖαξιν,
1533 2068 1579 2134 ct<

8 2150 65 2206 τίιπ
121 2149 271 2226 εταγμένα,
287 2149 333 2209 καί
346 2151 383 2230 τῷ
397 2154 480 2208 ποιεῖν
500 2151 534 2210 sd
549 2151 758 2231 ἀπηγορευμένα.
807 2149 925 2228 ἀφορμὰς
933 2148 1138 2227 περικόπτουσαν
1150 2154 1196 2221 τῆς
1205 2152 1312 2222 ἀνοήτου
1324 2154 1464 2218 ἀπειθείας.
1486 2156 1578 2214 Ταῦτα

8 2235 38 2294 'll
47 2259 85 2293 ουν
97 2237 157 2315 πρὸς
169 2235 217 2306 τήν
227 2236 356 2315 λυγρὰν
368 2235 492 2309 ταύτην
507 2233 522 2292 ἔ
526 2259 590 2316 ριν,
602 2237 659 2307 τὴν
673 2258 762 2296 συνο-
807 2235 857 2316 γὰρ
871 2225 945 2314 οἶμαι
961 2235 1048 2293 πάντα
1063 2235 1106 2294 διὰ
1126 2240 1178 2294 τῶν
1203 2239 1377 2317 προκειμένων
1395 2243 1464 2298 ἐπῶν
1482 2241 1579 2310 δηλοῦ-

9 2323 92 2380 παδὸν
102 2322 154 2396 ἅμα
165 2323 210 2382 καὶ
223 2322 313 2402 σόμιρ
321 2346 397 2382 υτον
407 2323 549 2401 λεγομένην
559 2368 567 2400 ,
579 2322 761 2402 ἐξευρήσομεν,
807 2327 875 2380 σθαι·
886 2323 916 2380 τὸ
927 2321 974 2397 μέν
986 2326 1032 2392 τῆς
1044 2322 1209 2390 αὐτεξουσέου
1221 2323 1345 2402 πονηρίας
1355 2326 1397 2383 διὰ
1410 2332 1454 2384 τοῦ
1465 2327 1577 2404 γνώσῃ

8 2408 47 2480 τὴν
62 2411 88 2468 έκ
99 2415 142 2469 τοῦ
155 2413 193 2491 ἐρ’
206 2411 274 2483 ἡμῖν
287 2408 360 2487 παρὰ
374 2409 450 2488 ριἰσιν
467 2409 623 2475 διατεθέντας
635 2412 763 2490 ἐγειρομέ·
807 2408 830 2466 θ’
841 2408 978 2488 ἀνθρώπ
989 2430 1045 2474 ους
1065 2411 1150 2469 ciis
1161 2405 1257 2490 ίρέτα
1278 2411 1404 2485 πήματ’
1419 2413 1577 2492 ἔχοντας,

10 2519 63 2568 νην,
77 2495 170 2555 saliti
196 2501 289 2568 τοῦτο,
311 2499 346 2560 ὡς
364 2497 457 2554 οἰκεῖον
483 2496 602 2568 κακόν,
620 2498 763 2566 λεληθότως
807 2494 1079 2570 οθςτλήμοναςθεῖ
1090 2499 1179 2554 καλεῖν
1190 2496 1235 2555 καὶ
1246 2497 1417 2571 ἀθλίους,θτι
1427 2500 1490 2578 πρὸς
1504 2502 1580 2558 ateo-

12 2585 118 2658 βλάπτειν
128 2583 290 2663 περυκυῖανγ
306 2581 342 2642 Τί
359 2581 423 2663 πρὸς
433 2582 530 2655 ταύτην
545 2582 698 2642 ἀντιτιθέναι
712 2584 763 2659 δεῖς
807 2580 959 2661 προαίρετον
975 2582 1069 2640 κακίαν
1081 2582 1268 2656 είλκέσθησαν·
1290 2583 1321 2643 τὸ
1340 2585 1365 2655 δὲ
1379 2587 1506 2661 μηδαμῶς
1518 2585 1580 2645 τοό·
1633 2629 1637 2634 ·

11 2803 45 2856 ria
56 2821 81 2856 se
94 2803 228 2876 obruant,
248 2803 298 2874 qui
314 2802 437 2858 divinam
460 2802 547 2874 legem
571 2801 762 2874 egrediuntur,
786 2779 932 2878 'versibus
954 2796 1122 2872 significari3
1136 2817 1169 2854 ac
1187 2799 1380 2855 voluntariam
1396 2801 1512 2875 quidem
1527 2821 1580 2858 ne-

9 2888 68 2959 jussa
85 2908 139 2944 uon
154 2887 302 2962 faciendo,
314 2889 399 2943 vetita
415 2898 508 2942 autern
524 2887 666 2947 iaciendo.
690 2887 766 2959 Quid
808 2887 928 2961 quitiam
939 2885 982 2939 his
989 2887 1096 2942 verbis:
1108 2890 1254 2957 cognosces
1263 2899 1353 2942 autem
1364 2887 1490 2945 borsines
1498 2891 1581 2943 naulis

12 2977 82 3048 igitur
100 2977 227 3032 adversus
247 2994 361 3048 grauem
378 2975 451 3030 iane
469 2981 681 3040 contentionem,
703 2993 766 3048 quae
806 2975 878 3027 altro
897 2977 1034 3024 arcessitis
1052 2972 1173 3038 obrutos,
1200 2979 1271 3045 quos
1286 2974 1394 3029 idcirco
1418 2993 1530 3029 rneseros
1553 2985 1582 3031 et

13 3082 86 3118 mnes
105 3065 182 3119 simul
203 3075 234 3120 et
260 3069 358 3118 innata
383 3063 499 3130 dicitur,
524 3060 764 3140 excogitabimus,
806 3057 930 3114 infelices
950 3057 1092 3130 appellare
1116 3067 1244 3130 oportet,
1268 3061 1335 3131 quia
1363 3078 1413 3114 sua
1433 3071 1534 3133 sponte
1550 3061 1580 3114 in

14 3168 64 3222 qua
75 3151 156 3206 libero
166 3151 286 3206 arbitrio
297 3160 396 3205 nostro
407 3160 512 3222 praeter
521 3161 650 3203 naturam
662 3147 766 3203 affecto
807 3147 905 3199 vitium
919 3146 1054 3218 pertracti
1068 3154 1145 3214 sunt;
1161 3163 1209 3200 eos
1223 3163 1291 3200 vero
1307 3146 1382 3201 bona
1399 3163 1580 3220 nequaquam

14 3239 130 3294 excitatur
148 3239 273 3311 ideoque
287 3248 422 3309 tanquam
437 3238 541 3290 ιιιαίαιιι
562 3234 764 3302 domesticum,
806 3230 1027 3286 animadvertere
1040 3231 1112 3285 velle
1124 3249 1158 3286 ex
1170 3231 1225 3286 hoc
1239 3231 1323 3286 elfato
1334 3243 1410 3305 patet
1426 3251 1433 3286 ε
1450 3238 1499 3306 ριιιΙ
1508 3233 1581 3287 bona

14 3323 43 3376 ad
54 3324 241 3380 detrimentum
255 3325 374 3391 latenter
386 3323 469 3378 nobis
483 3321 658 3380 asserendum
668 3331 765 3396 parata
806 3335 889 3388 quiem
895 3323 1048 3394 propesint
1057 3335 1108 3371 nee
1123 3320 1278 3373 vicientnec
1292 3321 1422 3404 ιτιιιὶιίιγιι,Ι
1445 3331 1581 3393 praeterea

15 3411 61 3465 ast?
72 3411 138 3483 Quid
152 3412 218 3467 huie
242 3428 387 3484 opponere
402 3409 534 3483 oportet?
547 3409 690 3482 quodnam
710 3408 766 3462 dis·
806 3401 868 3458 lieri
882 3421 964 3476 posse
982 3413 1014 3458 ut
1028 3422 1045 3458 ει
1066 3405 1146 3458 malis
1160 3404 1235 3458 ultro
1256 3407 1390 3461 arcessitis
1415 3406 1579 3474 liberemur,

16 3497 101 3552 cordia
124 3499 239 3552 iurantis
269 3495 426 3552 remedium
454 3496 598 3570 reperire?
630 3495 700 3568 quid
726 3505 767 3549 est
806 3490 928 3545 ostendit
942 3489 1029 3558 illud,
1049 3492 1202 3545 remedium
1229 3503 1320 3546 autem
1344 3494 1478 3547 stratorum
1492 3497 1581 3565 pauci

16 3583 80 3652 quod
100 3585 152 3639 rim
167 3585 299 3639 deorsum
319 3595 448 3656 agentern
464 3583 606 3658 inhibeat,
618 3583 671 3636 nisi
686 3592 718 3636 ut
733 3599 765 3636 ea
806 3587 946 3642 noverunt,
964 3574 1042 3646 quod
1057 3574 1122 3636 ideo
1134 3577 1267 3630 insertum
1279 3587 1334 3646 est,
1344 3590 1376 3633 ut
1388 3595 1475 3650 quum
1489 3595 1580 3633 reme·

17 3671 339 3742 agamus‚meditemuret
350 3684 473 3726 amemus
484 3687 546 3741 quae
559 3687 611 3724 nos
625 3671 654 3724 in
665 3669 765 3722 ‹livinae
807 3662 884 3716 dium
907 3679 992 3735 penes
1011 3679 1063 3716 nos
1088 3679 1146 3736 esse
1168 3662 1417 3732 demonstraverit,
1433 3663 1579 3720 vinculum

16 3755 107 3810 virturis
120 3755 161 3812 via
180 3757 297 3813 sistent?
311 3753 374 3810 Haec
388 3757 464 3811 enim
479 3766 543 3810 sunt
564 3757 698 3810 malorum
721 3773 764 3809 re.
807 3766 921 3820 quoque
936 3767 969 3802 ex
983 3759 1081 3801 nostro
1095 3749 1214 3803 arbitrio
1235 3749 1359 3822 pendere
1372 3750 1578 3824 praeseferret.

17 3841 189 3913 mfdldlpalthS
197 3847 317 3915 cognita,
337 3841 395 3895 haec
411 3846 563 3896 vicinorum
575 3843 702 3895 bonorum
713 3860 767 3894 αγγ-
808 3833 913 3890 Deinde
928 3835 1058 3888 caeclissiis
1072 3845 1100 3888 Gi
1112 3835 1257 3889 surditatis
1271 3837 1343 3891 halle
1356 3839 1455 3892 animis
1469 3837 1497 3889 ln
1512 3838 1581 3892 Villa

15 3923 71 3978 tlt'tt'o
78 3931 306 4002 ercontemplatr'o,
321 3927 379 3982 haec
394 3945 410 3982 a
424 3929 631 3982 calamitatibus
642 3930 712 3982 ultm
722 3947 766 3980 at*
806 3922 946 3994 prolapsis
958 3938 1067 3974 causant
1083 3921 1228 3990 attribuit,
1243 3925 1302 3976 tale
1316 3919 1410 3990 saltem
1422 3925 1580 3978 monalium

18 4017 100 4066 cessitis
129 4015 260 4082 liberant,
287 4014 346 4068 lraec
381 4012 503 4068 infinitas
540 4013 766 4088 perturbationes
808 4009 1008 4064 ntentesloedit.
1024 4009 1168 4079 Separatio
1182 4009 1255 4062 enim
1276 4007 1355 4062 adiis
1369 4009 1404 4064 ad
1418 4007 1581 4063 vecordiam

18 4098 159 4165 president.
185 4103 252 4156 llaec
276 4099 363 4172 igitur
376 4101 431 4154 sint
453 4109 482 4156 et
509 4099 601 4170 impiae
626 4117 689 4152 eum
704 4101 765 4153 Deo
808 4107 837 4150 et
862 4095 1096 4150 inconsideratam
1119 4096 1285 4149 electionem
1301 4095 1396 4169 ducit,
1419 4113 1502 4168 quam
1529 4114 1582 4170 per

20 4186 180 4242 contentionis
192 4185 293 4241 vitatio
310 4196 338 4240 et
353 4187 437 4240 animi
451 4187 524 4240 salus
538 4197 566 4241 ει
581 4185 697 4240 fruentis
712 4187 767 4242 litis
810 4181 881 4236 illud
905 4187 1018 4236 nostroe
1038 4179 1136 4250 sutum
1162 4180 1343 4255 significavit,
1371 4183 1449 4256 quod
1471 4201 1523 4236 nos
1545 4181 1582 4239 ad

19 4271 120 4339 expiatio
133 4283 158 4326 et
174 4273 244 4346 iuga
260 4289 277 4326 a
290 4274 351 4327 Deo
366 4273 522 4328 revocatio.
546 4274 765 4346 Propensionern
808 4269 979 4342 particulare
992 4279 1020 4323 et
1039 4270 1158 4323 mortale
1175 4269 1276 4323 animal
1296 4269 1441 4324 inclinatos
1455 4289 1470 4325 e
1485 4269 1582 4326 divino

20 4355 80 4407 enim
92 4357 125 4411 ad
142 4359 273 4414 iuferiora
287 4359 346 4414 sola
366 4359 498 4414 facultate
521 4377 630 4414 sursum
652 4361 766 4414 tollente
809 4357 898 4410 choro
912 4355 998 4427 ejicit.
1013 4355 1140 4411 Ostendit
1154 4357 1237 4410 etiam
1248 4375 1309 4429 quae
1319 4357 1582 4413 inconsiderantiam

20 4455 96 4497 sanare
109 4448 254 4517 possimus,
269 4447 292 4500 si
305 4463 362 4499 non
376 4445 451 4500 illam
465 4447 583 4500 ulterius
596 4465 767 4518 promoven·
808 4444 886 4497 illam
905 4452 1069 4514 sequantur,
1088 4453 1116 4497 et
1135 4443 1281 4516 quomodo
1295 4454 1412 4518 peccata
1424 4445 1582 4499 voluntaria

21 4542 178 4604 utus,neque
190 4533 271 4587 malis
294 4533 367 4587 mala
390 4532 605 4601 addamus‚sed
621 4546 703 4588 rectae
720 4553 767 4589 ra·
809 4527 892 4586 simul
919 4531 975 4583 siut
1002 4541 1031 4584 et
1066 4547 1124 4582 non
1158 4527 1318 4586 voluntaria
1355 4530 1453 4597 docet,
1477 4529 1581 4583 stulto·
1619 4561 1622 4567 ,

22 4613 76 4667 tioni
89 4618 264 4692 obsequentes
273 4625 458 4693 perniciosam
472 4621 547 4674 illam
560 4624 767 4677 contentionem
809 4637 872 4673 rum
889 4619 974 4672 vitam
998 4617 1118 4690 cylindri
1140 4635 1192 4688 per
1211 4618 1327 4690 planum
1346 4617 1436 4671 motui
1462 4632 1578 4687 eompa-

21 4696 82 4756 bona
94 4710 267 4763 contentione
281 4708 520 4777 devitemus,non
530 4727 686 4782 repugnare
698 4709 767 4783 Deo,
810 4723 890 4774 rana,
910 4707 959 4778 qui
980 4707 1009 4758 in
1040 4704 1138 4758 orbem
1170 4704 1252 4758 simul
1275 4713 1303 4758 et
1329 4713 1405 4758 recta
1428 4712 1495 4757 tunc
1519 4719 1583 4754 mo-

22 4785 60 4839 ttd
72 4791 94 4843 ei
107 4809 185 4863 quam
198 4795 319 4849 maxime
331 4793 449 4867 obsequi
464 4793 620 4862 studentes3
633 4812 717 4866 quam
732 4811 768 4848 ue
809 4804 901 4862 vetur,
914 4794 944 4846 in
958 4793 1056 4846 orbem
1065 4789 1179 4862 quidem
1190 4809 1242 4864 per
1252 4801 1377 4860 se,recta
1388 4806 1456 4843 vero
1465 4799 1584 4862 propter

22 4879 204 4935 contentionem
226 4880 341 4954 quidem
362 4881 505 4955 appellare
527 4881 606 4949 licet,
623 4882 673 4936 sed
691 4881 767 4954 piam
809 4881 933 4954 pulsum.
960 4879 1000 4934 Ut
1022 4879 1097 4932 enirn
1122 4876 1266 4950 cylindrus
1286 4875 1450 4930 circularem
1474 4883 1582 4926 motum

23 4957 187 5021 obedientiam
208 4978 236 5023 et
254 4969 469 5024 conversionem
491 4967 528 5024 ad
551 4966 605 5025 Dei
627 4969 716 5041 legem
741 4979 768 5023 et
811 4969 886 5023 circa
905 4982 986 5020 axem
1000 4983 1059 5020 non
1081 4965 1221 5038 integrum
1241 4963 1359 5032 retinet,
1372 4977 1459 5033 quum
1473 4977 1489 5014 a
1504 4968 1582 5014 recto

23 5045 182 5107 voluntariam
196 5054 479 5130 obtemperationem,
489 5073 552 5129 quas
565 5055 654 5110 stultae
669 5067 768 5111 contu·
811 5071 894 5108 cursu
910 5049 1034 5106 deflectit
1050 5067 1058 5107 ι
1078 5051 1117 5104 sie
1131 5051 1213 5104 etiam
1229 5047 1338 5102 animus
1357 5063 1422 5100 vera
1436 5044 1510 5100 bona
1525 5064 1584 5099 non

23 5133 102 5188 uaria
114 5154 203 5195 causas
212 5141 350 5215 praecidit.
363 5143 430 5198 llaec
443 5141 519 5198 enim
534 5149 606 5216 puto
621 5140 716 5200 omnia
726 5140 769 5195 his
789 5103 795 5189 ί
812 5140 980 5214 assequitur,
998 5155 1086 5212 quun
1103 5143 1180 5192 recta
1200 5135 1309 5191 ratione
1332 5143 1360 5188 et
1381 5131 1584 5189 consuetudine
