3838 5926
198 397 235 446 'ta
808 383 812 390 “
841 381 1151 444 ΕΟΜΜΕΝΤΑΙίΙίἰὸ

198 536 262 574 cum
276 515 375 594 eodem
388 513 540 571 Karstenio
552 532 608 591 pro
618 511 686 572 κατά
696 511 871 590 posui,quia
879 511 971 570 verbo
1006 493 1086 569 'tima
1099 515 1213 569 naribus
1225 515 1366 586 indagans
1380 537 1392 562 ν
1410 515 1430 570 i.
1446 531 1472 569 e.
1486 524 1519 570 ut
1530 513 1618 590 vulgo
1630 513 1794 590 loquimur,

198 603 246 680 ἔχῃ
259 602 439 679 jungendum
460 615 513 660 est.
531 601 642 659 Deinde
663 599 761 682 βροτέην
783 596 843 679 χροῒ
864 603 971 660 retinui
1009 597 1140 670 serarum
1154 602 1239 653 lustra
1252 601 1401 672 indagaris.
1416 598 1607 676 Interpretum
1617 602 1798 674 conjecturas

198 691 234 747 de
245 712 329 746 mcum
348 689 512 762 intelligens
526 702 623 766 spreto
638 689 893 765 interpretamento
914 686 972 766 χερί
1018 687 1171 762 variasque
1181 685 1336 762 opiniones
1349 687 1456 744 relerre
1469 687 1518 743 vix
1531 687 1648 760 attinet,
1662 688 1799 766 equibus

197 777 273 853 quod
284 797 319 833 ex
333 795 391 833 uno
403 776 502 833 codice
512 775 640 833 enotavit
652 775 804 832 Betterus.
817 774 974 851 Sequentia
1019 773 1148 830 Sturaius
1158 774 1274 850 τέρματα
1286 772 1396 846 μελέων,
1407 781 1593 830 extremitates
1601 779 1793 844 rrrcmbrnmm,

196 863 285 936 vrrlgo
299 864 340 920 sic
361 861 563 920 scribebantur
586 883 593 918 τ
617 859 692 937 αἰθὴρ
713 860 734 917 δ’
755 859 827 927 ἐκτὸς
841 859 892 917 ἔσω
914 859 972 917 κτλ.
1019 879 1168 938 perperam
1191 880 1252 918 esse
1277 861 1339 917 vult
1364 860 1451 938 pedes
1473 874 1501 918 et
1527 861 1630 938 pedum
1655 864 1798 938 vestigia;

197 951 250 1007 Sed
279 970 368 1026 (quum
393 950 440 1006 hic
464 949 627 1007 versiculus
654 945 794 1024 epodosin
827 947 973 1004 contineat
1020 946 1613 1023 ButtmannusCommont.Soc.Lips.vol.
1632 947 1800 1025 Νκέρματα

196 1037 434 1115 praecedentium,
447 1036 539 1094 deleta
548 1055 622 1112 opus
633 1035 687 1094 luit
699 1035 841 1114 particula
851 1033 877 1092 δέ
888 1053 972 1111 quam
1020 1053 1121 1110 parum
1138 1031 1329 1112 probabiliter
1340 1033 1481 1108 conjecit,
1497 1033 1666 1091 Karstenius
1679 1035 1800 1111 τέρματα

198 1126 309 1203 primus
323 1125 423 1183 omisit
436 1119 613 1182 Karstenius.
1021 1119 1128 1197 θηρείων
1143 1118 1241 1196 λεχέων
1256 1119 1364 1196 posuit.
1377 1119 1461 1187 Quod
1475 1121 1636 1196 posteriore
1647 1120 1800 1178 Plutarchi

238 1211 286 1269 Vs.
310 1211 377 1270 363.
394 1209 497 1286 αἴσιμον
511 1207 579 1288 ὕδωρ
599 1207 649 1266 hle
663 1226 778 1288 quoque
797 1207 975 1284 seruavi,ut
1021 1209 1087 1266 loco
1118 1205 1247 1264 Diibneri
1282 1205 1373 1264 editio
1406 1204 1493 1263 habet
1525 1205 1667 1282 πέλματα,
1706 1209 1803 1265 tenuit

197 1318 243 1357 vs.
262 1299 334 1368 3543
353 1299 495 1354 lieltherus
508 1293 627 1370 αύξιμσν.
1022 1296 1157 1354 Steinius.

238 1384 285 1450 Vs.
303 1387 358 1452 364
373 1403 417 1460 sq.
434 1383 493 1440 Pro
513 1382 723 1458 κλαδασσόμενον
738 1381 900 1439 Lobeekius
921 1381 975 1439 Pa·
1061 1381 1109 1441 Vs.
1126 1383 1195 1454 369.
1211 1369 1262 1437 ὧδε
1276 1377 1323 1454 μέν
1335 1377 1408 1461 κτλ]
1422 1380 1528 1454 legitur
1539 1379 1617 1456 apud
1628 1379 1801 1458 Theophra-

199 1472 272 1531 thol.
288 1494 317 1550 p.
332 1475 370 1548 89
382 1470 491 1548 injuria
504 1470 711 1546 κλυδασσύμενον
724 1469 900 1528 exarandum
916 1488 977 1527 esse
1022 1480 1096 1525 stum
1112 1468 1147 1526 de
1161 1467 1252 1524 Sensu
1268 1487 1331 1543 cap.
1349 1488 1385 1523 aa
1398 1487 1427 1544 p.
1443 1467 1512 1538 656,
1527 1468 1577 1544 qui
1595 1468 1801 1545 Empedoclem

199 1560 299 1618 statuit
310 1561 438 1635 neglecta
449 1559 582 1635 llesychii
598 1559 691 1634 glossa
706 1579 712 1613 :
726 1557 870 1616 κλαδᾶσαι·
880 1557 975 1632 σεῖσαι,
1024 1551 1254 1633 reprehendens,
1274 1554 1353 1630 quod
1375 1555 1595 1630 respirationem
1611 1567 1639 1611 et
1662 1555 1800 1613 ollactnm

200 1646 277 1704 uncle
291 1646 433 1724 suspicari
447 1646 511 1702 licet
523 1645 622 1724 κλαδᾷν
637 1658 665 1701 et
678 1643 834 1702 altrisiacus
847 1643 883 1701 de
894 1645 978 1701 vehe-
1023 1661 1058 1697 ex
1068 1640 1165 1698 eadem
1178 1660 1263 1698 causa
1273 1653 1392 1717 repetat,
1401 1640 1446 1697 his
1459 1641 1550 1697 utitur
1560 1639 1716 1701 verbist‘O
1728 1643 1754 1700 δὲ
1766 1647 1803 1711 ὡς

201 1731 289 1788 menti
302 1744 380 1788 motu
395 1732 503 1788 dictum
517 1731 643 1788 eamdem
656 1750 747 1808 prope
758 1730 816 1788 vim
829 1727 975 1788 habuisse.
1024 1730 1119 1799 ταύτῆς
1135 1726 1212 1797 οὔσης
1229 1731 1276 1797 τῆς
1293 1727 1378 1792 αἰτίας
1392 1727 1436 1784 καλ
1456 1729 1499 1786 aa
1515 1727 1583 1784 τελει
1597 1727 1676 1785 πάλιν
1698 1729 1802 1806 εἴρηκεν

201 1819 287 1886 Quod
303 1838 416 1890 versum
430 1817 539 1875 claudit
559 1818 601 1874 διίι
613 1821 691 1893 γυίων
708 1817 767 1894 jam
781 1816 906 1874 restituit
919 1819 978 1872 Ste-

203 1905 316 1982 phanus
336 1903 457 1980 expulsa
471 1904 542 1961 lalsa
556 1906 700 1982 scriptura
720 1903 912 1981 plurimorum
932 1923 978 1959 co·

201 1993 300 2048 dicum
324 1991 356 2047 δι’
381 1991 489 2066 ἀγνιιῗνν.
513 1991 605 2067 llujus
633 2003 726 2048 autem
749 1989 978 2046 emendationem

202 2097 361 2155 paucorum
391 2077 534 2134 librorum
563 2080 731 2135 auctoritate
756 2078 786 2135 in
808 2075 915 2153 quibus
938 2075 979 2134 hd

202 2164 290 2240 γυίων,
304 2163 374 2240 γύων
390 2165 435 2222 vel
455 2166 522 2238 γνῶν
542 2177 602 2239 est,
622 2165 761 2220 firmatam
782 2163 894 2220 invenit
909 2162 980 2218 Βελι-

202 2253 301 2311 herus.
318 2250 493 2309 lllembranae
513 2269 612 2308 omnes
627 2250 658 2307 in
672 2249 770 2306 ὁππότε
785 2245 896 2315 έπαίξειε
913 2269 980 2305 con·

203 2339 334 2416 spirant,
361 2338 411 2396 sed
426 2349 457 2395 ut
479 2356 523 2394 vs.
549 2337 605 2404 348
632 2335 823 2412 quorumdam
849 2335 981 2392 codicum

205 2426 357 2483 lectionem
378 2420 475 2500 ἀπαΐίη
492 2424 595 2481 merito
610 2424 737 2500 praetulit
761 2423 903 2480 lieltherus
918 2421 981 2480 vul·

205 2525 277 2585 gatae
302 2505 396 2587 ἔπαίίη
424 2523 545 2586 propter
573 2511 693 2566 verbum
716 2510 882 2587 oppositum
912 2511 982 2567 ἀνα-

205 2597 309 2675 θρώσκη
328 2620 333 2653 :
351 2597 391 2656 ita
404 2598 488 2654 etiam
503 2595 552 2653 hic
567 2593 679 2662 έπαίξειε
701 2597 732 2654 in
746 2594 862 2663 ἀπαίξειε
877 2595 982 2653 mutari

206 2687 352 2762 oportuit,
373 2685 509 2761 quoniam
534 2683 609 2740 idem
633 2683 807 2740 vocabulum
833 2683 922 2740 altera
948 2701 983 2740 ex

195 2787 290 2851 ⁴parte
315 2772 478 2849 respondet.
505 2770 720 2828 Corcectionem
738 2771 811 2828 hanc
833 2789 849 2826 a
874 2770 984 2828 Steinio

206 2861 386 2938 propositam
404 2859 509 2936 recepi.

247 2953 294 3006 Vs.
310 2949 378 3008 366.
396 2946 494 3020 αἰθέρος
514 2942 586 3008 εὐθὺς
601 2947 685 3022 ῥεῦμα
701 2944 771 3022 κτλ]
788 2945 828 3002 lta
843 2943 985 3002 lieltherus

207 3053 224 3092 e
241 3046 378 3111 quattuor
393 3031 542 3090 codicibus
556 3031 663 3102 edidit;
687 3031 791 3108 reliqui
812 3052 867 3110 pro
887 3029 986 3107 αἰθέρος

208 3121 316 3182 hahent
340 3123 439 3196 ἕτερον,
468 3133 578 3177 veteres
607 3119 749 3176 editiones
774 3119 878 3196 θσίτερσν
907 3114 985 3193 quod

208 3209 315 3267 mirum
330 3221 374 3266 est
386 3207 539 3264 Karstenio
556 3208 708 3284 placuisse.
724 3206 794 3263 Nam
813 3217 877 3283 post
893 3203 986 3260 inter-

204 3296 312 3374 jectam
336 3295 451 3370 longam
475 3299 717 3371 comparationem
739 3293 805 3367 quis
829 3311 888 3349 non
907 3291 987 3349 videt

209 3384 285 3441 neris
295 3381 468 3440 vocabulum
481 3382 665 3458 repetendum
677 3380 888 3459 perspicuitatis
903 3397 987 3437 causa

212 3469 321 3542 luisse?

251 3556 299 3613 Vs.
320 3558 390 3627 367.
415 3545 472 3612 εύτε
492 3555 515 3611 δ’
530 3553 684 3634 σίναθρώσκῃ
701 3551 771 3632 κτλ]
796 3551 900 3630 scripsi
922 3572 986 3610 cum

209 3645 357 3714 Beltltero;
375 3642 444 3700 libri
462 3643 567 3720 partim
584 3641 741 3720 ἀναθρώοκη
753 3641 857 3718 partim
871 3639 986 3716 ἀναθρώ·

210 3737 268 3789 drot
282 3732 327 3788 vel
342 3731 512 3808 ἀναθρώσκει.

118 3875 122 3883 ,
250 3823 299 3877 Vs.
318 3819 385 3876 368.
397 3815 523 3892 κέμματοι
538 3815 611 3892 κτλ]
624 3813 795 3872 Plutarchus
809 3813 915 3881 Quaest.
930 3824 987 3874 nat.

210 3925 240 3982 p.
254 3904 392 3978 9173vol.
407 3907 436 3960 X
446 3903 541 3980 phtia
555 3901 599 3960 ed.
613 3901 708 3960 tteist.
724 3923 730 3957 :
743 3902 857 3979 Πότερον
869 3901 896 3960 αἱ
906 3899 988 3972 κύνες,

212 3990 247 4056 tir
260 3991 337 4069 φησιν
349 3990 547 4064 Ἐμπεδοκλῆς,
567 3986 691 4064 κέμματα
703 3989 810 4065 θηρείων
829 3987 927 4063 μελέων
939 4012 989 4063 μυ·

211 4082 319 4156 κτῆρσιν
335 4077 475 4154 έρευνῶσαι
487 4074 532 4139 τὰς
554 4073 694 4154 ἀπορροίας
705 4073 944 4149 ἀναλαμέαένουσιν,
960 4073 990 4139 ἃς

212 4165 376 4224 ἐναπολείπει
384 4162 417 4220 τά
427 4162 504 4240 θηρία
512 4168 544 4242 τῇ
552 4163 600 4241 θλη
613 4165 672 4221 κτλ.
686 4163 764 4220 ldem
773 4161 990 4220 deCuriositate

212 4273 281 4330 pag.
297 4253 371 4324 Ιὄιος
392 4251 452 4308 vol.
468 4250 533 4309 Vlll
558 4271 625 4328 pag.
642 4253 677 4323 67
694 4251 738 4308 ed.
758 4249 853 4307 lleish.
874 4267 989 4305 versum

214 4340 322 4397 omisso
343 4338 598 4395 auotorisnomine
618 4340 660 4396 sic
678 4336 794 4394 exhibet
810 4359 817 4393 t
833 4339 868 4395 Ol
883 4336 990 4414 κυνηγοί

213 4425 271 4492 τούς
294 4424 449 4489 σκύλακας.
474 4469 482 4485 .
506 4469 514 4484 .
537 4464 544 4479 .
565 4424 751 4502 ἀνακρούουσι,
770 4421 883 4500 καθαρὸν
906 4425 990 4480 αὐτῶν

214 4513 259 4572 καλ
273 4512 386 4591 ἄκρατον
401 4511 571 4591 φυλάττοντες
581 4510 611 4569 τδ
627 4509 791 4586 αἰσθητήριον
804 4510 847 4568 tei
859 4509 888 4568 τὸ
899 4511 990 4568 οἰκεῖον

214 4601 298 4679 ἔργον,
313 4597 354 4657 ἵνα
367 4599 535 4678 εὐτονώτερον
546 4597 677 4679 ἔμμύηται
686 4605 737 4663 τοῖς
746 4597 839 4676 ἴχνεσι,
851 4597 991 4673 «τέρματα

214 4687 310 4765 θηρίων
329 4687 429 4763 μελέων
446 4691 590 4765 μυκτῆρσιν
608 4689 727 4766 ἐρευνῶν.
738 4713 749 4737 ν
760 4685 888 4744 Pertinet
902 4687 992 4760 igitur

214 4775 264 4832 hio
277 4794 380 4833 versus
393 4775 428 4833 ad
443 4795 546 4832 canum
566 4775 710 4850 sagacium
726 4775 889 4832 odoratum.
904 4773 991 4830 Com·

1024 1813 1113 1893 ὥσπερ
1123 1813 1363 1888 ἐπισημαινόμενος·
1373 1806 1422 1871 dat
1434 1813 1480 1891 μὲν
1491 1815 1547 1873 κτλ.
1560 1814 1704 1890 llesychio
1714 1817 1802 1874 etiam

1025 1899 1092 1976 ὀσμὴ
1110 1915 1153 1959 est
1163 1901 1287 1980 δσρρησις
1305 1902 1355 1977 qui
1369 1901 1488 1959 sortasse
1507 1901 1580 1958 hanc
1592 1902 1673 1959 vocis
1686 1903 1802 1977 signifi·

1025 1990 1165 2046 cntionem
1181 2009 1215 2044 ex
1228 1988 1403 2063 Empedocle
1416 1991 1574 2045 annotavit.

1068 2077 1116 2134 Vs.
1128 2077 1185 2146 370
1198 2073 1416 2151 Theophrastus
1425 2073 1495 2132 ibid.
1505 2095 1564 2150 rap.
1575 2094 1593 2149 9
1604 2095 1610 2130 :
1622 2071 1679 2143 Τὴν
1688 2075 1709 2132 δ’
1721 2075 1804 2146 airola

1027 2161 1078 2219 ἀπὸ
1098 2165 1149 2219 τῶν
1170 2159 1265 2219 ἔσωθεν
1288 2160 1402 2236 γίνεσθαι
1425 2162 1525 2240 ψόφων·
1542 2159 1605 2219 ὅταν
1624 2162 1673 2240 γὰρ
1694 2163 1805 2233 ὑπὸτῆς

1028 2252 1113 2324 φωνῆς
1127 2253 1218 2328 κινηθῇ
1233 2249 1260 2327 (ἡ
1276 2248 1369 2328 ἀκοὴ),
1380 2250 1454 2326 ἠχεῖν
1470 2247 1555 2313 ἔντύς·
1567 2245 1656 2326 ὥσπερ
1672 2247 1722 2326 γδρ
1736 2242 1805 2308 εἶναι

1028 2338 1135 2396 κώδωνα
1156 2341 1208 2395 τῶν
1231 2335 1283 2396 ἔσαν
1301 2335 1374 2416 ἤχων
1395 2333 1441 2404 τὴν
1457 2331 1547 2408 ἀκοήν,
1566 2333 1598 2405 ἣν
1617 2335 1805 2415 προσαγορεύει

1029 2422 1148 2502 σάρκινον
1166 2423 1232 2497 ύζον,
1244 2423 1397 2500 κινουμένην
1411 2423 1439 2480 δὲ
1451 2421 1538 2482 παίειν
1555 2421 1598 2481 τθν
1611 2423 1676 2503 ἀέρα
1687 2421 1751 2502 πρὸς
1771 2425 1806 2484 et

1029 2510 1120 2590 στερεὰ
1128 2511 1173 2569 καλ
1184 2519 1266 2568 ποιεῖν
1279 2501 1357 2588 ἦχον,
1368 2511 1389 2568 i.
1402 2527 1427 2568 e.
1445 2535 1458 2560 ε
1471 2509 1601 2567 auditum
1612 2509 1806 2569 interioribus

1028 2601 1193 2660 sonisellici
1208 2622 1215 2657 ι
1230 2597 1661 2678 quippeaurem‚qnandovoce
1673 2598 1805 2670 feriatur,

1029 2688 1104 2746 intra
1125 2689 1265 2766 seipsam
1286 2705 1390 2745 sonare
1408 2705 1492 2743 :esse
1512 2685 1589 2743 enim
1608 2685 1687 2742 velut
1704 2685 1805 2744 tubam

1029 2793 1129 2832 eorum
1144 2795 1209 2851 quae
1224 2775 1303 2832 intus
1314 2786 1418 2831 sonant
1434 2791 1551 2843 aurem,
1566 2791 1651 2848 quam
1669 2791 1806 2830 carneum

1030 2867 1137 2920 nodum
1153 2863 1287 2940 appellat,
1300 2882 1358 2938 quo
1371 2873 1501 2935 tempore
1513 2879 1584 2917 vero
1603 2857 1721 2917 feriatur
1739 2879 1804 2918 eant

1030 2968 1123 3007 aerem
1142 2949 1240 3006 densis
1257 2948 1294 3022 lh.
1309 2969 1335 3005 e.
1356 2947 1558 3023 cartilagineis)
1581 2947 1740 3024 parietibus
1758 2969 1808 3007 re-

1031 3049 1180 3113 percutere
1203 3037 1387 3111 sonitumque
1415 3033 1545 3097 reddere.
1572 3062 1584 3088 ν
1608 3035 1717 3113 Scripsi
1739 3059 1807 3096 curn

1033 3124 1184 3182 Karstettio
1206 3121 1257 3180 οἰπδ
1281 3125 1333 3180 τῶν
1356 3121 1449 3179 ἔσωθεν
1471 3142 1525 3198 pro
1546 3122 1664 3194 vulgato
1686 3121 1737 3178 ἀπὸ
1755 3127 1810 3180 τῶν

1031 3211 1121 3279 ε”ςωθεν
1144 3211 1279 3268 inductus
1292 3210 1486 3288 Theophrasti
1502 3210 1673 3268 refutatione
1689 3231 1752 3288 cap.
1770 3234 1806 3268 21

1031 3299 1135 3374 dogma
1152 3297 1372 3376 Empedocleum
1393 3297 1435 3355 sic
1449 3297 1606 3356 refellentis
1625 3319 1631 3353 τ
1649 3295 1728 3356 'Atat
1747 3299 1811 3379 περὶ

1030 3383 1078 3455 τὴν
1095 3385 1175 3456 ἀκοὴν
1189 3385 1250 3443 ὅταν
1263 3387 1353 3462 ἀποδῷ
1367 3388 1420 3451 τοῖς
1439 3385 1534 3443 ἔσωθεν
1548 3384 1680 3462 γίγνεσθαι
1699 3387 1810 3466 ψόμοις,

1033 3465 1127 3524 ἄτοπον
1148 3465 1178 3523 τὸ
1192 3463 1305 3536 οἴεσθαι,
1318 3465 1394 3534 δῆλον
1413 3453 1492 3536 εἶναι,
1505 3467 1560 3530 πῶς
1578 3463 1714 3532 tritomo
1738 3465 1811 3524 ἔνδον

1032 3552 1176 3622 ποιήσαντα
1188 3550 1269 3631 ψύρον
1281 3547 1370 3626 ὥσπερ
1384 3547 1508 3607 κώδωνα·
1521 3551 1573 3606 τῶν
1588 3548 1635 3625 μέν
1646 3548 1697 3629 γάρ
1711 3547 1761 3616 ἔξω
1777 3552 1811 3607 δι’

1019 3638 1127 3700 ,ἐκεῖνον
1144 3638 1195 3714 (τὸν
1208 3636 1327 3712 κώδωνα)
1346 3635 1486 3710 ἀκούομεν,
1500 3633 1597 3692 ἐκείνου
1618 3633 1645 3692 δέ
1663 3639 1812 3716 ψοφοῦντος

1034 3725 1075 3783 at
1085 3723 1108 3781 τί
1118 3747 1126 3796 ;
1138 3745 1262 3802 quorum
1277 3722 1434 3781 verborum
1451 3740 1552 3780 sensus
1567 3733 1631 3778 est:
1653 3746 1665 3772 ι
1681 3722 1730 3779 sed
1747 3724 1813 3781 ine·

1034 3826 1112 3889 [utrm
1136 3832 1197 3870 esse
1216 3812 1333 3870 credere
1360 3829 1425 3886 quae
1440 3810 1476 3867 de
1501 3809 1600 3866 auditu
1622 3808 1814 3868 interioribus

1033 3901 1111 3957 sonis
1134 3900 1236 3957 ellectu
1257 3900 1334 3957 dicat
1347 3915 1486 3975 apparere
1501 3895 1641 3973 quaerenti
1662 3895 1812 3970 quomodo

1034 3987 1153 4044 audiant
1167 3986 1276 4056 tubam,
1298 3986 1376 4044 intus
1392 3995 1540 4042 sonantem
1559 4004 1566 4038 ι
1584 3995 1719 4039 externos
1733 3983 1813 4038 enim

1035 4093 1122 4130 sonos
1148 4093 1200 4151 per
1237 4071 1334 4130 tubam
1372 4070 1521 4140 audimus;
1550 4082 1579 4126 at
1606 4087 1663 4144 qna
1701 4067 1815 4126 ratione

1035 4160 1126 4235 ipsam
1150 4161 1267 4217 tubam‘l
1287 4185 1299 4210 ν
1321 4159 1460 4218 Similiter
1477 4154 1651 4214 Plutarchus
1671 4155 1707 4213 de
1730 4155 1812 4214 Plac.

1035 4246 1107 4323 phil.
1122 4245 1170 4316 lV,
1188 4249 1221 4302 16
1239 4269 1245 4302 ι
1260 4245 1441 4320 Ἐμπεδοκλῆς
1452 4245 1500 4315 τ’λν
1515 4243 1595 4312 ἀκοὴν
1609 4241 1725 4319 γίνεσθαι
1743 4244 1815 4300 κατὰ

1034 4334 1201 4412 πρόσπτωσιν
1231 4333 1379 4409 πνεύματος
1406 4337 1444 4412 τῷ
1470 4331 1623 4409 κοχλιώδει,
1647 4328 1711 4408 ὅπερ
1734 4331 1816 4407 φησὶν

1036 4421 1188 4499 ἐξηρτῆσθαι
1199 4420 1270 4487 έντὸς
1276 4426 1321 4478 τοῦ
1332 4419 1412 4491 ὠτός,
1425 4419 1544 4485 κώδωνος
1554 4417 1627 4488 δίκην
1638 4416 1815 4493 αἰωρούμενον

1036 4508 1079 4567 καί
1091 4509 1260 4585 τυπτόμενον,
1272 4509 1291 4567 i.
1303 4528 1330 4567 e.
1345 4534 1357 4560 τ
1371 4508 1498 4566 auditum
1508 4507 1583 4566 effici
1593 4527 1657 4565 aere
1668 4507 1774 4583 illapso
1784 4508 1815 4566 in

1036 4596 1180 4654 cochleam
1194 4596 1423 4670 cartilaginem,
1436 4613 1521 4672 equam
1535 4597 1612 4653 intra
1623 4613 1720 4652 aurem
1734 4609 1815 4672 apta-

1037 4697 1091 4742 tam
1114 4684 1202 4756 dicit,
1230 4681 1415 4742 tintinnabuli
1442 4684 1473 4740 in
1500 4682 1617 4740 modum
1642 4701 1814 4758 suspensam

1036 4785 1065 4830 et
1084 4772 1235 4850 pulsatam.
1261 4797 1273 4820 ν
1289 4769 1352 4827 dam
1370 4771 1395 4828 si
1410 4790 1426 4827 a
1439 4769 1583 4828 vocabulo
1597 4771 1738 4847 κοχλιῶδες
1754 4769 1814 4826 dis-

215 4876 315 4940 parato
330 4876 456 4940 utroque
477 4862 625 4921 Plutarchi
641 4863 705 4920 loco
727 4861 908 4939 Empedoclis
933 4879 992 4917 ma·
1037 4861 1156 4918 cesseris
1170 4858 1248 4936 quod
1259 4857 1295 4915 ab
1306 4863 1463 4935 interprete
1473 4857 1632 4934 proiectum
1647 4875 1709 4914 esse
1721 4855 1814 4927 dicas,

216 4971 284 5010 nura
303 4953 453 5010 restituere
466 4951 539 5009 mihi
556 4951 638 5009 visus
650 4969 712 5008 sum
727 4948 880 5007 scribendo
899 4967 907 5006 τ
927 4947 991 5024 κέμ·
1038 4967 1139 5024 parum
1156 4947 1259 5016 relect,
1272 4945 1370 5003 tubam
1385 4963 1420 5002 an
1433 4943 1658 5001 tintinnabulum
1674 4943 1817 5018 Empedo-

216 5061 288 5113 ματα
303 5039 411 5119 θηρείων
427 5039 526 5115 μελέων
538 5041 682 5116 μυκτῆρσιν
695 5040 803 5117 ἐρευνῶν
815 5037 907 5097 intell.
923 5036 992 5095 κύων
1037 5035 1095 5093 cles
1109 5037 1140 5092 in
1154 5053 1223 5092 aure
1237 5035 1331 5091 inesse
1344 5031 1471 5090 voluerit
1488 5053 1494 5089 ι
1511 5045 1588 5110 patet
1608 5043 1700 5089 autem
1716 5030 1816 5107 philo-

216 5126 271 5184 hac
282 5131 441 5186 sententia:
458 5128 728 5200 eranisferirroram
745 5129 925 5184 membrorum
941 5147 991 5182 cu·
1037 5123 1156 5201 sophum
1174 5123 1322 5196 statuisse,
1337 5121 1463 5180 auditum
1479 5120 1555 5178 ellici
1574 5117 1678 5209 partim
1694 5129 1816 5174 externo
