3764 5922
250 279 310 336 880
860 279 975 342 Slllll'l
998 282 1265 346 encflttttmort.

296 408 362 470 338,
382 407 510 466 Verbum
526 408 563 466 de
576 408 637 468 Deo
654 429 713 467 non
734 413 813 470 omni
826 411 938 472 bomini
954 433 1034 472 corn·
1122 417 1188 476 362.
1209 416 1314 476 Sinon
1335 401 1387 478 das
1402 421 1516 494 egenti,
1532 440 1598 478 cum
1618 419 1718 499 poscit
1727 461 1738 492 ,
1752 435 1816 475 non
1833 435 1867 474 at-

253 495 359 556 mittas.
380 495 435 572 (Cf.
449 495 595 574 Porphyr.
608 496 644 555 ad
658 497 788 560 Marcell.
801 519 864 580 cap.
883 502 917 559 15
931 517 960 561 et
980 504 1035 580 Py·
1081 501 1173 579 cipies
1186 523 1203 562 a
1217 504 1296 575 lleo,
1313 525 1380 562 cunr
1397 509 1577 584 poposceris.

252 583 364 659 tlragor.
378 583 503 660 symbol.
520 584 577 662 68.)
1123 590 1190 649 363.
1210 592 1266 661 Qui
1286 611 1322 650 ex
1338 593 1436 652 animo
1450 594 1500 653 dat
1518 594 1616 653 cibum
1632 593 1809 670 indigenti,
1831 612 1870 668 pa·

295 673 362 748 339.
386 671 450 730 Non
465 685 508 731 est
531 685 623 732 tutum
648 673 750 733 audire
771 675 808 734 de
822 675 884 734 Deo
904 677 1036 738 immines
1081 696 1144 736 rum
1171 679 1288 756 quidem
1311 694 1372 751 est,
1390 681 1469 758 quod
1490 683 1554 754 dat,
1578 681 1628 742 sed
1651 701 1769 759 magna
1791 681 1839 738 liet
1852 685 1870 740 ei

252 779 333 817 vanae
348 761 450 838 gloriae
467 761 605 834 jactantia
620 775 781 841 corruptos.
796 763 850 842 (Cf.
867 765 1034 844 Demophil.
1081 764 1165 825 bonae
1179 769 1335 828 voluntatis
1351 769 1515 828 retributio.

249 860 322 906 sent.
339 857 376 907 25
391 861 420 907 et
433 848 579 926 Porphyr.
596 849 633 908 ad
650 849 742 910 Marc.
759 871 821 929 cap.
841 853 895 930 15.)
1122 855 1188 924 364.
1210 856 1302 916 Deum
1316 858 1368 934 qui
1388 870 1471 936 putat
1485 877 1548 917 ease
1563 871 1593 916 et
1607 858 1680 917 nihil
1703 857 1750 917 ab
1769 876 1809 916 eo
1830 879 1873 914 cu-

294 935 360 1005 340.
383 934 844 1014 Delleoetiamquaeverasunt
860 940 941 1016 loqui
957 943 1036 1018 peri-
1081 943 1156 1015 rari,
1174 944 1248 1003 nihil
1275 945 1377 1004 dissert
1396 945 1434 1004 ab
1458 964 1510 1017 eo,
1528 946 1580 1023 qui
1605 964 1664 1004 non
1691 945 1799 1004 credit
1818 963 1875 1000 esse

252 1023 349 1082 culum
365 1037 408 1082 est
427 1037 456 1082 et
469 1044 526 1081 non
545 1045 677 1102 parvum.
693 1025 749 1104 (Cf.
771 1027 937 1106 Demophil.
959 1042 1033 1088 sent.
1081 1031 1183 1091 Deum.
1198 1032 1252 1109 [Cf.
1264 1032 1410 1111 Porpbyr.
1425 1033 1461 1091 ad
1474 1033 1599 1091 Marcell.
1614 1052 1679 1110 cap.
1698 1033 1776 1108 aa.)

253 1111 289 1168 25
305 1123 333 1169 et
347 1111 456 1189 Porph.
470 1113 507 1169 ad
521 1111 609 1170 Marc.
625 1131 687 1191 cap.
706 1113 761 1192 15.)
1122 1120 1190 1180 365.
1212 1119 1328 1199 Optime
1339 1121 1464 1179 honorat
1476 1121 1568 1180 mum
1583 1120 1650 1190 ille,
1665 1121 1721 1197 qui
1747 1132 1871 1177 urentem

294 1200 362 1266 341.
386 1199 504 1256 DeDeo
519 1199 592 1258 nibil
611 1199 708 1274 dicus,
724 1203 874 1278 quodnon
895 1203 1036 1264 didiceris
1081 1221 1333 1285 suam,quantum
1349 1208 1412 1266 lieri
1428 1221 1534 1286 potest,
1553 1207 1679 1266 similem
1696 1209 1770 1266 Deo
1795 1209 1870 1265 iacit.

250 1285 342 1344 allec
360 1307 366 1343 :
384 1287 429 1345 vel
445 1287 472 1346 ei
487 1287 538 1363 qui
561 1307 619 1346 non
638 1287 745 1361 credit,
762 1289 797 1346 de
808 1291 870 1348 Deo
891 1291 966 1352 nibil
987 1293 1034 1350 lo·
1081 1296 1137 1373 (Cf.
1150 1296 1298 1374 Porphyr.
1312 1297 1348 1356 ad
1364 1297 1491 1356 Marcell.
1504 1315 1570 1375 cap.
1588 1298 1648 1373 16.)

250 1375 361 1450 quat-is.
1122 1386 1188 1443 366.
1211 1385 1290 1445 Deua
1309 1385 1427 1463 quidem
1451 1404 1633 1463 nequaquam
1654 1398 1737 1460 eget,
1763 1386 1873 1442 laetatur

292 1463 360 1528 346.
382 1461 508 1520 Verbum
524 1481 626 1520 verum
640 1475 673 1521 ut
687 1464 776 1522 Deum
791 1466 913 1526 honora.
1081 1484 1175 1530 tamen
1188 1491 1277 1550 super
1290 1473 1354 1544 bis,
1370 1474 1422 1550 qui
1436 1472 1638 1550 indigentibus
1649 1472 1802 1532 tribuunt.

292 1549 359 1615 343.
382 1547 414 1607 si
430 1549 569 1608 immunis
583 1569 643 1607 non
656 1551 875 1628 esaflagitioais
885 1555 1035 1632 operibus,
1122 1559 1189 1632 367.
1212 1559 1354 1618 Fidelium
1370 1579 1462 1638 pauca
1473 1574 1541 1620 sunt
1552 1560 1768 1639 rerba,opera
1778 1575 1872 1620 autern

249 1635 286 1692 de
299 1636 360 1694 Deo
374 1636 448 1695 nihil
459 1636 609 1715 disceptes.
627 1636 685 1716 (Cf.
698 1637 845 1717 Porphyr.
858 1642 893 1700 ad
903 1643 1032 1701 Marcell.
1081 1646 1181 1705 multa.
1305 1680 1308 1685 -

250 1742 316 1800 cap.
337 1723 394 1798 15.)
1123 1740 1191 1797 368.
1216 1739 1338 1812 Fidelis,
1354 1740 1405 1818 qui
1424 1739 1550 1798 libenter
1571 1741 1635 1798 vult
1657 1740 1782 1812 doceri,
1807 1763 1872 1819 ope-

291 1811 359 1878 344.
381 1810 483 1870 Sermo
499 1829 585 1871 881818
599 1811 635 1870 de
650 1812 711 1871 000
726 1831 822 1872 θθΐῐΰῡ
838 1815 891 1875 Dei
905 1832 959 1878 est·
1080 1827 1176 1886 rarius
1190 1827 1335 1886 efficietur
1347 1827 1489 1888 veritatis.
1875 1839 1879 1854 “

293 1901 362 1968 345.
385 1899 416 1960 Si
437 1903 511 1973 scis,
526 1901 605 1978 quod
629 1914 777 1981 acceptum
800 1905 907 1965 babent
930 1907 966 1965 de
990 1921 1033 1978 te,
1122 1912 1191 1988 369.
1215 1912 1349 1992 Praeparat
1371 1927 1400 1972 et
1423 1927 1532 1990 aptate
1549 1913 1584 1972 ad
1601 1913 1872 1990 tribulationes,er

253 1987 331 2064 (7666
344 1987 444 2064 diligis
458 1989 567 2061 Deum,
583 1988 614 2048 hi
635 1989 687 2066 qui
707 2002 735 2050 te
755 1991 891 2066 audiunt,
904 2007 972 2052 tunc
992 1995 1035 2052 eis
1080 1999 1243 2059 laetuseria.

251 2076 372 2152 l‘llllle
385 2076 421 2134 de
437 2075 509 2135 ⁰⁰⁰·
597 2163 604 2176 ·
681 2164 687 2178 ι
1121 2097 1191 2170 370.
1213 2095 1363 2156 Neminem
1378 2097 1486 2156 laedens
1500 2096 1612 2154 nullum
1627 2094 1758 2156 timebis.

289 2165 358 2231 34⁶·
378 2163 474 2242 Opera
492 2157 621 2222 “alliam
636 2163 690 2222 ΒΘ)
705 2166 866 2242 P¹⁰⁰⁰d³nl
879 2166 932 2226 ’δ’
949 2180 992 2244 ῑθ,
1006 2181 1033 2228 ⁰⁸
1121 2183 1188 2254 37¹·
1211 2183 1367 2261 Tyrannus
1380 2181 1587 2242 beatitudinem
1604 2202 1663 2240 non
1678 2184 1788 2242 aufert.

249 2263 317 2308 ωηο
331 2269 493 2310 ⁵⁰f¹⁰⁰¹¹⁰¹⁰
507 2248 592 2308 [30)ῑο
603 2249 640 2309 de
655 2251 726 2310 D00·
1122 2271 1188 2342 372.
1210 2270 1297 2340 Quod
1311 2271 1376 2330 fieri
1392 2289 1508 2329 necesse
1525 2281 1583 2341 est,
1598 2269 1765 2328 voluntarie
1779 2273 1866 2328 sacri·

291 2341 357 2411 347.
380 2339 414 2398 16
438 2338 624 2398 multitudine
646 2339 744 2400 dicere
768 2341 804 2401 de
822 2343 884 2402 Deo
906 2363 965 2401 non
986 2363 1035 2402 au·
1081 2357 1174 2418 ficato,

250 2427 327 2487 ⁰⁰³⁸·
1122 2447 1188 2518 373.
1209 2445 1295 2515 0606
1310 2465 1370 2504 666
1384 2458 1500 2523 oportet
1522 2445 1600 2516 lieri,
1622 2445 1706 2504 nullo
1721 2446 1810 2504 modo
1825 2447 1860 2503 la·

289 2526 358 2595 348.
379 2524 508 2584 Verbum
523 2524 559 2584 de
575 2524 637 2584 Deo
650 2527 768 2604 parcius
783 2526 928 2606 proferto,
947 2547 1033 2604 quam
1080 2533 1150 2592 cias,

248 2614 284 2674 de
314 2616 420 2674 anima.
447 2613 552 2671 Melius
576 2626 621 2672 est
650 2617 776 2674 animam
801 2616 925 2694 perdere
947 2635 1033 2692 quam
1121 2623 1188 2694 374.
1209 2620 1332 2681 Omnem
1358 2621 1450 2696 magis
1472 2639 1588 2679 0660660
1610 2621 1687 2679 refer
1709 2623 1744 2680 ad
1761 2624 1855 2679 ileum.

248 2700 370 2760 verbum
384 2720 492 2760 vanum
502 2701 539 2760 de
553 2703 615 2760 Deo
627 2704 767 2780 prolerre.
1080 2708 1151 2786 (vid.
1169 2709 1296 2768 llierocl.
1310 2709 1345 2768 ad
1362 2727 1449 2766 carm.
1463 2725 1526 2767 aur.
1539 2727 1583 2769 vs.
1602 2709 1743 2785 48-49.)

290 2790 359 2866 349.
381 2788 445 2847 Viri
460 2789 583 2847 amantis
598 2790 689 2848 Deum
709 2791 841 2868 corporis
865 2803 1032 2869 potestatem
1121 2799 1189 2870 378.
1211 2797 1303 2856 Memo
1320 2797 1436 2875 sapiens
1450 2808 1508 2870 est,
1521 2795 1573 2873 qui
1588 2794 1725 2854 deorsum
1747 2797 1859 2873 respicit

248 2873 336 2936 babet
349 2876 395 2935 leo
409 2889 437 2935 et
454 2889 597 2953 tyrannus
611 2877 759 2938 similiter.
834 2941 837 2948 ,
1079 2885 1110 2942 in
1125 2897 1241 2946 terram.

289 2965 358 3023 350.
381 2964 453 3024 Cum
472 2963 528 3024 tibi
549 2965 675 3024 minatur
699 2977 857 3042 tyrannus,
873 2963 956 3042 cujus
973 2964 1032 3043 sis,
1120 2971 1185 3043 376.
1209 2969 1353 3029 lmmensa
1361 2969 1499 3027 amatoris
1508 2967 1660 3046 sapientire
1672 2967 1793 3027 libertas
1803 2988 1857 3026 oon

246 3065 316 3110 tunc
327 3071 441 3112 memor
459 3053 585 3111 maxime
598 3066 671 3113 esto.
1078 3058 1117 3118 sit
1129 3059 1160 3116 in
1173 3057 1305 3129 bomine,
1317 3057 1367 3116 sed
1382 3056 1413 3114 in
1427 3057 1532 3114 anima.
1876 3119 1877 3123 ,

289 3141 358 3202 351.
379 3140 507 3200 Verbum
524 3141 560 3200 de
576 3138 637 3200 Deo
656 3141 778 3200 reticere
792 3154 909 3220 praestat
924 3144 1031 3220 magis,
1121 3146 1185 3217 377.
1207 3145 1343 3216 Mentiri,
1355 3145 1386 3201 in
1399 3143 1460 3201 vita
1474 3143 1608 3220 decipere
1622 3155 1667 3200 est
1676 3156 1705 3201 et
1717 3143 1820 3221 decipi.

247 3249 333 3307 quam
349 3242 456 3289 temere
474 3230 616 3307 prolerre.
633 3229 689 3306 (Cf.
705 3229 889 3309 Porphyrius
901 3231 936 3288 ad
956 3229 1033 3289 Mar·
1119 3233 1186 3304 378.
1208 3231 1286 3302 Quid
1300 3231 1338 3290 sit
1353 3233 1448 3302 treus,
1462 3249 1603 3306 agnosce,
1623 3243 1653 3287 et
1672 3232 1745 3307 quid
1768 3234 1797 3290 io
1815 3244 1851 3297 tc,
1874 3251 1875 3275 r

248 3319 310 3374 cell.
326 3337 390 3396 cap.
409 3317 463 3394 15.)
1079 3319 1158 3395 quod
1170 3317 1301 3394 agnoscit
1317 3320 1421 3378 Deum.
1873 3323 1874 3353 l

289 3405 357 3464 356.
380 3403 437 3473 Qui
451 3404 523 3463 dicit
541 3402 576 3461 de
595 3403 657 3463 Deo
677 3423 742 3482 quae
757 3423 816 3462 non
839 3417 920 3478 sunt,
934 3420 1034 3464 contra
1122 3409 1190 3486 379.
1214 3407 1269 3464 Dei
1283 3425 1357 3483 opus
1371 3404 1480 3462 bonum
1490 3403 1579 3462 homo
1593 3402 1702 3464 bonus.

247 3509 312 3548 eum
331 3488 433 3548 salsum
450 3491 590 3569 loquitur.
1120 3495 1186 3552 380.
1209 3493 1279 3553 Sine
1287 3495 1348 3551 Deo
1356 3505 1423 3550 sunt
1434 3492 1478 3563 hi,
1488 3511 1545 3569 pro
1552 3489 1663 3569 quibus
1674 3491 1796 3550 verbum
1806 3491 1850 3549 Dei
1871 3485 1872 3505 .

288 3578 354 3636 353.
378 3578 470 3636 Deum
483 3598 542 3636 non
554 3577 710 3656 cognorit,
726 3581 777 3656 qui
791 3597 848 3636 non
862 3578 940 3637 colit.
1078 3582 1272 3642 maledicitur.
1870 3569 1871 3581 ἓ

289 3666 355 3731 354.
377 3665 441 3724 Non
464 3680 507 3724 est
527 3685 647 3740 verum,
663 3667 743 3744 quod
757 3665 847 3726 Deum
870 3667 963 3740 colat,
980 3668 1032 3745 qui
1121 3669 1188 3727 381.
1212 3669 1347 3726 Animam
1359 3685 1438 3725 mors
1450 3685 1510 3723 606
1524 3665 1689 3744 perdit,sed
1703 3668 1847 3725 malacita-
1868 3711 1869 3734 ,

245 3755 393 3812 huminem
408 3754 496 3814 laedit.
1080 3754 1136 3832 (Cf.
1151 3756 1284 3814 Clemens
1299 3756 1441 3832 Protrept.
1458 3773 1487 3832 p.
1504 3755 1565 3830 89.)
1867 3767 1868 3812 l

288 3841 356 3898 355.
380 3839 609 3899 Fundamentum
622 3853 651 3900 et
665 3841 781 3900 initium
797 3854 840 3900 est
862 3841 956 3900 cultus
977 3841 1031 3902 Dei
1119 3844 1187 3903 386.
1210 3841 1242 3902 Si
1261 3843 1337 3918 scis,
1354 3861 1371 3898 a
1393 3860 1452 3918 quo
1465 3842 1557 3898 factus
1577 3841 1635 3910 sis,
1652 3841 1792 3917 teipsum
1806 3857 1845 3896 co-
1866 3839 1867 3887 l

247 3948 343 3988 amare
357 3930 450 3989 Deum
465 3930 609 3990 homines.
1076 3932 1202 4005 gnoscis.
1865 3925 1866 3964 l

287 4017 354 4076 356.
377 4018 434 4088 Qui
449 4017 601 4078 hominum
615 4035 713 4076 curam
728 4017 804 4094 gerit
816 4029 844 4074 et
858 4029 921 4076 orat
938 4017 1030 4076 Deum
1117 4020 1186 4080 383.
1208 4019 1272 4077 Non
1298 4030 1342 4076 est
1364 4015 1522 4076 secundum
1546 4015 1638 4072 Deum
1661 4017 1778 4090 vivere,
1802 4015 1844 4072 nisi

247 4125 303 4182 pro
314 4106 373 4178 eis,
386 4107 440 4165 iste
451 4125 521 4166 vere
534 4124 551 4164 a
564 4107 623 4164 Deo
637 4124 700 4165 esse
713 4104 858 4184 putandus
870 4120 920 4164 est.
1075 4106 1181 4184 pudice
1192 4120 1220 4165 et
1232 4107 1307 4165 bene
1319 4119 1347 4164 et
1355 4104 1435 4182 juste
1448 4105 1515 4181 quis
1526 4116 1601 4178 agat.

253 4189 257 4194 ’
289 4195 354 4268 367.
373 4195 426 4254 Dei
442 4194 595 4272 proprium
617 4207 660 4254 est
683 4193 813 4270 salvare,
829 4212 903 4270 quos
924 4193 1030 4270 dignos
1116 4197 1184 4264 384.
1209 4195 1365 4253 Hominum
1393 4191 1554 4250 infidelium
1577 4193 1640 4250 rita
1665 4190 1844 4270 opprobrium

244 4283 366 4361 judicat.
1075 4295 1128 4342 est.
1143 4282 1194 4360 (cf.
1207 4280 1374 4360 Demophil.
1388 4293 1460 4338 sent.
1476 4279 1536 4354 ao.)

289 4371 359 4432 358.
382 4369 509 4429 Cultoris
530 4384 624 4430 autem
638 4369 691 4429 Dei
710 4381 753 4429 est
766 4388 853 4429 orare
864 4370 956 4430 Deum
975 4391 1030 4450 pro
1117 4369 1186 4428 385.
1209 4369 1343 4430 Animam
1358 4367 1394 4426 de
1407 4380 1484 4425 terra
1506 4365 1577 4424 fides
1591 4367 1688 4425 elevat
1702 4368 1739 4426 ad
1754 4365 1843 4424 Deum.

248 4460 340 4520 salute
352 4457 513 4518 bominum.
1077 4455 1132 4534 (Cf.
1152 4456 1299 4534 Porphyr.
1317 4454 1352 4514 ad
1365 4454 1493 4514 Marcell.
1509 4472 1571 4532 cap.
1593 4457 1652 4528 ιο.)

288 4546 355 4624 359.
377 4543 450 4604 Cum
471 4544 567 4605 oranti
581 4543 636 4604 tibi
658 4544 819 4623 prestitum
842 4545 931 4606 fuerit
950 4545 1028 4624 quod
1116 4546 1184 4606 386.
1208 4545 1321 4602 Animae
1335 4543 1472 4621 sapientis
1487 4541 1716 4617 magnitudinem
1737 4561 1791 4599 non
1806 4542 1841 4597 in·

246 4633 433 4714 poposcistis
446 4633 521 4706 Deo,
532 4647 600 4692 tunc
611 4631 665 4693 tibi
679 4645 846 4711 potestatem
858 4634 1027 4714 permissam
1075 4633 1190 4700 venies,
1203 4632 1278 4690 sicut
1294 4650 1348 4689 nec
1362 4629 1415 4688 Dei
1429 4628 1558 4705 quidem.

245 4744 263 4784 a
275 4725 336 4782 Deo
348 4723 489 4799 intellige.
1117 4720 1184 4793 387.
1206 4718 1392 4796 Quaecunque
1405 4716 1454 4774 dat
1474 4715 1617 4788 mundus,
1630 4735 1718 4774 nemo
1736 4713 1838 4772 fimiter

289 4815 354 4871 360.
378 4812 490 4888 Dignus
501 4810 556 4869 deo
568 4811 656 4870 homo
670 4809 741 4869 deus
756 4821 800 4869 est
811 4823 840 4868 et
859 4811 890 4869 in
903 4809 1030 4870 homini·
1075 4819 1162 4868 tenet.
1180 4805 1233 4886 (Cf.
1249 4805 1392 4884 Porphyr.
1407 4805 1443 4862 ad
1455 4803 1542 4862 Marc.
1557 4822 1619 4880 cap.
1636 4806 1693 4881 aa.)

246 4895 311 4958 bus.
324 4899 378 4979 (Cl.
393 4897 536 4976 Porphyr.
553 4899 590 4956 ad
605 4898 733 4960 Marcell.
746 4917 812 4976 cap.
831 4897 891 4977 15.)
1117 4896 1185 4953 388.
1206 4894 1393 4971 Quaecunque
1405 4892 1454 4951 dat
1465 4892 1561 4967 Deus,
1573 4909 1663 4950 nemo
1683 4891 1837 4966 aurempo

289 4987 355 5045 361.
377 4985 481 5045 Melius
497 4987 625 5046 estnihil
640 4986 761 5062 habere,
773 5004 861 5063 quam
876 4984 965 5044 multa
979 4984 1031 5044 ha·
1076 4995 1139 5043 rest.

122 5119 126 5129 .
247 5071 361 5132 beatem
373 5074 482 5132 nemini
495 5075 650 5153 impertiri.
1117 5073 1185 5149 389.
1209 5070 1317 5130 Divina
1330 5069 1472 5147 sapientia
1486 5085 1556 5125 vera
1567 5078 1611 5124 est
1625 5064 1754 5125 scientia.
