<?xml version="1.0" encoding="UTF-8"?>
<!DOCTYPE html PUBLIC "-//W3C//DTD XHTML 1.0 Transitional//EN"
    "http://www.w3.org/TR/xhtml1/DTD/xhtml1-transitional.dtd">
<html xmlns="http://www.w3.org/1999/xhtml" xml:lang="en" lang="en">
 <head>
  <title>
</title>
<meta http-equiv="Content-Type" content="text/html;charset=utf-8" />
  <meta name='ocr-system' content='tesseract 3.04.00' />
  <meta name='ocr-capabilities' content='ocr_page ocr_carea ocr_par ocr_line ocrx_word'/>
</head>
<body>
  <div class='ocr_page' id='page_1' title='image "./fragmentaphilos03mullgoog/fragmentaphilos03mullgoog_0029.png"; bbox 0 0 3840 5924; ppageno 0'>
   <div class='ocr_carea' id='block_1_1' title="bbox 260 421 1188 513">
    <p class='ocr_par' dir='ltr' id='par_1_1' title="bbox 260 421 1188 513">
     <span class='ocr_line' id='line_1_1' title="bbox 260 421 1188 513; baseline -0.014 -20"><span class='ocrx_word' id='word_1_1' title='bbox 260 439 331 513; x_wconf 70' lang='grc' dir='ltr'><strong>νιν]</strong></span> <span class='ocrx_word' id='word_1_2' title='bbox 877 421 929 482; x_wconf 83' lang='lat' dir='ltr'>aa</span> <span class='ocrx_word' id='word_1_3' title='bbox 949 421 1188 482; x_wconf 77' lang='lat' dir='ltr'>anennoeto.</span> 
     </span>
    </p>
   </div>
   <div class='ocr_carea' id='block_1_2' title="bbox 245 542 1849 3276">
    <p class='ocr_par' dir='ltr' id='par_1_2' title="bbox 245 542 1849 3276">
     <span class='ocr_line' id='line_1_2' title="bbox 254 542 1845 627; baseline -0.001 -17"><span class='ocrx_word' id='word_1_4' title='bbox 254 552 374 627; x_wconf 88' lang='lat' dir='ltr'>quidem</span> <span class='ocrx_word' id='word_1_5' title='bbox 399 554 562 624; x_wconf 79' lang='lat' dir='ltr'>versantur,</span> <span class='ocrx_word' id='word_1_6' title='bbox 578 548 628 608; x_wconf 90' lang='lat' dir='ltr'>sed</span> <span class='ocrx_word' id='word_1_7' title='bbox 652 549 776 624; x_wconf 88' lang='lat' dir='ltr'>peccatis</span> <span class='ocrx_word' id='word_1_8' title='bbox 795 561 854 604; x_wconf 92' lang='lat' dir='ltr'>non</span> <span class='ocrx_word' id='word_1_9' title='bbox 868 544 1026 604; x_wconf 88' lang='lat' dir='ltr'>abstinent.</span> <span class='ocrx_word' id='word_1_10' title='bbox 1074 542 1199 616; x_wconf 91' lang='lat' dir='ltr'>primum</span> <span class='ocrx_word' id='word_1_11' title='bbox 1222 559 1239 601; x_wconf 91' lang='lat' dir='ltr'>e</span> <span class='ocrx_word' id='word_1_12' title='bbox 1260 543 1332 604; x_wconf 84' lang='lat' dir='ltr'>crelc</span> <span class='ocrx_word' id='word_1_13' title='bbox 1358 546 1471 621; x_wconf 83' lang='lat' dir='ltr'>expulsi</span> <span class='ocrx_word' id='word_1_14' title='bbox 1495 548 1527 605; x_wconf 90' lang='lat' dir='ltr'>in</span> <span class='ocrx_word' id='word_1_15' title='bbox 1551 552 1661 607; x_wconf 86' lang='lat' dir='ltr'>terram</span> <span class='ocrx_word' id='word_1_16' title='bbox 1684 548 1845 610; x_wconf 80' lang='lat' dir='ltr'>deveniam</span> 
     </span>
     <span class='ocr_line' id='line_1_3' title="bbox 253 638 1845 724; baseline 0.001 -19"><span class='ocrx_word' id='word_1_17' title='bbox 253 648 381 706; x_wconf 87' lang='lat' dir='ltr'>Omnino</span> <span class='ocrx_word' id='word_1_18' title='bbox 390 643 448 702; x_wconf 88' lang='lat' dir='ltr'>duc</span> <span class='ocrx_word' id='word_1_19' title='bbox 459 643 624 703; x_wconf 79' lang='lat' dir='ltr'>demonum</span> <span class='ocrx_word' id='word_1_20' title='bbox 636 644 859 719; x_wconf 80' lang='lat' dir='ltr'>genereprimus</span> <span class='ocrx_word' id='word_1_21' title='bbox 868 638 1029 698; x_wconf 67' lang='grc'><strong>1111111111-</strong></span> <span class='ocrx_word' id='word_1_22' title='bbox 1073 642 1184 711; x_wconf 87' lang='lat' dir='ltr'>animi,</span> <span class='ocrx_word' id='word_1_23' title='bbox 1204 655 1323 717; x_wconf 87' lang='lat' dir='ltr'>corpore</span> <span class='ocrx_word' id='word_1_24' title='bbox 1338 645 1504 704; x_wconf 87' lang='lat' dir='ltr'>vestiuntur</span> <span class='ocrx_word' id='word_1_25' title='bbox 1529 641 1569 724; x_wconf 91' lang='grc'>(5)</span> <span class='ocrx_word' id='word_1_26' title='bbox 1593 651 1624 704; x_wconf 90' lang='lat' dir='ltr'>ot</span> <span class='ocrx_word' id='word_1_27' title='bbox 1642 661 1694 722; x_wconf 89' lang='lat' dir='ltr'>per</span> <span class='ocrx_word' id='word_1_28' title='bbox 1712 645 1845 724; x_wconf 78' lang='lat' dir='ltr'>longissi-</span> 
     </span>
     <span class='ocr_line' id='line_1_4' title="bbox 252 729 1846 816; baseline 0.001 -18"><span class='ocrx_word' id='word_1_29' title='bbox 252 740 385 816; x_wconf 88' lang='lat' dir='ltr'>pedocles</span> <span class='ocrx_word' id='word_1_30' title='bbox 395 737 434 816; x_wconf 92' lang='grc'>(1)</span> <span class='ocrx_word' id='word_1_31' title='bbox 445 780 455 815; x_wconf 93' lang='grc'><strong>,</strong></span> <span class='ocrx_word' id='word_1_32' title='bbox 465 729 592 812; x_wconf 56' lang='lat' dir='ltr'>&#39;quorum</span> <span class='ocrx_word' id='word_1_33' title='bbox 606 740 688 798; x_wconf 90' lang='lat' dir='ltr'>alteri</span> <span class='ocrx_word' id='word_1_34' title='bbox 699 738 768 796; x_wconf 91' lang='lat' dir='ltr'>honi</span> <span class='ocrx_word' id='word_1_35' title='bbox 777 737 939 796; x_wconf 86' lang='lat' dir='ltr'>suntalteri</span> <span class='ocrx_word' id='word_1_36' title='bbox 949 735 1027 794; x_wconf 91' lang='lat' dir='ltr'>mali.</span> <span class='ocrx_word' id='word_1_37' title='bbox 1073 751 1156 796; x_wconf 92' lang='lat' dir='ltr'>mum</span> <span class='ocrx_word' id='word_1_38' title='bbox 1168 739 1307 813; x_wconf 88' lang='lat' dir='ltr'>temporis</span> <span class='ocrx_word' id='word_1_39' title='bbox 1320 741 1448 814; x_wconf 90' lang='lat' dir='ltr'>spatium</span> <span class='ocrx_word' id='word_1_40' title='bbox 1463 741 1495 798; x_wconf 93' lang='lat' dir='ltr'>ln</span> <span class='ocrx_word' id='word_1_41' title='bbox 1517 741 1612 800; x_wconf 81' lang='lat' dir='ltr'>radas</span> <span class='ocrx_word' id='word_1_42' title='bbox 1622 756 1775 816; x_wconf 88' lang='lat' dir='ltr'>corpomm</span> <span class='ocrx_word' id='word_1_43' title='bbox 1788 741 1846 800; x_wconf 88' lang='lat' dir='ltr'>ior·</span> 
     </span>
     <span class='ocr_line' id='line_1_5' title="bbox 252 831 1848 910; baseline 0.001 -16"><span class='ocrx_word' id='word_1_44' title='bbox 252 837 305 894; x_wconf 84' lang='lat' dir='ltr'>llis</span> <span class='ocrx_word' id='word_1_45' title='bbox 320 833 535 892; x_wconf 89' lang='lat' dir='ltr'>omnibusolim</span> <span class='ocrx_word' id='word_1_46' title='bbox 549 833 757 892; x_wconf 69' lang='lat' dir='ltr'><strong>commercium</strong></span> <span class='ocrx_word' id='word_1_47' title='bbox 768 847 835 892; x_wconf 88' lang='lat' dir='ltr'>cum</span> <span class='ocrx_word' id='word_1_48' title='bbox 846 831 900 890; x_wconf 86' lang='lat' dir='ltr'>dlis</span> <span class='ocrx_word' id='word_1_49' title='bbox 911 833 1029 889; x_wconf 88' lang='lat' dir='ltr'>immor·</span> <span class='ocrx_word' id='word_1_50' title='bbox 1073 846 1136 890; x_wconf 87' lang='lat' dir='ltr'>mas</span> <span class='ocrx_word' id='word_1_51' title='bbox 1155 839 1297 908; x_wconf 89' lang='lat' dir='ltr'>eoguntur</span> <span class='ocrx_word' id='word_1_52' title='bbox 1309 836 1442 892; x_wconf 90' lang='lat' dir='ltr'>transire.</span> <span class='ocrx_word' id='word_1_53' title='bbox 1463 833 1540 893; x_wconf 83' lang='lat' dir='ltr'>Sunt</span> <span class='ocrx_word' id='word_1_54' title='bbox 1563 837 1654 910; x_wconf 81' lang='lat' dir='ltr'>igitur</span> <span class='ocrx_word' id='word_1_55' title='bbox 1667 851 1727 894; x_wconf 93' lang='lat' dir='ltr'>non</span> <span class='ocrx_word' id='word_1_56' title='bbox 1752 837 1848 896; x_wconf 90' lang='lat' dir='ltr'>solum</span> 
     </span>
     <span class='ocr_line' id='line_1_6' title="bbox 252 924 1846 1009; baseline 0 -21"><span class='ocrx_word' id='word_1_57' title='bbox 252 927 357 988; x_wconf 87' lang='lat' dir='ltr'>talibus</span> <span class='ocrx_word' id='word_1_58' title='bbox 371 934 401 986; x_wconf 90' lang='lat' dir='ltr'>et</span> <span class='ocrx_word' id='word_1_59' title='bbox 421 927 554 1002; x_wconf 87' lang='lat' dir='ltr'>ejusdem</span> <span class='ocrx_word' id='word_1_60' title='bbox 568 928 760 987; x_wconf 75' lang='lat' dir='ltr'>beatitudinis</span> <span class='ocrx_word' id='word_1_61' title='bbox 774 931 941 988; x_wconf 91' lang='lat' dir='ltr'>communio</span> <span class='ocrx_word' id='word_1_62' title='bbox 956 927 1024 986; x_wconf 85' lang='lat' dir='ltr'>fuit.</span> <span class='ocrx_word' id='word_1_63' title='bbox 1072 924 1218 1001; x_wconf 88' lang='lat' dir='ltr'>homines,</span> <span class='ocrx_word' id='word_1_64' title='bbox 1229 942 1330 986; x_wconf 85' lang='lat' dir='ltr'>verum</span> <span class='ocrx_word' id='word_1_65' title='bbox 1340 930 1429 987; x_wconf 89' lang='lat' dir='ltr'>etiam</span> <span class='ocrx_word' id='word_1_66' title='bbox 1436 927 1544 1002; x_wconf 65' lang='lat' dir='ltr'>hetia,</span> <span class='ocrx_word' id='word_1_67' title='bbox 1553 927 1680 999; x_wconf 88' lang='lat' dir='ltr'>arbores,</span> <span class='ocrx_word' id='word_1_68' title='bbox 1688 930 1798 1004; x_wconf 69' lang='lat' dir='ltr'>plania</span> <span class='ocrx_word' id='word_1_69' title='bbox 1808 929 1846 1009; x_wconf 89' lang='grc'>(5)</span> 
     </span>
     <span class='ocr_line' id='line_1_7' title="bbox 253 1022 1848 1100; baseline 0.003 -18"><span class='ocrx_word' id='word_1_70' title='bbox 253 1023 311 1082; x_wconf 87' lang='lat' dir='ltr'>Sed</span> <span class='ocrx_word' id='word_1_71' title='bbox 333 1022 384 1082; x_wconf 89' lang='lat' dir='ltr'>nbi</span> <span class='ocrx_word' id='word_1_72' title='bbox 419 1024 521 1098; x_wconf 77' lang='lat' dir='ltr'>genium</span> <span class='ocrx_word' id='word_1_73' title='bbox 546 1022 652 1096; x_wconf 86' lang='lat' dir='ltr'>aliquis</span> <span class='ocrx_word' id='word_1_74' title='bbox 680 1024 863 1097; x_wconf 82' lang='lat' dir='ltr'>sempiterna.</span> <span class='ocrx_word' id='word_1_75' title='bbox 880 1022 1028 1080; x_wconf 78' lang='lat' dir='ltr'>felicitatis</span> <span class='ocrx_word' id='word_1_76' title='bbox 1072 1022 1546 1100; x_wconf 81' lang='lat' dir='ltr'>demonmusmgnetictiatorum</span> <span class='ocrx_word' id='word_1_77' title='bbox 1555 1027 1848 1099; x_wconf 84' lang='lat' dir='ltr'>comortcs.Quando</span> 
     </span>
     <span class='ocr_line' id='line_1_8' title="bbox 252 1117 1849 1196; baseline 0.001 -19"><span class='ocrx_word' id='word_1_78' title='bbox 252 1122 407 1193; x_wconf 71' lang='lat' dir='ltr'><strong>impatiens</strong></span> <span class='ocrx_word' id='word_1_79' title='bbox 421 1119 498 1178; x_wconf 80' lang='lat' dir='ltr'>eada</span> <span class='ocrx_word' id='word_1_80' title='bbox 512 1119 559 1177; x_wconf 84' lang='lat' dir='ltr'>vel</span> <span class='ocrx_word' id='word_1_81' title='bbox 574 1120 700 1193; x_wconf 87' lang='lat' dir='ltr'>peccatis</span> <span class='ocrx_word' id='word_1_82' title='bbox 720 1133 752 1176; x_wconf 88' lang='lat' dir='ltr'>so</span> <span class='ocrx_word' id='word_1_83' title='bbox 774 1118 895 1194; x_wconf 88' lang='lat' dir='ltr'>polluit,</span> <span class='ocrx_word' id='word_1_84' title='bbox 915 1118 946 1176; x_wconf 93' lang='lat' dir='ltr'>id</span> <span class='ocrx_word' id='word_1_85' title='bbox 966 1122 1025 1192; x_wconf 92' lang='lat' dir='ltr'>est,</span> <span class='ocrx_word' id='word_1_86' title='bbox 1072 1133 1141 1176; x_wconf 84' lang='lat' dir='ltr'>vero</span> <span class='ocrx_word' id='word_1_87' title='bbox 1165 1123 1243 1176; x_wconf 87' lang='lat' dir='ltr'>terra</span> <span class='ocrx_word' id='word_1_88' title='bbox 1267 1125 1437 1194; x_wconf 87' lang='lat' dir='ltr'>terrenaque</span> <span class='ocrx_word' id='word_1_89' title='bbox 1464 1122 1562 1196; x_wconf 79' lang='lat' dir='ltr'>regio,</span> <span class='ocrx_word' id='word_1_90' title='bbox 1578 1135 1668 1194; x_wconf 88' lang='lat' dir='ltr'>qaam</span> <span class='ocrx_word' id='word_1_91' title='bbox 1689 1117 1849 1179; x_wconf 87' lang='lat' dir='ltr'>Pseudori-</span> 
     </span>
     <span class='ocr_line' id='line_1_9' title="bbox 252 1209 1847 1290; baseline 0 -18"><span class='ocrx_word' id='word_1_92' title='bbox 252 1221 407 1289; x_wconf 86' lang='lat' dir='ltr'>postquam</span> <span class='ocrx_word' id='word_1_93' title='bbox 422 1230 456 1272; x_wconf 89' lang='lat' dir='ltr'>ea</span> <span class='ocrx_word' id='word_1_94' title='bbox 467 1217 633 1290; x_wconf 88' lang='lat' dir='ltr'>concupivit</span> <span class='ocrx_word' id='word_1_95' title='bbox 645 1229 711 1289; x_wconf 81' lang='lat' dir='ltr'>que</span> <span class='ocrx_word' id='word_1_96' title='bbox 723 1213 874 1274; x_wconf 90' lang='lat' dir='ltr'>hominum</span> <span class='ocrx_word' id='word_1_97' title='bbox 888 1214 1026 1289; x_wconf 76' lang='lat' dir='ltr'><strong>pravitati</strong></span> <span class='ocrx_word' id='word_1_98' title='bbox 1072 1228 1144 1289; x_wconf 84' lang='lat' dir='ltr'>gene</span> <span class='ocrx_word' id='word_1_99' title='bbox 1160 1209 1201 1289; x_wconf 83' lang='lat' dir='ltr'>(i)</span> <span class='ocrx_word' id='word_1_100' title='bbox 1218 1218 1293 1272; x_wconf 88' lang='lat' dir='ltr'>testa</span> <span class='ocrx_word' id='word_1_101' title='bbox 1305 1210 1494 1288; x_wconf 80' lang='lat' dir='ltr'>Empedocles</span> <span class='ocrx_word' id='word_1_102' title='bbox 1516 1213 1661 1288; x_wconf 87' lang='lat' dir='ltr'>usquead</span> <span class='ocrx_word' id='word_1_103' title='bbox 1680 1213 1781 1274; x_wconf 88' lang='lat' dir='ltr'>lunam</span> <span class='ocrx_word' id='word_1_104' title='bbox 1797 1229 1847 1272; x_wconf 84' lang='lat' dir='ltr'>ex·</span> 
     </span>
     <span class='ocr_line' id='line_1_10' title="bbox 251 1305 1846 1384; baseline 0 -18"><span class='ocrx_word' id='word_1_105' title='bbox 251 1325 312 1367; x_wconf 94' lang='lat' dir='ltr'>non</span> <span class='ocrx_word' id='word_1_106' title='bbox 326 1310 445 1368; x_wconf 88' lang='lat' dir='ltr'>deorum</span> <span class='ocrx_word' id='word_1_107' title='bbox 459 1310 607 1366; x_wconf 82' lang='lat' dir='ltr'>sanctimti</span> <span class='ocrx_word' id='word_1_108' title='bbox 620 1310 795 1367; x_wconf 85' lang='lat' dir='ltr'>conveniunt</span> <span class='ocrx_word' id='word_1_109' title='bbox 806 1308 941 1366; x_wconf 87' lang='lat' dir='ltr'>carnibus</span> <span class='ocrx_word' id='word_1_110' title='bbox 951 1309 1027 1366; x_wconf 87' lang='lat' dir='ltr'>vesci</span> <span class='ocrx_word' id='word_1_111' title='bbox 1072 1305 1179 1375; x_wconf 89' lang='lat' dir='ltr'>tendit,</span> <span class='ocrx_word' id='word_1_112' title='bbox 1203 1307 1281 1366; x_wconf 87' lang='lat' dir='ltr'>loeas</span> <span class='ocrx_word' id='word_1_113' title='bbox 1300 1313 1408 1366; x_wconf 76' lang='lat' dir='ltr'>natura</span> <span class='ocrx_word' id='word_1_114' title='bbox 1427 1313 1533 1366; x_wconf 76' lang='lat' dir='ltr'>nostrae</span> <span class='ocrx_word' id='word_1_115' title='bbox 1546 1308 1667 1366; x_wconf 92' lang='lat' dir='ltr'>minime</span> <span class='ocrx_word' id='word_1_116' title='bbox 1680 1323 1846 1384; x_wconf 72' lang='lat' dir='ltr'>congruens</span> 
     </span>
     <span class='ocr_line' id='line_1_11' title="bbox 251 1401 1848 1480; baseline -0.001 -19"><span class='ocrx_word' id='word_1_117' title='bbox 251 1411 282 1462; x_wconf 93' lang='lat' dir='ltr'>et</span> <span class='ocrx_word' id='word_1_118' title='bbox 295 1410 484 1480; x_wconf 86' lang='lat' dir='ltr'>cognatorum</span> <span class='ocrx_word' id='word_1_119' title='bbox 505 1404 582 1463; x_wconf 81' lang='lat' dir='ltr'>cade</span> <span class='ocrx_word' id='word_1_120' title='bbox 595 1406 685 1462; x_wconf 87' lang='lat' dir='ltr'>animi</span> <span class='ocrx_word' id='word_1_121' title='bbox 700 1404 794 1462; x_wconf 89' lang='lat' dir='ltr'>lahem</span> <span class='ocrx_word' id='word_1_122' title='bbox 808 1404 993 1480; x_wconf 75' lang='lat' dir='ltr'>contrahere,</span> <span class='ocrx_word' id='word_1_123' title='bbox 1009 1419 1025 1462; x_wconf 91' lang='lat' dir='ltr'>e</span> <span class='ocrx_word' id='word_1_124' title='bbox 1071 1405 1132 1474; x_wconf 90' lang='lat' dir='ltr'>est,</span> <span class='ocrx_word' id='word_1_125' title='bbox 1151 1406 1269 1459; x_wconf 88' lang='lat' dir='ltr'>antrum</span> <span class='ocrx_word' id='word_1_126' title='bbox 1280 1401 1450 1476; x_wconf 85' lang='lat' dir='ltr'>obscuram,</span> <span class='ocrx_word' id='word_1_127' title='bbox 1466 1401 1610 1461; x_wconf 86' lang='lat' dir='ltr'>malorum</span> <span class='ocrx_word' id='word_1_128' title='bbox 1621 1406 1652 1458; x_wconf 90' lang='lat' dir='ltr'>et</span> <span class='ocrx_word' id='word_1_129' title='bbox 1667 1403 1848 1462; x_wconf 85' lang='lat' dir='ltr'>miseriarum</span> 
     </span>
     <span class='ocr_line' id='line_1_12' title="bbox 251 1491 1849 1575; baseline -0.002 -18"><span class='ocrx_word' id='word_1_130' title='bbox 251 1499 401 1560; x_wconf 91' lang='lat' dir='ltr'>beatorum</span> <span class='ocrx_word' id='word_1_131' title='bbox 422 1501 489 1559; x_wconf 89' lang='lat' dir='ltr'>sede</span> <span class='ocrx_word' id='word_1_132' title='bbox 502 1503 611 1574; x_wconf 87' lang='lat' dir='ltr'>ejectos</span> <span class='ocrx_word' id='word_1_133' title='bbox 627 1499 665 1558; x_wconf 91' lang='lat' dir='ltr'>ad</span> <span class='ocrx_word' id='word_1_134' title='bbox 684 1499 823 1558; x_wconf 87' lang='lat' dir='ltr'>luendam</span> <span class='ocrx_word' id='word_1_135' title='bbox 838 1515 954 1575; x_wconf 82' lang='lat' dir='ltr'>poenam</span> <span class='ocrx_word' id='word_1_136' title='bbox 975 1515 1026 1574; x_wconf 91' lang='lat' dir='ltr'>per</span> <span class='ocrx_word' id='word_1_137' title='bbox 1071 1500 1185 1568; x_wconf 88' lang='lat' dir='ltr'>pratum</span> <span class='ocrx_word' id='word_1_138' title='bbox 1201 1491 1262 1572; x_wconf 83' lang='grc'><strong>(5),</strong></span> <span class='ocrx_word' id='word_1_139' title='bbox 1283 1493 1321 1554; x_wconf 89' lang='lat' dir='ltr'>de</span> <span class='ocrx_word' id='word_1_140' title='bbox 1340 1497 1415 1552; x_wconf 89' lang='lat' dir='ltr'>vatis</span> <span class='ocrx_word' id='word_1_141' title='bbox 1434 1493 1617 1570; x_wconf 80' lang='lat' dir='ltr'>Agrigendnl</span> <span class='ocrx_word' id='word_1_142' title='bbox 1639 1498 1783 1556; x_wconf 73' lang='lat' dir='ltr'>mutantia</span> <span class='ocrx_word' id='word_1_143' title='bbox 1796 1499 1849 1554; x_wconf 82' lang='lat' dir='ltr'>tn·-</span> 
     </span>
     <span class='ocr_line' id='line_1_13' title="bbox 250 1589 1849 1669; baseline 0 -19"><span class='ocrx_word' id='word_1_144' title='bbox 250 1597 344 1652; x_wconf 90' lang='lat' dir='ltr'>totum</span> <span class='ocrx_word' id='word_1_145' title='bbox 357 1593 500 1654; x_wconf 88' lang='lat' dir='ltr'>mundum</span> <span class='ocrx_word' id='word_1_146' title='bbox 512 1599 646 1669; x_wconf 84' lang='lat' dir='ltr'>uagatur,</span> <span class='ocrx_word' id='word_1_147' title='bbox 656 1609 748 1667; x_wconf 83' lang='lat' dir='ltr'>quum</span> <span class='ocrx_word' id='word_1_148' title='bbox 758 1593 1027 1652; x_wconf 88' lang='lat' dir='ltr'>omnihusclemen-</span> <span class='ocrx_word' id='word_1_149' title='bbox 1069 1592 1197 1650; x_wconf 78' lang='lat' dir='ltr'>ctissime</span> <span class='ocrx_word' id='word_1_150' title='bbox 1211 1590 1360 1648; x_wconf 92' lang='lat' dir='ltr'>hominum</span> <span class='ocrx_word' id='word_1_151' title='bbox 1378 1605 1441 1648; x_wconf 89' lang='lat' dir='ltr'>sors</span> <span class='ocrx_word' id='word_1_152' title='bbox 1460 1597 1504 1648; x_wconf 90' lang='lat' dir='ltr'>est</span> <span class='ocrx_word' id='word_1_153' title='bbox 1517 1593 1570 1666; x_wconf 89' lang='lat' dir='ltr'>qul</span> <span class='ocrx_word' id='word_1_154' title='bbox 1582 1607 1620 1650; x_wconf 79' lang='lat' dir='ltr'>en</span> <span class='ocrx_word' id='word_1_155' title='bbox 1636 1589 1849 1650; x_wconf 74' lang='lat' dir='ltr'>immortalibus</span> 
     </span>
     <span class='ocr_line' id='line_1_14' title="bbox 252 1685 1849 1765; baseline 0.002 -20"><span class='ocrx_word' id='word_1_156' title='bbox 252 1689 291 1745; x_wconf 91' lang='lat' dir='ltr'>tis</span> <span class='ocrx_word' id='word_1_157' title='bbox 307 1689 418 1746; x_wconf 86' lang='lat' dir='ltr'>invisus</span> <span class='ocrx_word' id='word_1_158' title='bbox 437 1692 467 1744; x_wconf 88' lang='lat' dir='ltr'>et</span> <span class='ocrx_word' id='word_1_159' title='bbox 479 1687 664 1744; x_wconf 88' lang='lat' dir='ltr'>ahomlnatus</span> <span class='ocrx_word' id='word_1_160' title='bbox 685 1701 704 1744; x_wconf 89' lang='lat' dir='ltr'>a</span> <span class='ocrx_word' id='word_1_161' title='bbox 723 1686 795 1745; x_wconf 89' lang='lat' dir='ltr'>coelo</span> <span class='ocrx_word' id='word_1_162' title='bbox 817 1690 987 1765; x_wconf 90' lang='lat' dir='ltr'>interram,</span> <span class='ocrx_word' id='word_1_163' title='bbox 1008 1703 1026 1746; x_wconf 91' lang='lat' dir='ltr'>a</span> <span class='ocrx_word' id='word_1_164' title='bbox 1070 1693 1100 1745; x_wconf 86' lang='lat' dir='ltr'>et</span> <span class='ocrx_word' id='word_1_165' title='bbox 1114 1687 1208 1744; x_wconf 87' lang='lat' dir='ltr'>beatis</span> <span class='ocrx_word' id='word_1_166' title='bbox 1221 1685 1358 1745; x_wconf 74' lang='lat' dir='ltr'>mortales</span> <span class='ocrx_word' id='word_1_167' title='bbox 1368 1685 1436 1745; x_wconf 86' lang='lat' dir='ltr'>facti</span> <span class='ocrx_word' id='word_1_168' title='bbox 1450 1687 1664 1746; x_wconf 86' lang='lat' dir='ltr'>calamitatibus</span> <span class='ocrx_word' id='word_1_169' title='bbox 1672 1691 1849 1748; x_wconf 80' lang='lat' dir='ltr'>claramnis</span> 
     </span>
     <span class='ocr_line' id='line_1_15' title="bbox 250 1779 1848 1858; baseline 0.002 -19"><span class='ocrx_word' id='word_1_170' title='bbox 250 1783 370 1840; x_wconf 88' lang='lat' dir='ltr'>terrain</span> <span class='ocrx_word' id='word_1_171' title='bbox 392 1796 487 1855; x_wconf 88' lang='lat' dir='ltr'>mare,</span> <span class='ocrx_word' id='word_1_172' title='bbox 510 1795 528 1837; x_wconf 92' lang='lat' dir='ltr'>a</span> <span class='ocrx_word' id='word_1_173' title='bbox 546 1781 619 1838; x_wconf 91' lang='lat' dir='ltr'>mari</span> <span class='ocrx_word' id='word_1_174' title='bbox 634 1780 665 1837; x_wconf 93' lang='lat' dir='ltr'>ln</span> <span class='ocrx_word' id='word_1_175' title='bbox 680 1795 776 1839; x_wconf 90' lang='lat' dir='ltr'>aerem</span> <span class='ocrx_word' id='word_1_176' title='bbox 790 1786 950 1856; x_wconf 80' lang='lat' dir='ltr'>exspuatur</span> <span class='ocrx_word' id='word_1_177' title='bbox 966 1779 1023 1858; x_wconf 84' lang='lat'>(2),</span> <span class='ocrx_word' id='word_1_178' title='bbox 1069 1780 1282 1839; x_wconf 83' lang='lat' dir='ltr'>conflictantur.</span> <span class='ocrx_word' id='word_1_179' title='bbox 1299 1780 1333 1839; x_wconf 92' lang='lat' dir='ltr'>ln</span> <span class='ocrx_word' id='word_1_180' title='bbox 1349 1797 1384 1839; x_wconf 92' lang='lat' dir='ltr'>eo</span> <span class='ocrx_word' id='word_1_181' title='bbox 1397 1785 1494 1840; x_wconf 88' lang='lat' dir='ltr'>autem</span> <span class='ocrx_word' id='word_1_182' title='bbox 1508 1797 1598 1855; x_wconf 89' lang='lat' dir='ltr'>quem</span> <span class='ocrx_word' id='word_1_183' title='bbox 1607 1781 1764 1841; x_wconf 82' lang='lat' dir='ltr'>conficiunt</span> <span class='ocrx_word' id='word_1_184' title='bbox 1777 1799 1848 1842; x_wconf 91' lang='lat' dir='ltr'>mn-</span> 
     </span>
     <span class='ocr_line' id='line_1_16' title="bbox 249 1874 1847 1952; baseline 0.002 -18"><span class='ocrx_word' id='word_1_185' title='bbox 249 1875 343 1934; x_wconf 88' lang='lat' dir='ltr'>donec</span> <span class='ocrx_word' id='word_1_186' title='bbox 353 1877 458 1951; x_wconf 89' lang='lat' dir='ltr'>saepius</span> <span class='ocrx_word' id='word_1_187' title='bbox 471 1881 584 1934; x_wconf 89' lang='lat' dir='ltr'>motata</span> <span class='ocrx_word' id='word_1_188' title='bbox 599 1874 692 1950; x_wconf 79' lang='lat' dir='ltr'>ligura</span> <span class='ocrx_word' id='word_1_189' title='bbox 708 1876 815 1936; x_wconf 88' lang='lat' dir='ltr'>scelere</span> <span class='ocrx_word' id='word_1_190' title='bbox 830 1881 973 1952; x_wconf 78' lang='lat' dir='ltr'>purgatus</span> <span class='ocrx_word' id='word_1_191' title='bbox 984 1879 1023 1938; x_wconf 92' lang='lat' dir='ltr'>ad</span> <span class='ocrx_word' id='word_1_192' title='bbox 1069 1877 1213 1934; x_wconf 87' lang='lat' dir='ltr'>tatianum</span> <span class='ocrx_word' id='word_1_193' title='bbox 1225 1875 1296 1933; x_wconf 92' lang='lat' dir='ltr'>orbe</span> <span class='ocrx_word' id='word_1_194' title='bbox 1311 1875 1370 1934; x_wconf 89' lang='lat' dir='ltr'>alia</span> <span class='ocrx_word' id='word_1_195' title='bbox 1383 1878 1488 1951; x_wconf 87' lang='lat' dir='ltr'>potior,</span> <span class='ocrx_word' id='word_1_196' title='bbox 1506 1877 1565 1935; x_wconf 89' lang='lat' dir='ltr'>alia</span> <span class='ocrx_word' id='word_1_197' title='bbox 1579 1877 1705 1936; x_wconf 89' lang='lat' dir='ltr'>deterior</span> <span class='ocrx_word' id='word_1_198' title='bbox 1719 1885 1764 1936; x_wconf 88' lang='lat' dir='ltr'>est</span> <span class='ocrx_word' id='word_1_199' title='bbox 1777 1895 1847 1936; x_wconf 88' lang='lat' dir='ltr'>aon·</span> 
     </span>
     <span class='ocr_line' id='line_1_17' title="bbox 248 1969 1848 2050; baseline 0.001 -20"><span class='ocrx_word' id='word_1_200' title='bbox 248 1974 404 2050; x_wconf 88' lang='lat' dir='ltr'>pristinam</span> <span class='ocrx_word' id='word_1_201' title='bbox 425 1970 634 2030; x_wconf 89' lang='lat' dir='ltr'>beatitudinem</span> <span class='ocrx_word' id='word_1_202' title='bbox 659 1969 768 2032; x_wconf 86' lang='lat' dir='ltr'>redeat.</span> <span class='ocrx_word' id='word_1_203' title='bbox 791 1971 899 2032; x_wconf 87' lang='lat' dir='ltr'>Verum</span> <span class='ocrx_word' id='word_1_204' title='bbox 918 1975 949 2030; x_wconf 95' lang='lat' dir='ltr'>in</span> <span class='ocrx_word' id='word_1_205' title='bbox 969 1972 1024 2033; x_wconf 88' lang='lat' dir='ltr'>hac</span> <span class='ocrx_word' id='word_1_206' title='bbox 1069 1971 1163 2027; x_wconf 85' lang='lat' dir='ltr'>versic</span> <span class='ocrx_word' id='word_1_207' title='bbox 1188 1987 1195 2026; x_wconf 78' lang='grc' dir='ltr'><strong>ι</strong></span> <span class='ocrx_word' id='word_1_208' title='bbox 1218 1984 1286 2027; x_wconf 90' lang='lat' dir='ltr'>nam</span> <span class='ocrx_word' id='word_1_209' title='bbox 1310 1971 1340 2026; x_wconf 92' lang='lat' dir='ltr'>ln</span> <span class='ocrx_word' id='word_1_210' title='bbox 1364 1969 1439 2029; x_wconf 87' lang='lat' dir='ltr'>ieras</span> <span class='ocrx_word' id='word_1_211' title='bbox 1457 1970 1635 2030; x_wconf 87' lang='lat' dir='ltr'>abeuntibus</span> <span class='ocrx_word' id='word_1_212' title='bbox 1652 1974 1799 2046; x_wconf 90' lang='lat' dir='ltr'>optimum</span> <span class='ocrx_word' id='word_1_213' title='bbox 1820 1975 1848 2031; x_wconf 93' lang='lat' dir='ltr'>in</span> 
     </span>
     <span class='ocr_line' id='line_1_18' title="bbox 248 2062 1848 2142; baseline -0.001 -16"><span class='ocrx_word' id='word_1_214' title='bbox 248 2069 444 2127; x_wconf 88' lang='lat' dir='ltr'>mutationum</span> <span class='ocrx_word' id='word_1_215' title='bbox 454 2067 594 2124; x_wconf 76' lang='lat' dir='ltr'>varlemte</span> <span class='ocrx_word' id='word_1_216' title='bbox 603 2081 661 2124; x_wconf 91' lang='lat' dir='ltr'>non</span> <span class='ocrx_word' id='word_1_217' title='bbox 672 2065 807 2125; x_wconf 84' lang='lat' dir='ltr'>desinunt</span> <span class='ocrx_word' id='word_1_218' title='bbox 817 2065 866 2124; x_wconf 91' lang='lat' dir='ltr'>alii</span> <span class='ocrx_word' id='word_1_219' title='bbox 875 2069 1024 2142; x_wconf 81' lang='lat' dir='ltr'>geniiessa</span> <span class='ocrx_word' id='word_1_220' title='bbox 1070 2063 1160 2121; x_wconf 87' lang='lat' dir='ltr'>leonis</span> <span class='ocrx_word' id='word_1_221' title='bbox 1171 2062 1295 2122; x_wconf 83' lang='lat' dir='ltr'>formam</span> <span class='ocrx_word' id='word_1_222' title='bbox 1306 2065 1446 2134; x_wconf 90' lang='lat' dir='ltr'>transire,</span> <span class='ocrx_word' id='word_1_223' title='bbox 1464 2065 1495 2122; x_wconf 89' lang='lat' dir='ltr'>ia</span> <span class='ocrx_word' id='word_1_224' title='bbox 1507 2063 1641 2142; x_wconf 88' lang='lat' dir='ltr'>arbores,</span> <span class='ocrx_word' id='word_1_225' title='bbox 1661 2063 1735 2124; x_wconf 89' lang='lat' dir='ltr'>lauri</span> <span class='ocrx_word' id='word_1_226' title='bbox 1751 2068 1848 2141; x_wconf 88' lang='lat' dir='ltr'>speeie</span> 
     </span>
     <span class='ocr_line' id='line_1_19' title="bbox 248 2156 1848 2236; baseline 0 -16"><span class='ocrx_word' id='word_1_227' title='bbox 248 2163 404 2233; x_wconf 88' lang='lat' dir='ltr'>meliores,</span> <span class='ocrx_word' id='word_1_228' title='bbox 415 2161 465 2220; x_wconf 93' lang='lat' dir='ltr'>alil</span> <span class='ocrx_word' id='word_1_229' title='bbox 478 2161 643 2220; x_wconf 86' lang='lat' dir='ltr'>deteriores.</span> <span class='ocrx_word' id='word_1_230' title='bbox 656 2159 732 2218; x_wconf 84' lang='lat' dir='ltr'>Nam</span> <span class='ocrx_word' id='word_1_231' title='bbox 743 2161 819 2220; x_wconf 90' lang='lat' dir='ltr'>inter</span> <span class='ocrx_word' id='word_1_232' title='bbox 832 2161 946 2221; x_wconf 86' lang='lat' dir='ltr'>divinas</span> <span class='ocrx_word' id='word_1_233' title='bbox 959 2163 1025 2222; x_wconf 86' lang='lat' dir='ltr'>illas</span> <span class='ocrx_word' id='word_1_234' title='bbox 1067 2157 1149 2216; x_wconf 85' lang='lat' dir='ltr'>indui</span> <span class='ocrx_word' id='word_1_235' title='bbox 1165 2157 1216 2236; x_wconf 84' lang='grc'><strong>(9).</strong></span> <span class='ocrx_word' id='word_1_236' title='bbox 1235 2156 1292 2216; x_wconf 90' lang='lat' dir='ltr'>Sed</span> <span class='ocrx_word' id='word_1_237' title='bbox 1304 2157 1388 2216; x_wconf 83' lang='lat' dir='ltr'>linito</span> <span class='ocrx_word' id='word_1_238' title='bbox 1401 2165 1532 2233; x_wconf 89' lang='lat' dir='ltr'>tempore</span> <span class='ocrx_word' id='word_1_239' title='bbox 1551 2159 1591 2218; x_wconf 90' lang='lat' dir='ltr'>ad</span> <span class='ocrx_word' id='word_1_240' title='bbox 1609 2174 1725 2235; x_wconf 84' lang='lat' dir='ltr'>poenam</span> <span class='ocrx_word' id='word_1_241' title='bbox 1739 2165 1848 2220; x_wconf 86' lang='lat' dir='ltr'>consti·</span> 
     </span>
     <span class='ocr_line' id='line_1_20' title="bbox 248 2253 1846 2330; baseline 0.001 -16"><span class='ocrx_word' id='word_1_242' title='bbox 248 2262 381 2325; x_wconf 85' lang='lat' dir='ltr'>naturas,</span> <span class='ocrx_word' id='word_1_243' title='bbox 397 2271 462 2330; x_wconf 80' lang='lat' dir='ltr'>que</span> <span class='ocrx_word' id='word_1_244' title='bbox 477 2257 508 2312; x_wconf 90' lang='lat' dir='ltr'>in</span> <span class='ocrx_word' id='word_1_245' title='bbox 524 2261 600 2313; x_wconf 87' lang='lat' dir='ltr'>tarra</span> <span class='ocrx_word' id='word_1_246' title='bbox 614 2254 765 2328; x_wconf 89' lang='lat' dir='ltr'>habitant,</span> <span class='ocrx_word' id='word_1_247' title='bbox 782 2254 877 2315; x_wconf 90' lang='lat' dir='ltr'>locum</span> <span class='ocrx_word' id='word_1_248' title='bbox 891 2256 1022 2316; x_wconf 85' lang='lat' dir='ltr'>illaeiahi·</span> <span class='ocrx_word' id='word_1_249' title='bbox 1068 2258 1133 2312; x_wconf 88' lang='lat' dir='ltr'>tuto</span> <span class='ocrx_word' id='word_1_250' title='bbox 1146 2253 1264 2312; x_wconf 90' lang='lat' dir='ltr'>tandem</span> <span class='ocrx_word' id='word_1_251' title='bbox 1275 2255 1307 2311; x_wconf 91' lang='lat' dir='ltr'>in</span> <span class='ocrx_word' id='word_1_252' title='bbox 1321 2256 1535 2328; x_wconf 79' lang='lat' dir='ltr'>praestantiores</span> <span class='ocrx_word' id='word_1_253' title='bbox 1549 2260 1669 2314; x_wconf 84' lang='lat' dir='ltr'>naturas</span> <span class='ocrx_word' id='word_1_254' title='bbox 1682 2261 1846 2330; x_wconf 88' lang='lat' dir='ltr'>mutantur,</span> 
     </span>
     <span class='ocr_line' id='line_1_21' title="bbox 249 2349 1845 2426; baseline 0.003 -18"><span class='ocrx_word' id='word_1_255' title='bbox 249 2351 307 2410; x_wconf 91' lang='lat' dir='ltr'>lem</span> <span class='ocrx_word' id='word_1_256' title='bbox 317 2356 348 2410; x_wconf 85' lang='lat' dir='ltr'>et</span> <span class='ocrx_word' id='word_1_257' title='bbox 359 2353 488 2425; x_wconf 86' lang='lat' dir='ltr'>ipsorum</span> <span class='ocrx_word' id='word_1_258' title='bbox 501 2354 676 2423; x_wconf 76' lang='lat' dir='ltr'>prestantia</span> <span class='ocrx_word' id='word_1_259' title='bbox 689 2365 792 2425; x_wconf 88' lang='lat' dir='ltr'>parum</span> <span class='ocrx_word' id='word_1_260' title='bbox 805 2358 907 2424; x_wconf 90' lang='lat' dir='ltr'>aptum</span> <span class='ocrx_word' id='word_1_261' title='bbox 921 2351 1024 2410; x_wconf 87' lang='lat' dir='ltr'>colen-</span> <span class='ocrx_word' id='word_1_262' title='bbox 1068 2349 1176 2424; x_wconf 86' lang='lat' dir='ltr'>quihus</span> <span class='ocrx_word' id='word_1_263' title='bbox 1187 2351 1249 2408; x_wconf 84' lang='lat' dir='ltr'>vita</span> <span class='ocrx_word' id='word_1_264' title='bbox 1262 2349 1369 2408; x_wconf 76' lang='lat' dir='ltr'>mactis</span> <span class='ocrx_word' id='word_1_265' title='bbox 1382 2349 1501 2409; x_wconf 90' lang='lat' dir='ltr'>deorum</span> <span class='ocrx_word' id='word_1_266' title='bbox 1513 2349 1640 2426; x_wconf 83' lang='lat' dir='ltr'>obtingit</span> <span class='ocrx_word' id='word_1_267' title='bbox 1653 2355 1845 2414; x_wconf 87' lang='lat' dir='ltr'>consortium.</span> 
     </span>
     <span class='ocr_line' id='line_1_22' title="bbox 246 2443 1847 2523; baseline 0 -19"><span class='ocrx_word' id='word_1_268' title='bbox 246 2452 310 2517; x_wconf 90' lang='lat' dir='ltr'>tes,</span> <span class='ocrx_word' id='word_1_269' title='bbox 324 2451 532 2504; x_wconf 87' lang='lat' dir='ltr'>commemorat</span> <span class='ocrx_word' id='word_1_270' title='bbox 544 2451 629 2519; x_wconf 87' lang='lat' dir='ltr'>poeta</span> <span class='ocrx_word' id='word_1_271' title='bbox 642 2445 763 2520; x_wconf 88' lang='lat' dir='ltr'>Letum,</span> <span class='ocrx_word' id='word_1_272' title='bbox 787 2447 911 2521; x_wconf 87' lang='lat' dir='ltr'>Curam,</span> <span class='ocrx_word' id='word_1_273' title='bbox 927 2447 1024 2522; x_wconf 91' lang='lat' dir='ltr'>Sopo-</span> <span class='ocrx_word' id='word_1_274' title='bbox 1068 2443 1202 2517; x_wconf 87' lang='lat' dir='ltr'>Namque</span> <span class='ocrx_word' id='word_1_275' title='bbox 1216 2449 1250 2502; x_wconf 88' lang='lat' dir='ltr'>ut</span> <span class='ocrx_word' id='word_1_276' title='bbox 1263 2449 1361 2516; x_wconf 76' lang='grc' dir='ltr'><strong>ναοει,</strong></span> <span class='ocrx_word' id='word_1_277' title='bbox 1375 2449 1481 2518; x_wconf 84' lang='lat' dir='ltr'>poeta,</span> <span class='ocrx_word' id='word_1_278' title='bbox 1495 2443 1601 2503; x_wconf 90' lang='lat' dir='ltr'>medici</span> <span class='ocrx_word' id='word_1_279' title='bbox 1610 2487 1620 2517; x_wconf 87' lang='lat'>‚</span> <span class='ocrx_word' id='word_1_280' title='bbox 1630 2447 1785 2505; x_wconf 86' lang='lat' dir='ltr'>civitatum</span> <span class='ocrx_word' id='word_1_281' title='bbox 1796 2463 1847 2523; x_wconf 87' lang='lat' dir='ltr'>gu-</span> 
     </span>
     <span class='ocr_line' id='line_1_23' title="bbox 248 2537 1846 2618; baseline 0.003 -21"><span class='ocrx_word' id='word_1_282' title='bbox 248 2555 327 2610; x_wconf 90' lang='lat' dir='ltr'>rem,</span> <span class='ocrx_word' id='word_1_283' title='bbox 359 2537 562 2614; x_wconf 70' lang='lat' dir='ltr'>Maiestatem,</span> <span class='ocrx_word' id='word_1_284' title='bbox 592 2538 780 2613; x_wconf 86' lang='lat' dir='ltr'>squalorem,</span> <span class='ocrx_word' id='word_1_285' title='bbox 807 2538 1022 2618; x_wconf 83' lang='lat' dir='ltr'>sinceritatem,</span> <span class='ocrx_word' id='word_1_286' title='bbox 1068 2540 1237 2599; x_wconf 86' lang='lat' dir='ltr'>bernatores</span> <span class='ocrx_word' id='word_1_287' title='bbox 1251 2546 1454 2614; x_wconf 83' lang='lat' dir='ltr'>postmortem</span> <span class='ocrx_word' id='word_1_288' title='bbox 1467 2540 1587 2599; x_wconf 90' lang='lat' dir='ltr'>deorum</span> <span class='ocrx_word' id='word_1_289' title='bbox 1602 2541 1846 2602; x_wconf 87' lang='lat' dir='ltr'>ordinibusascri·</span> 
     </span>
     <span class='ocr_line' id='line_1_24' title="bbox 246 2629 1847 2712; baseline 0.002 -21"><span class='ocrx_word' id='word_1_290' title='bbox 246 2631 512 2691; x_wconf 88' lang='lat' dir='ltr'>Dissimulotionem</span> <span class='ocrx_word' id='word_1_291' title='bbox 535 2629 587 2709; x_wconf 79' lang='lat' dir='ltr'>(a),</span> <span class='ocrx_word' id='word_1_292' title='bbox 613 2633 701 2702; x_wconf 86' lang='lat' dir='ltr'>alias,</span> <span class='ocrx_word' id='word_1_293' title='bbox 726 2647 792 2706; x_wconf 82' lang='lat' dir='ltr'>qua</span> <span class='ocrx_word' id='word_1_294' title='bbox 818 2649 915 2691; x_wconf 88' lang='lat' dir='ltr'>recens</span> <span class='ocrx_word' id='word_1_295' title='bbox 939 2641 1024 2694; x_wconf 88' lang='lat' dir='ltr'>natos</span> <span class='ocrx_word' id='word_1_296' title='bbox 1068 2635 1175 2694; x_wconf 90' lang='lat' dir='ltr'>huntur</span> <span class='ocrx_word' id='word_1_297' title='bbox 1192 2632 1436 2692; x_wconf 89' lang='lat' dir='ltr'>etdiliiunt:ita</span> <span class='ocrx_word' id='word_1_298' title='bbox 1447 2635 1549 2708; x_wconf 80' lang='lat' dir='ltr'>reliqui</span> <span class='ocrx_word' id='word_1_299' title='bbox 1563 2633 1695 2693; x_wconf 91' lang='lat' dir='ltr'>homines</span> <span class='ocrx_word' id='word_1_300' title='bbox 1708 2639 1759 2710; x_wconf 87' lang='lat' dir='ltr'>qul</span> <span class='ocrx_word' id='word_1_301' title='bbox 1769 2639 1847 2712; x_wconf 83' lang='lat' dir='ltr'>juste</span> 
     </span>
     <span class='ocr_line' id='line_1_25' title="bbox 247 2727 1847 2805; baseline 0.001 -18"><span class='ocrx_word' id='word_1_302' title='bbox 247 2731 411 2804; x_wconf 86' lang='lat' dir='ltr'>excipiunt,</span> <span class='ocrx_word' id='word_1_303' title='bbox 427 2728 578 2786; x_wconf 91' lang='lat' dir='ltr'>hominum</span> <span class='ocrx_word' id='word_1_304' title='bbox 600 2728 686 2785; x_wconf 87' lang='lat' dir='ltr'>rebus</span> <span class='ocrx_word' id='word_1_305' title='bbox 700 2731 844 2787; x_wconf 86' lang='lat' dir='ltr'>intersunt</span> <span class='ocrx_word' id='word_1_306' title='bbox 863 2745 1023 2805; x_wconf 81' lang='lat' dir='ltr'>eorumque</span> <span class='ocrx_word' id='word_1_307' title='bbox 1067 2736 1224 2803; x_wconf 86' lang='lat' dir='ltr'>sancteque</span> <span class='ocrx_word' id='word_1_308' title='bbox 1233 2730 1373 2787; x_wconf 84' lang='lat' dir='ltr'>vixerunt</span> <span class='ocrx_word' id='word_1_309' title='bbox 1384 2727 1460 2786; x_wconf 87' lang='lat' dir='ltr'>fiant</span> <span class='ocrx_word' id='word_1_310' title='bbox 1471 2729 1601 2786; x_wconf 81' lang='lat' dir='ltr'>conuiuae</span> <span class='ocrx_word' id='word_1_311' title='bbox 1613 2729 1754 2804; x_wconf 84' lang='lat' dir='ltr'>deorum,</span> <span class='ocrx_word' id='word_1_312' title='bbox 1769 2731 1847 2789; x_wconf 88' lang='lat' dir='ltr'>inter</span> 
     </span>
     <span class='ocr_line' id='line_1_26' title="bbox 247 2821 1845 2900; baseline 0.002 -20"><span class='ocrx_word' id='word_1_313' title='bbox 247 2821 308 2882; x_wconf 88' lang='lat' dir='ltr'>iata</span> <span class='ocrx_word' id='word_1_314' title='bbox 320 2827 424 2897; x_wconf 83' lang='lat' dir='ltr'>regunt</span> <span class='ocrx_word' id='word_1_315' title='bbox 438 2837 472 2880; x_wconf 90' lang='lat' dir='ltr'>ac</span> <span class='ocrx_word' id='word_1_316' title='bbox 486 2823 592 2896; x_wconf 89' lang='lat' dir='ltr'>partim</span> <span class='ocrx_word' id='word_1_317' title='bbox 606 2821 645 2880; x_wconf 90' lang='lat' dir='ltr'>ad</span> <span class='ocrx_word' id='word_1_318' title='bbox 658 2822 750 2892; x_wconf 89' lang='lat' dir='ltr'>hona,</span> <span class='ocrx_word' id='word_1_319' title='bbox 767 2825 872 2897; x_wconf 88' lang='lat' dir='ltr'>partim</span> <span class='ocrx_word' id='word_1_320' title='bbox 889 2824 927 2881; x_wconf 91' lang='lat' dir='ltr'>ad</span> <span class='ocrx_word' id='word_1_321' title='bbox 945 2825 1021 2883; x_wconf 91' lang='lat' dir='ltr'>mala</span> <span class='ocrx_word' id='word_1_322' title='bbox 1067 2841 1140 2900; x_wconf 84' lang='lat' dir='ltr'>quos</span> <span class='ocrx_word' id='word_1_323' title='bbox 1150 2825 1189 2884; x_wconf 90' lang='lat' dir='ltr'>ab</span> <span class='ocrx_word' id='word_1_324' title='bbox 1203 2825 1337 2885; x_wconf 86' lang='lat' dir='ltr'>hamanis</span> <span class='ocrx_word' id='word_1_325' title='bbox 1346 2822 1560 2882; x_wconf 81' lang='lat' dir='ltr'>calamitatibus</span> <span class='ocrx_word' id='word_1_326' title='bbox 1570 2822 1682 2882; x_wconf 87' lang='lat' dir='ltr'>liberati</span> <span class='ocrx_word' id='word_1_327' title='bbox 1695 2830 1726 2882; x_wconf 87' lang='lat' dir='ltr'>et</span> <span class='ocrx_word' id='word_1_328' title='bbox 1738 2827 1845 2883; x_wconf 89' lang='lat' dir='ltr'>irnmu·</span> 
     </span>
     <span class='ocr_line' id='line_1_27' title="bbox 248 2912 1845 2993; baseline 0.003 -20"><span class='ocrx_word' id='word_1_329' title='bbox 248 2931 298 2975; x_wconf 90' lang='lat' dir='ltr'>eos</span> <span class='ocrx_word' id='word_1_330' title='bbox 310 2914 465 2990; x_wconf 88' lang='lat' dir='ltr'>impellant</span> <span class='ocrx_word' id='word_1_331' title='bbox 481 2912 537 2992; x_wconf 87' lang='grc'><strong>(4).</strong></span> <span class='ocrx_word' id='word_1_332' title='bbox 549 2913 658 2987; x_wconf 85' lang='lat' dir='ltr'>Quodsi</span> <span class='ocrx_word' id='word_1_333' title='bbox 678 2915 716 2974; x_wconf 91' lang='lat' dir='ltr'>ab</span> <span class='ocrx_word' id='word_1_334' title='bbox 730 2915 775 2974; x_wconf 89' lang='lat' dir='ltr'>his</span> <span class='ocrx_word' id='word_1_335' title='bbox 788 2916 953 2975; x_wconf 84' lang='lat' dir='ltr'>discesseris</span> <span class='ocrx_word' id='word_1_336' title='bbox 971 2921 1022 2993; x_wconf 87' lang='lat' dir='ltr'>qui</span> <span class='ocrx_word' id='word_1_337' title='bbox 1066 2933 1119 2976; x_wconf 89' lang='lat' dir='ltr'>nes</span> <span class='ocrx_word' id='word_1_338' title='bbox 1132 2933 1311 2992; x_wconf 81' lang='lat' dir='ltr'>summeque</span> <span class='ocrx_word' id='word_1_339' title='bbox 1330 2919 1485 2992; x_wconf 87' lang='lat' dir='ltr'>participes</span> <span class='ocrx_word' id='word_1_340' title='bbox 1506 2917 1692 2976; x_wconf 89' lang='lat' dir='ltr'>beatitudinis</span> <span class='ocrx_word' id='word_1_341' title='bbox 1714 2919 1745 2976; x_wconf 91' lang='lat' dir='ltr'>in</span> <span class='ocrx_word' id='word_1_342' title='bbox 1763 2925 1845 2977; x_wconf 76' lang='lat' dir='ltr'>aeter·</span> 
     </span>
     <span class='ocr_line' id='line_1_28' title="bbox 246 3009 1846 3098; baseline 0.003 -30"><span class='ocrx_word' id='word_1_343' title='bbox 246 3015 313 3070; x_wconf 80' lang='lat' dir='ltr'>vita</span> <span class='ocrx_word' id='word_1_344' title='bbox 325 3011 460 3070; x_wconf 89' lang='lat' dir='ltr'>humanae</span> <span class='ocrx_word' id='word_1_345' title='bbox 472 3010 606 3084; x_wconf 76' lang='lat' dir='ltr'>presides</span> <span class='ocrx_word' id='word_1_346' title='bbox 619 3016 689 3067; x_wconf 87' lang='lat' dir='ltr'>suot</span> <span class='ocrx_word' id='word_1_347' title='bbox 701 3025 735 3068; x_wconf 88' lang='lat' dir='ltr'>ac</span> <span class='ocrx_word' id='word_1_348' title='bbox 750 3009 872 3070; x_wconf 78' lang='lat' dir='ltr'>tortasse</span> <span class='ocrx_word' id='word_1_349' title='bbox 885 3012 978 3070; x_wconf 89' lang='lat' dir='ltr'>malta</span> <span class='ocrx_word' id='word_1_350' title='bbox 992 3019 1023 3072; x_wconf 91' lang='lat' dir='ltr'>et</span> <span class='ocrx_word' id='word_1_351' title='bbox 1066 3028 1137 3071; x_wconf 91' lang='lat' dir='ltr'>nam</span> <span class='ocrx_word' id='word_1_352' title='bbox 1147 3015 1332 3087; x_wconf 77' lang='lat' dir='ltr'>mqmescunt</span> <span class='ocrx_word' id='word_1_353' title='bbox 1338 3009 1412 3098; x_wconf 86' lang='lat' dir='ltr'>i¹⁰i·</span> <span class='ocrx_word' id='word_1_354' title='bbox 1422 3010 1562 3070; x_wconf 73' lang='lat' dir='ltr'>Ceterum</span> <span class='ocrx_word' id='word_1_355' title='bbox 1573 3010 1772 3086; x_wconf 81' lang='lat' dir='ltr'>illeperpetoae</span> <span class='ocrx_word' id='word_1_356' title='bbox 1778 3029 1846 3072; x_wconf 88' lang='lat' dir='ltr'>con-</span> 
     </span>
     <span class='ocr_line' id='line_1_29' title="bbox 248 3103 1845 3181; baseline 0.003 -19"><span class='ocrx_word' id='word_1_357' title='bbox 248 3107 329 3163; x_wconf 86' lang='lat' dir='ltr'>varia</span> <span class='ocrx_word' id='word_1_358' title='bbox 345 3105 422 3180; x_wconf 90' lang='lat' dir='ltr'>passi</span> <span class='ocrx_word' id='word_1_359' title='bbox 433 3103 471 3162; x_wconf 90' lang='lat' dir='ltr'>ad</span> <span class='ocrx_word' id='word_1_360' title='bbox 489 3119 554 3162; x_wconf 90' lang='lat' dir='ltr'>eam</span> <span class='ocrx_word' id='word_1_361' title='bbox 569 3106 661 3162; x_wconf 82' lang='lat' dir='ltr'>erecti</span> <span class='ocrx_word' id='word_1_362' title='bbox 675 3109 745 3163; x_wconf 89' lang='lat' dir='ltr'>sant</span> <span class='ocrx_word' id='word_1_363' title='bbox 758 3103 929 3180; x_wconf 87' lang='lat' dir='ltr'>dignitatem</span> <span class='ocrx_word' id='word_1_364' title='bbox 941 3148 948 3180; x_wconf 94' lang='lat'>,</span> <span class='ocrx_word' id='word_1_365' title='bbox 962 3122 1022 3181; x_wconf 87' lang='lat' dir='ltr'>qua</span> <span class='ocrx_word' id='word_1_366' title='bbox 1067 3110 1207 3166; x_wconf 88' lang='lat' dir='ltr'>versionis</span> <span class='ocrx_word' id='word_1_367' title='bbox 1216 3105 1719 3181; x_wconf 83' lang='lat' dir='ltr'>circuitus,quoeiiicltur,utomnis</span> <span class='ocrx_word' id='word_1_368' title='bbox 1729 3112 1845 3181; x_wconf 80' lang='lat' dir='ltr'>generis</span> 
     </span>
     <span class='ocr_line' id='line_1_30' title="bbox 245 3199 1845 3276; baseline 0.001 -18"><span class='ocrx_word' id='word_1_369' title='bbox 245 3201 341 3259; x_wconf 90' lang='lat' dir='ltr'>ornati</span> <span class='ocrx_word' id='word_1_370' title='bbox 361 3199 486 3260; x_wconf 90' lang='lat' dir='ltr'>reditum</span> <span class='ocrx_word' id='word_1_371' title='bbox 499 3199 537 3258; x_wconf 88' lang='lat' dir='ltr'>ad</span> <span class='ocrx_word' id='word_1_372' title='bbox 558 3199 627 3258; x_wconf 91' lang='lat' dir='ltr'>deos</span> <span class='ocrx_word' id='word_1_373' title='bbox 641 3214 743 3273; x_wconf 88' lang='lat' dir='ltr'>parare</span> <span class='ocrx_word' id='word_1_374' title='bbox 765 3202 900 3274; x_wconf 86' lang='lat' dir='ltr'>possint:</span> <span class='ocrx_word' id='word_1_375' title='bbox 928 3203 948 3258; x_wconf 90' lang='lat' dir='ltr'>ii</span> <span class='ocrx_word' id='word_1_376' title='bbox 971 3204 1021 3276; x_wconf 89' lang='lat' dir='ltr'>qui</span> <span class='ocrx_word' id='word_1_377' title='bbox 1066 3202 1237 3261; x_wconf 86' lang='lat' dir='ltr'>animalium</span> <span class='ocrx_word' id='word_1_378' title='bbox 1251 3215 1406 3276; x_wconf 85' lang='lat' dir='ltr'>rerumque</span> <span class='ocrx_word' id='word_1_379' title='bbox 1418 3199 1528 3260; x_wconf 80' lang='lat' dir='ltr'>formas</span> <span class='ocrx_word' id='word_1_380' title='bbox 1541 3200 1780 3272; x_wconf 88' lang='lat' dir='ltr'>induantauimi,</span> <span class='ocrx_word' id='word_1_381' title='bbox 1793 3205 1845 3260; x_wconf 92' lang='lat' dir='ltr'>tri-</span> 
     </span>
    </p>
   </div>
   <div class='ocr_carea' id='block_1_3' title="bbox 236 3335 1846 5266">
    <p class='ocr_par' dir='ltr' id='par_1_3' title="bbox 236 3335 1846 5266">
     <span class='ocr_line' id='line_1_31' title="bbox 248 3335 1545 3360; baseline 0 -10"><span class='ocrx_word' id='word_1_382' title='bbox 248 3335 1545 3360; x_wconf 78' lang='lat'>——-—-—---—-—-...-...-...----——</span> 
     </span>
     <span class='ocr_line' id='line_1_32' title="bbox 278 3385 1843 3454; baseline 0.003 -18"><span class='ocrx_word' id='word_1_383' title='bbox 278 3387 300 3450; x_wconf 93' lang='grc'>1)</span> <span class='ocrx_word' id='word_1_384' title='bbox 319 3386 461 3437; x_wconf 77' lang='lat' dir='ltr'>Plutarchus</span> <span class='ocrx_word' id='word_1_385' title='bbox 472 3385 502 3435; x_wconf 88' lang='lat' dir='ltr'>do</span> <span class='ocrx_word' id='word_1_386' title='bbox 523 3397 588 3435; x_wconf 88' lang='lat' dir='ltr'>orac.</span> <span class='ocrx_word' id='word_1_387' title='bbox 605 3385 653 3436; x_wconf 87' lang='lat' dir='ltr'>dci.</span> <span class='ocrx_word' id='word_1_388' title='bbox 670 3400 693 3448; x_wconf 91' lang='lat' dir='ltr'>p.</span> <span class='ocrx_word' id='word_1_389' title='bbox 710 3390 756 3436; x_wconf 84' lang='grc'>118</span> <span class='ocrx_word' id='word_1_390' title='bbox 771 3407 777 3436; x_wconf 79' lang='grc' dir='ltr'><strong>ι</strong></span> <span class='ocrx_word' id='word_1_391' title='bbox 798 3387 857 3436; x_wconf 82' lang='grc' dir='ltr'>ἀλλὰ</span> <span class='ocrx_word' id='word_1_392' title='bbox 870 3389 968 3448; x_wconf 81' lang='grc' dir='ltr'>φαύλους</span> <span class='ocrx_word' id='word_1_393' title='bbox 980 3391 1021 3452; x_wconf 77' lang='lat' dir='ltr'>pls</span> <span class='ocrx_word' id='word_1_394' title='bbox 1065 3403 1114 3454; x_wconf 87' lang='lat' dir='ltr'>qao</span> <span class='ocrx_word' id='word_1_395' title='bbox 1123 3389 1188 3438; x_wconf 85' lang='lat' dir='ltr'>dicto</span> <span class='ocrx_word' id='word_1_396' title='bbox 1198 3388 1311 3450; x_wconf 73' lang='lat' dir='ltr'>preclare</span> <span class='ocrx_word' id='word_1_397' title='bbox 1323 3387 1428 3448; x_wconf 87' lang='lat' dir='ltr'>disputat</span> <span class='ocrx_word' id='word_1_398' title='bbox 1445 3387 1572 3438; x_wconf 82' lang='lat' dir='ltr'>Smclhins</span> <span class='ocrx_word' id='word_1_399' title='bbox 1585 3387 1670 3438; x_wconf 91' lang='lat' dir='ltr'>Philol.</span> <span class='ocrx_word' id='word_1_400' title='bbox 1681 3401 1706 3451; x_wconf 88' lang='lat' dir='ltr'>p.</span> <span class='ocrx_word' id='word_1_401' title='bbox 1721 3394 1766 3439; x_wconf 84' lang='grc'>150</span> <span class='ocrx_word' id='word_1_402' title='bbox 1776 3402 1843 3451; x_wconf 77' lang='lat' dir='ltr'>sequ.</span> 
     </span>
     <span class='ocr_line' id='line_1_33' title="bbox 242 3453 1846 3522; baseline 0.002 -15"><span class='ocrx_word' id='word_1_403' title='bbox 242 3456 405 3520; x_wconf 74' lang='grc' dir='ltr'><strong>δαίμοναιοθκ</strong></span> <span class='ocrx_word' id='word_1_404' title='bbox 414 3453 570 3518; x_wconf 76' lang='grc' dir='ltr'>Ἐμπεδοκλῆς</span> <span class='ocrx_word' id='word_1_405' title='bbox 584 3453 693 3517; x_wconf 74' lang='grc' dir='ltr'><strong>μόνον...</strong></span> <span class='ocrx_word' id='word_1_406' title='bbox 707 3455 825 3510; x_wconf 84' lang='grc' dir='ltr'><strong>ἀπέλιπεν.</strong></span> <span class='ocrx_word' id='word_1_407' title='bbox 839 3456 946 3506; x_wconf 74' lang='grc' dir='ltr'>ἀλλὰκαὶ</span> <span class='ocrx_word' id='word_1_408' title='bbox 957 3459 1020 3508; x_wconf 82' lang='grc' dir='ltr'>Πλά-</span> <span class='ocrx_word' id='word_1_409' title='bbox 1095 3460 1120 3522; x_wconf 86' lang='grc' dir='ltr'>θ)</span> <span class='ocrx_word' id='word_1_410' title='bbox 1138 3457 1294 3520; x_wconf 81' lang='lat' dir='ltr'>Empedocles</span> <span class='ocrx_word' id='word_1_411' title='bbox 1305 3470 1344 3520; x_wconf 78' lang='lat' dir='ltr'>tp.</span> <span class='ocrx_word' id='word_1_412' title='bbox 1357 3458 1426 3521; x_wconf 69' lang='grc' dir='ltr'>[λᾶος.</span> <span class='ocrx_word' id='word_1_413' title='bbox 1447 3460 1690 3519; x_wconf 64' lang='grc'><strong>115111111177111</strong></span> <span class='ocrx_word' id='word_1_414' title='bbox 1704 3473 1731 3511; x_wconf 85' lang='lat' dir='ltr'>te</span> <span class='ocrx_word' id='word_1_415' title='bbox 1747 3461 1800 3522; x_wconf 84' lang='lat' dir='ltr'>ipso</span> <span class='ocrx_word' id='word_1_416' title='bbox 1812 3461 1846 3510; x_wconf 76' lang='lat' dir='ltr'>tii</span> 
     </span>
     <span class='ocr_line' id='line_1_34' title="bbox 242 3525 1251 3592; baseline -0.002 -14"><span class='ocrx_word' id='word_1_417' title='bbox 242 3546 289 3578; x_wconf 91' lang='grc' dir='ltr'>των</span> <span class='ocrx_word' id='word_1_418' title='bbox 300 3528 350 3577; x_wconf 84' lang='grc' dir='ltr'>κτλ.</span> <span class='ocrx_word' id='word_1_419' title='bbox 364 3525 401 3576; x_wconf 84' lang='lat' dir='ltr'>id.</span> <span class='ocrx_word' id='word_1_420' title='bbox 415 3525 446 3575; x_wconf 87' lang='lat' dir='ltr'>de</span> <span class='ocrx_word' id='word_1_421' title='bbox 458 3525 519 3575; x_wconf 82' lang='lat' dir='ltr'>leid.</span> <span class='ocrx_word' id='word_1_422' title='bbox 529 3528 555 3575; x_wconf 87' lang='lat' dir='ltr'>ei</span> <span class='ocrx_word' id='word_1_423' title='bbox 563 3527 626 3575; x_wconf 89' lang='lat' dir='ltr'>Osir.</span> <span class='ocrx_word' id='word_1_424' title='bbox 637 3539 660 3588; x_wconf 90' lang='lat' dir='ltr'>p.</span> <span class='ocrx_word' id='word_1_425' title='bbox 674 3531 720 3576; x_wconf 79' lang='grc'>360</span> <span class='ocrx_word' id='word_1_426' title='bbox 729 3540 736 3575; x_wconf 88' lang='lat'>:</span> <span class='ocrx_word' id='word_1_427' title='bbox 746 3527 848 3588; x_wconf 74' lang='grc' dir='ltr'><strong>γίνονται</strong></span> <span class='ocrx_word' id='word_1_428' title='bbox 858 3529 902 3591; x_wconf 82' lang='grc' dir='ltr'><strong>γθιρ</strong></span> <span class='ocrx_word' id='word_1_429' title='bbox 910 3533 942 3586; x_wconf 81' lang='grc' dir='ltr'>ὡς</span> <span class='ocrx_word' id='word_1_430' title='bbox 952 3531 975 3578; x_wconf 80' lang='grc' dir='ltr'><strong>ἰν</strong></span> <span class='ocrx_word' id='word_1_431' title='bbox 983 3530 1020 3578; x_wconf 81' lang='grc' dir='ltr'><strong>ἀν·</strong></span> <span class='ocrx_word' id='word_1_432' title='bbox 1066 3529 1130 3592; x_wconf 74' lang='grc' dir='ltr'><strong>(τοι.</strong></span> <span class='ocrx_word' id='word_1_433' title='bbox 1144 3527 1230 3590; x_wconf 87' lang='grc'><strong>11·11)</strong></span> <span class='ocrx_word' id='word_1_434' title='bbox 1244 3539 1251 3569; x_wconf 86' lang='lat'><em>=</em></span> 
     </span>
     <span class='ocr_line' id='line_1_35' title="bbox 242 3597 1019 3663; baseline 0.001 -15"><span class='ocrx_word' id='word_1_435' title='bbox 242 3599 343 3663; x_wconf 79' lang='grc' dir='ltr'>θρώποις</span> <span class='ocrx_word' id='word_1_436' title='bbox 352 3599 408 3658; x_wconf 83' lang='grc' dir='ltr'><strong>,καὶ</strong></span> <span class='ocrx_word' id='word_1_437' title='bbox 419 3597 537 3659; x_wconf 78' lang='grc' dir='ltr'><strong>δαίμοσιν,</strong></span> <span class='ocrx_word' id='word_1_438' title='bbox 548 3597 628 3660; x_wconf 71' lang='grc' dir='ltr'><strong>ἀρετῆς</strong></span> <span class='ocrx_word' id='word_1_439' title='bbox 639 3598 745 3660; x_wconf 72' lang='grc' dir='ltr'><strong>διαφοραὶ</strong></span> <span class='ocrx_word' id='word_1_440' title='bbox 760 3600 800 3646; x_wconf 84' lang='grc' dir='ltr'>καὶ</span> <span class='ocrx_word' id='word_1_441' title='bbox 812 3599 896 3655; x_wconf 82' lang='grc' dir='ltr'>κακίας</span> <span class='ocrx_word' id='word_1_442' title='bbox 913 3601 964 3649; x_wconf 81' lang='grc' dir='ltr'>κτλ.</span> <span class='ocrx_word' id='word_1_443' title='bbox 981 3601 1019 3649; x_wconf 87' lang='lat' dir='ltr'>ci.</span> 
     </span>
     <span class='ocr_line' id='line_1_36' title="bbox 242 3666 1705 3733; baseline -0.003 -14"><span class='ocrx_word' id='word_1_444' title='bbox 242 3667 399 3719; x_wconf 84' lang='lat' dir='ltr'>Tiedemanni</span> <span class='ocrx_word' id='word_1_445' title='bbox 417 3666 603 3727; x_wconf 87' lang='lat' dir='ltr'>disputationem</span> <span class='ocrx_word' id='word_1_446' title='bbox 616 3667 647 3716; x_wconf 90' lang='lat' dir='ltr'>de</span> <span class='ocrx_word' id='word_1_447' title='bbox 659 3669 755 3717; x_wconf 81' lang='lat' dir='ltr'>Artium</span> <span class='ocrx_word' id='word_1_448' title='bbox 766 3671 912 3732; x_wconf 67' lang='lat' dir='ltr'>magicarum</span> <span class='ocrx_word' id='word_1_449' title='bbox 924 3671 983 3733; x_wconf 72' lang='lat' dir='ltr'>orig.</span> <span class='ocrx_word' id='word_1_450' title='bbox 998 3673 1022 3720; x_wconf 92' lang='lat' dir='ltr'>et</span> <span class='ocrx_word' id='word_1_451' title='bbox 1125 3671 1169 3728; x_wconf 74' lang='grc' dir='ltr'>ἤδη</span> <span class='ocrx_word' id='word_1_452' title='bbox 1183 3668 1227 3732; x_wconf 75' lang='grc' dir='ltr'>γάρ</span> <span class='ocrx_word' id='word_1_453' title='bbox 1239 3668 1293 3717; x_wconf 84' lang='grc' dir='ltr'><strong>ποτ’</strong></span> <span class='ocrx_word' id='word_1_454' title='bbox 1307 3667 1355 3729; x_wconf 69' lang='lat' dir='ltr'>ipa</span> <span class='ocrx_word' id='word_1_455' title='bbox 1367 3667 1468 3730; x_wconf 79' lang='grc' dir='ltr'><strong>γενόμην</strong></span> <span class='ocrx_word' id='word_1_456' title='bbox 1479 3667 1562 3730; x_wconf 76' lang='grc' dir='ltr'>κοῦρος</span> <span class='ocrx_word' id='word_1_457' title='bbox 1572 3683 1599 3716; x_wconf 85' lang='grc' dir='ltr'>τε</span> <span class='ocrx_word' id='word_1_458' title='bbox 1608 3667 1666 3730; x_wconf 81' lang='grc' dir='ltr'>κόρη</span> <span class='ocrx_word' id='word_1_459' title='bbox 1678 3683 1705 3716; x_wconf 85' lang='grc' dir='ltr'>τε</span> 
     </span>
     <span class='ocr_line' id='line_1_37' title="bbox 243 3735 1713 3802; baseline -0.001 -15"><span class='ocrx_word' id='word_1_460' title='bbox 243 3751 342 3802; x_wconf 70' lang='lat' dir='ltr'>propag.</span> <span class='ocrx_word' id='word_1_461' title='bbox 356 3737 478 3798; x_wconf 75' lang='lat' dir='ltr'>(Goltiag.</span> <span class='ocrx_word' id='word_1_462' title='bbox 493 3738 566 3798; x_wconf 80' lang='grc'><strong>1787)</strong></span> <span class='ocrx_word' id='word_1_463' title='bbox 578 3751 601 3799; x_wconf 83' lang='lat' dir='ltr'>p.</span> <span class='ocrx_word' id='word_1_464' title='bbox 611 3741 651 3788; x_wconf 83' lang='grc'>10.</span> <span class='ocrx_word' id='word_1_465' title='bbox 1125 3737 1210 3800; x_wconf 83' lang='grc' dir='ltr'><strong>θάμνος</strong></span> <span class='ocrx_word' id='word_1_466' title='bbox 1218 3736 1240 3786; x_wconf 83' lang='grc' dir='ltr'><strong>τ’</strong></span> <span class='ocrx_word' id='word_1_467' title='bbox 1253 3735 1335 3793; x_wconf 82' lang='grc' dir='ltr'><strong>οἰωνός</strong></span> <span class='ocrx_word' id='word_1_468' title='bbox 1343 3751 1368 3784; x_wconf 84' lang='grc' dir='ltr'>τι</span> <span class='ocrx_word' id='word_1_469' title='bbox 1377 3736 1417 3784; x_wconf 83' lang='grc' dir='ltr'>καί</span> <span class='ocrx_word' id='word_1_470' title='bbox 1427 3735 1460 3784; x_wconf 82' lang='grc' dir='ltr'>εἰν</span> <span class='ocrx_word' id='word_1_471' title='bbox 1477 3735 1515 3784; x_wconf 82' lang='lat' dir='ltr'>tit</span> <span class='ocrx_word' id='word_1_472' title='bbox 1525 3735 1620 3791; x_wconf 72' lang='grc' dir='ltr'>ἔλλοπος</span> <span class='ocrx_word' id='word_1_473' title='bbox 1637 3735 1713 3798; x_wconf 60' lang='lat' dir='ltr'>lpida.</span> 
     </span>
     <span class='ocr_line' id='line_1_38' title="bbox 274 3805 1020 3872; baseline 0.001 -16"><span class='ocrx_word' id='word_1_474' title='bbox 274 3807 297 3868; x_wconf 82' lang='lat'>2)</span> <span class='ocrx_word' id='word_1_475' title='bbox 316 3805 457 3855; x_wconf 83' lang='lat' dir='ltr'>Plutarchus</span> <span class='ocrx_word' id='word_1_476' title='bbox 470 3806 500 3854; x_wconf 92' lang='lat' dir='ltr'>de</span> <span class='ocrx_word' id='word_1_477' title='bbox 516 3807 573 3855; x_wconf 89' lang='lat' dir='ltr'>lsid.</span> <span class='ocrx_word' id='word_1_478' title='bbox 596 3815 620 3856; x_wconf 91' lang='lat' dir='ltr'>et</span> <span class='ocrx_word' id='word_1_479' title='bbox 642 3807 716 3867; x_wconf 76' lang='lat' dir='ltr'>osia,</span> <span class='ocrx_word' id='word_1_480' title='bbox 736 3821 759 3871; x_wconf 93' lang='lat' dir='ltr'>p.</span> <span class='ocrx_word' id='word_1_481' title='bbox 776 3810 818 3857; x_wconf 85' lang='grc'>351</span> <span class='ocrx_word' id='word_1_482' title='bbox 837 3827 844 3858; x_wconf 77' lang='grc' dir='ltr'><strong>ι</strong></span> <span class='ocrx_word' id='word_1_483' title='bbox 865 3807 1020 3872; x_wconf 83' lang='grc' dir='ltr'>Ἐμπεδοκλῆς</span> 
     </span>
     <span class='ocr_line' id='line_1_39' title="bbox 242 3869 1842 3942; baseline -0.005 -15"><span class='ocrx_word' id='word_1_484' title='bbox 242 3877 267 3927; x_wconf 76' lang='lat' dir='ltr'>dl</span> <span class='ocrx_word' id='word_1_485' title='bbox 278 3877 318 3926; x_wconf 82' lang='grc' dir='ltr'>καὶ</span> <span class='ocrx_word' id='word_1_486' title='bbox 327 3875 392 3932; x_wconf 86' lang='grc' dir='ltr'>δίκας</span> <span class='ocrx_word' id='word_1_487' title='bbox 404 3877 460 3938; x_wconf 84' lang='grc' dir='ltr'><strong>φησί</strong></span> <span class='ocrx_word' id='word_1_488' title='bbox 477 3876 564 3925; x_wconf 80' lang='grc' dir='ltr'><strong>διδόναι</strong></span> <span class='ocrx_word' id='word_1_489' title='bbox 581 3877 634 3933; x_wconf 86' lang='grc' dir='ltr'><strong>τοθς</strong></span> <span class='ocrx_word' id='word_1_490' title='bbox 648 3877 762 3939; x_wconf 88' lang='grc' dir='ltr'><strong>δαίμονας</strong></span> <span class='ocrx_word' id='word_1_491' title='bbox 776 3879 809 3928; x_wconf 84' lang='grc' dir='ltr'><strong>ὧν</strong></span> <span class='ocrx_word' id='word_1_492' title='bbox 822 3879 968 3942; x_wconf 76' lang='grc' dir='ltr'><strong>ὶξαμάρτωοι</strong></span> <span class='ocrx_word' id='word_1_493' title='bbox 980 3881 1020 3928; x_wconf 81' lang='grc' dir='ltr'>καὶ</span> <span class='ocrx_word' id='word_1_494' title='bbox 1063 3877 1128 3925; x_wconf 80' lang='lat' dir='ltr'>Serti.</span> <span class='ocrx_word' id='word_1_495' title='bbox 1140 3875 1230 3935; x_wconf 81' lang='lat' dir='ltr'>Empir.</span> <span class='ocrx_word' id='word_1_496' title='bbox 1243 3873 1299 3922; x_wconf 83' lang='lat' dir='ltr'>adr.</span> <span class='ocrx_word' id='word_1_497' title='bbox 1310 3873 1386 3922; x_wconf 75' lang='lat' dir='ltr'>Malta.</span> <span class='ocrx_word' id='word_1_498' title='bbox 1400 3873 1441 3932; x_wconf 91' lang='grc'><strong>111,</strong></span> <span class='ocrx_word' id='word_1_499' title='bbox 1457 3873 1500 3920; x_wconf 90' lang='grc'>117</span> <span class='ocrx_word' id='word_1_500' title='bbox 1517 3889 1523 3920; x_wconf 76' lang='lat' dir='ltr'>s</span> <span class='ocrx_word' id='word_1_501' title='bbox 1535 3874 1557 3919; x_wconf 89' lang='lat' dir='ltr'>ol</span> <span class='ocrx_word' id='word_1_502' title='bbox 1568 3869 1609 3933; x_wconf 72' lang='lat' dir='ltr'>pis</span> <span class='ocrx_word' id='word_1_503' title='bbox 1621 3870 1673 3932; x_wconf 88' lang='grc' dir='ltr'><strong>περί</strong></span> <span class='ocrx_word' id='word_1_504' title='bbox 1682 3870 1723 3919; x_wconf 79' lang='grc' dir='ltr'>τὸν</span> <span class='ocrx_word' id='word_1_505' title='bbox 1735 3871 1842 3930; x_wconf 78' lang='grc' dir='ltr'><strong>Πυθαγό-</strong></span> 
     </span>
     <span class='ocr_line' id='line_1_40' title="bbox 242 3937 1843 4010; baseline -0.001 -14"><span class='ocrx_word' id='word_1_506' title='bbox 242 3947 451 4010; x_wconf 82' lang='grc' dir='ltr'><strong>πλημμελήαωοιν·</strong></span> <span class='ocrx_word' id='word_1_507' title='bbox 465 3947 584 4009; x_wconf 79' lang='grc' dir='ltr'><strong>ναίθίριον</strong></span> <span class='ocrx_word' id='word_1_508' title='bbox 598 3947 639 4008; x_wconf 79' lang='lat' dir='ltr'>pir</span> <span class='ocrx_word' id='word_1_509' title='bbox 652 3947 751 4010; x_wconf 78' lang='grc' dir='ltr'><strong>γάρσρε</strong></span> <span class='ocrx_word' id='word_1_510' title='bbox 763 3949 831 4009; x_wconf 86' lang='grc' dir='ltr'><strong>μίνος</strong></span> <span class='ocrx_word' id='word_1_511' title='bbox 842 3950 953 3999; x_wconf 76' lang='grc' dir='ltr'>πόντονδε</span> <span class='ocrx_word' id='word_1_512' title='bbox 965 3950 1019 3998; x_wconf 82' lang='grc' dir='ltr'><strong>διώ·</strong></span> <span class='ocrx_word' id='word_1_513' title='bbox 1063 3959 1104 4006; x_wconf 69' lang='grc' dir='ltr'><strong>ραν</strong></span> <span class='ocrx_word' id='word_1_514' title='bbox 1120 3945 1160 3992; x_wconf 64' lang='lat' dir='ltr'>wi</span> <span class='ocrx_word' id='word_1_515' title='bbox 1179 3944 1220 3992; x_wconf 74' lang='grc' dir='ltr'><strong>τὸν</strong></span> <span class='ocrx_word' id='word_1_516' title='bbox 1230 3943 1389 4005; x_wconf 61' lang='grc' dir='ltr'>Ἐμπεδοκλία</span> <span class='ocrx_word' id='word_1_517' title='bbox 1399 3943 1439 3989; x_wconf 64' lang='grc' dir='ltr'>καὶ</span> <span class='ocrx_word' id='word_1_518' title='bbox 1455 3945 1503 3989; x_wconf 63' lang='grc' dir='ltr'>τῶν</span> <span class='ocrx_word' id='word_1_519' title='bbox 1515 3937 1610 3988; x_wconf 61' lang='grc' dir='ltr'>Ἰταλῶν</span> <span class='ocrx_word' id='word_1_520' title='bbox 1623 3940 1712 3998; x_wconf 67' lang='grc' dir='ltr'>πλῆθός</span> <span class='ocrx_word' id='word_1_521' title='bbox 1725 3955 1794 4002; x_wconf 65' lang='grc' dir='ltr'><strong>φῦσι,</strong></span> <span class='ocrx_word' id='word_1_522' title='bbox 1811 3943 1843 4002; x_wconf 75' lang='grc' dir='ltr'><strong>μή</strong></span> 
     </span>
     <span class='ocr_line' id='line_1_41' title="bbox 241 4009 1843 4079; baseline -0.005 -13"><span class='ocrx_word' id='word_1_523' title='bbox 241 4013 630 4078; x_wconf 78' lang='grc' dir='ltr'><strong>κεικτλ.»(11111.ναο.θ1·35.)</strong></span> <span class='ocrx_word' id='word_1_524' title='bbox 654 4017 720 4079; x_wconf 76' lang='grc' dir='ltr'><strong>ἄχρις</strong></span> <span class='ocrx_word' id='word_1_525' title='bbox 738 4017 766 4066; x_wconf 76' lang='lat' dir='ltr'>oh</span> <span class='ocrx_word' id='word_1_526' title='bbox 786 4021 935 4074; x_wconf 74' lang='grc' dir='ltr'><strong>κολασθέντες</strong></span> <span class='ocrx_word' id='word_1_527' title='bbox 958 4020 1020 4068; x_wconf 77' lang='grc' dir='ltr'><strong>οὕτω</strong></span> <span class='ocrx_word' id='word_1_528' title='bbox 1063 4013 1132 4074; x_wconf 81' lang='grc' dir='ltr'><strong>μόνον</strong></span> <span class='ocrx_word' id='word_1_529' title='bbox 1146 4017 1201 4074; x_wconf 82' lang='grc' dir='ltr'><strong>ἡμῖν</strong></span> <span class='ocrx_word' id='word_1_530' title='bbox 1216 4015 1272 4074; x_wconf 80' lang='grc' dir='ltr'>πρὸς</span> <span class='ocrx_word' id='word_1_531' title='bbox 1295 4011 1406 4068; x_wconf 74' lang='grc' dir='ltr'>ἀλλήλους</span> <span class='ocrx_word' id='word_1_532' title='bbox 1424 4010 1538 4073; x_wconf 83' lang='grc' dir='ltr'>καὶπρὸς</span> <span class='ocrx_word' id='word_1_533' title='bbox 1555 4010 1609 4064; x_wconf 83' lang='grc' dir='ltr'><strong>τοὺς</strong></span> <span class='ocrx_word' id='word_1_534' title='bbox 1622 4009 1687 4064; x_wconf 79' lang='grc' dir='ltr'><strong>θεοὺς</strong></span> <span class='ocrx_word' id='word_1_535' title='bbox 1707 4009 1769 4058; x_wconf 80' lang='grc' dir='ltr'><strong>εἶναί</strong></span> <span class='ocrx_word' id='word_1_536' title='bbox 1791 4027 1843 4058; x_wconf 84' lang='grc' dir='ltr'><strong>τινα</strong></span> 
     </span>
     <span class='ocr_line' id='line_1_42' title="bbox 241 4079 1841 4148; baseline -0.005 -12"><span class='ocrx_word' id='word_1_537' title='bbox 241 4089 282 4136; x_wconf 82' lang='grc' dir='ltr'>καί</span> <span class='ocrx_word' id='word_1_538' title='bbox 296 4084 459 4148; x_wconf 80' lang='grc' dir='ltr'><strong>καθαρθέντες,</strong></span> <span class='ocrx_word' id='word_1_539' title='bbox 470 4083 534 4140; x_wconf 82' lang='grc' dir='ltr'><strong>αὖθις</strong></span> <span class='ocrx_word' id='word_1_540' title='bbox 542 4085 585 4143; x_wconf 79' lang='grc' dir='ltr'><strong>τῆν</strong></span> <span class='ocrx_word' id='word_1_541' title='bbox 595 4086 657 4134; x_wconf 79' lang='grc' dir='ltr'><strong>κατὰ</strong></span> <span class='ocrx_word' id='word_1_542' title='bbox 671 4086 739 4143; x_wconf 72' lang='grc' dir='ltr'><strong>φύσιν</strong></span> <span class='ocrx_word' id='word_1_543' title='bbox 750 4086 829 4147; x_wconf 85' lang='grc' dir='ltr'><strong>χώραν</strong></span> <span class='ocrx_word' id='word_1_544' title='bbox 836 4089 876 4136; x_wconf 82' lang='grc' dir='ltr'><strong>και)</strong></span> <span class='ocrx_word' id='word_1_545' title='bbox 887 4089 949 4144; x_wconf 77' lang='grc' dir='ltr'><strong>τάξιν</strong></span> <span class='ocrx_word' id='word_1_546' title='bbox 961 4088 1019 4136; x_wconf 75' lang='grc' dir='ltr'>ἀπο·</span> <span class='ocrx_word' id='word_1_547' title='bbox 1062 4082 1192 4139; x_wconf 74' lang='grc' dir='ltr'><strong>κοινωνίαν,</strong></span> <span class='ocrx_word' id='word_1_548' title='bbox 1202 4083 1260 4131; x_wconf 80' lang='grc' dir='ltr'>ἀλλὰ</span> <span class='ocrx_word' id='word_1_549' title='bbox 1271 4083 1310 4129; x_wconf 87' lang='grc' dir='ltr'>καὶ</span> <span class='ocrx_word' id='word_1_550' title='bbox 1324 4083 1380 4142; x_wconf 79' lang='grc' dir='ltr'>πρὸς</span> <span class='ocrx_word' id='word_1_551' title='bbox 1393 4080 1423 4127; x_wconf 84' lang='grc' dir='ltr'><strong>τὰ</strong></span> <span class='ocrx_word' id='word_1_552' title='bbox 1435 4080 1510 4140; x_wconf 78' lang='grc' dir='ltr'>ἄλογοι</span> <span class='ocrx_word' id='word_1_553' title='bbox 1524 4083 1572 4126; x_wconf 84' lang='grc' dir='ltr'>τῶν</span> <span class='ocrx_word' id='word_1_554' title='bbox 1584 4079 1659 4134; x_wconf 74' lang='grc' dir='ltr'><strong>ζώων</strong></span> <span class='ocrx_word' id='word_1_555' title='bbox 1673 4079 1698 4128; x_wconf 77' lang='grc' dir='ltr'><strong>ἓν</strong></span> <span class='ocrx_word' id='word_1_556' title='bbox 1711 4079 1758 4141; x_wconf 77' lang='grc' dir='ltr'>γὰρ</span> <span class='ocrx_word' id='word_1_557' title='bbox 1768 4081 1841 4142; x_wconf 77' lang='grc' dir='ltr'><strong>ὑπάρ-</strong></span> 
     </span>
     <span class='ocr_line' id='line_1_43' title="bbox 241 4148 1841 4220; baseline -0.001 -14"><span class='ocrx_word' id='word_1_558' title='bbox 241 4158 341 4206; x_wconf 69' lang='lat' dir='ltr'>ittam.</span> <span class='ocrx_word' id='word_1_559' title='bbox 354 4155 491 4205; x_wconf 67' lang='grc'><strong>(11111111</strong></span> <span class='ocrx_word' id='word_1_560' title='bbox 504 4167 556 4205; x_wconf 79' lang='lat' dir='ltr'>ere</span> <span class='ocrx_word' id='word_1_561' title='bbox 569 4155 600 4204; x_wconf 90' lang='lat' dir='ltr'>al.</span> <span class='ocrx_word' id='word_1_562' title='bbox 609 4168 633 4217; x_wconf 92' lang='lat' dir='ltr'>p.</span> <span class='ocrx_word' id='word_1_563' title='bbox 647 4159 693 4206; x_wconf 78' lang='lat' dir='ltr'>tto</span> <span class='ocrx_word' id='word_1_564' title='bbox 702 4158 727 4206; x_wconf 88' lang='lat' dir='ltr'>et</span> <span class='ocrx_word' id='word_1_565' title='bbox 739 4156 826 4206; x_wconf 71' lang='lat' dir='ltr'>nasah</span> <span class='ocrx_word' id='word_1_566' title='bbox 839 4161 915 4220; x_wconf 81' lang='lat' dir='ltr'>Prep.</span> <span class='ocrx_word' id='word_1_567' title='bbox 927 4161 1017 4220; x_wconf 73' lang='lat' dir='ltr'>arsag.</span> <span class='ocrx_word' id='word_1_568' title='bbox 1061 4168 1112 4214; x_wconf 81' lang='grc' dir='ltr'><strong>χιιν</strong></span> <span class='ocrx_word' id='word_1_569' title='bbox 1127 4158 1237 4212; x_wconf 75' lang='grc' dir='ltr'><strong>πνεῦμα,</strong></span> <span class='ocrx_word' id='word_1_570' title='bbox 1253 4153 1280 4200; x_wconf 82' lang='grc' dir='ltr'><strong>τὸ</strong></span> <span class='ocrx_word' id='word_1_571' title='bbox 1294 4151 1333 4198; x_wconf 80' lang='grc' dir='ltr'><strong>διὰ</strong></span> <span class='ocrx_word' id='word_1_572' title='bbox 1352 4151 1437 4204; x_wconf 80' lang='grc' dir='ltr'><strong>παντὸς</strong></span> <span class='ocrx_word' id='word_1_573' title='bbox 1449 4153 1489 4198; x_wconf 79' lang='grc' dir='ltr'><strong>τοῦ</strong></span> <span class='ocrx_word' id='word_1_574' title='bbox 1503 4148 1595 4210; x_wconf 69' lang='lat' dir='ltr'>stupco</span> <span class='ocrx_word' id='word_1_575' title='bbox 1608 4149 1689 4205; x_wconf 80' lang='grc' dir='ltr'><strong>διῆννν</strong></span> <span class='ocrx_word' id='word_1_576' title='bbox 1700 4151 1778 4210; x_wconf 74' lang='grc' dir='ltr'>ψυχῆς</span> <span class='ocrx_word' id='word_1_577' title='bbox 1790 4150 1841 4211; x_wconf 66' lang='grc' dir='ltr'><strong>τοο</strong></span> 
     </span>
     <span class='ocr_line' id='line_1_44' title="bbox 240 4219 1529 4286; baseline -0.007 -12"><span class='ocrx_word' id='word_1_578' title='bbox 240 4229 274 4286; x_wconf 85' lang='lat' dir='ltr'>V,</span> <span class='ocrx_word' id='word_1_579' title='bbox 285 4233 299 4274; x_wconf 86' lang='grc'><strong>5</strong></span> <span class='ocrx_word' id='word_1_580' title='bbox 310 4238 333 4286; x_wconf 83' lang='lat' dir='ltr'>p.</span> <span class='ocrx_word' id='word_1_581' title='bbox 351 4227 393 4272; x_wconf 79' lang='grc'>187</span> <span class='ocrx_word' id='word_1_582' title='bbox 403 4224 434 4272; x_wconf 88' lang='lat' dir='ltr'>D.</span> <span class='ocrx_word' id='word_1_583' title='bbox 1062 4238 1120 4282; x_wconf 90' lang='grc' dir='ltr'>πον,</span> <span class='ocrx_word' id='word_1_584' title='bbox 1132 4223 1159 4270; x_wconf 87' lang='grc' dir='ltr'><strong>τὸ</strong></span> <span class='ocrx_word' id='word_1_585' title='bbox 1172 4225 1211 4270; x_wconf 88' lang='grc' dir='ltr'>καὶ</span> <span class='ocrx_word' id='word_1_586' title='bbox 1226 4223 1291 4269; x_wconf 79' lang='grc' dir='ltr'><strong>ἑνοῦν</strong></span> <span class='ocrx_word' id='word_1_587' title='bbox 1302 4223 1363 4280; x_wconf 79' lang='grc' dir='ltr'>ἡμᾶς</span> <span class='ocrx_word' id='word_1_588' title='bbox 1375 4220 1431 4280; x_wconf 79' lang='grc' dir='ltr'>πρὸς</span> <span class='ocrx_word' id='word_1_589' title='bbox 1443 4219 1529 4266; x_wconf 79' lang='grc' dir='ltr'><strong>ἐκεῖνα.</strong></span> 
     </span>
     <span class='ocr_line' id='line_1_45' title="bbox 271 4285 1840 4357; baseline -0.008 -11"><span class='ocrx_word' id='word_1_590' title='bbox 271 4296 296 4357; x_wconf 76' lang='grc'>3)</span> <span class='ocrx_word' id='word_1_591' title='bbox 314 4295 368 4344; x_wconf 85' lang='lat' dir='ltr'>Viri.</span> <span class='ocrx_word' id='word_1_592' title='bbox 385 4306 435 4343; x_wconf 80' lang='lat' dir='ltr'>uss.</span> <span class='ocrx_word' id='word_1_593' title='bbox 453 4296 536 4343; x_wconf 69' lang='grc'><strong>1818.</strong></span> <span class='ocrx_word' id='word_1_594' title='bbox 1094 4293 1118 4345; x_wconf 81' lang='lat' dir='ltr'>tt</span> <span class='ocrx_word' id='word_1_595' title='bbox 1138 4291 1275 4351; x_wconf 81' lang='lat' dir='ltr'>Pseudorig.</span> <span class='ocrx_word' id='word_1_596' title='bbox 1292 4289 1383 4338; x_wconf 86' lang='lat' dir='ltr'>Philas.</span> <span class='ocrx_word' id='word_1_597' title='bbox 1397 4291 1429 4338; x_wconf 89' lang='lat' dir='ltr'>iv</span> <span class='ocrx_word' id='word_1_598' title='bbox 1450 4307 1456 4336; x_wconf 82' lang='lat' dir='ltr'><strong>r</strong></span> <span class='ocrx_word' id='word_1_599' title='bbox 1476 4287 1580 4349; x_wconf 82' lang='grc' dir='ltr'><strong>ὧσπερθ</strong></span> <span class='ocrx_word' id='word_1_600' title='bbox 1594 4285 1752 4348; x_wconf 79' lang='grc' dir='ltr'>Ἐμπεδοκλῆς</span> <span class='ocrx_word' id='word_1_601' title='bbox 1763 4286 1840 4334; x_wconf 76' lang='grc' dir='ltr'><strong>πάντα</strong></span> 
     </span>
     <span class='ocr_line' id='line_1_46' title="bbox 270 4357 1840 4428; baseline -0.006 -13"><span class='ocrx_word' id='word_1_602' title='bbox 270 4367 295 4428; x_wconf 96' lang='grc'>1)</span> <span class='ocrx_word' id='word_1_603' title='bbox 313 4363 450 4424; x_wconf 70' lang='lat' dir='ltr'>Ptandaris.</span> <span class='ocrx_word' id='word_1_604' title='bbox 469 4361 606 4424; x_wconf 80' lang='lat' dir='ltr'>Phiioscpln.</span> <span class='ocrx_word' id='word_1_605' title='bbox 632 4365 664 4412; x_wconf 91' lang='grc'>111</span> <span class='ocrx_word' id='word_1_606' title='bbox 687 4375 693 4405; x_wconf 77' lang='lat'>2</span> <span class='ocrx_word' id='word_1_607' title='bbox 713 4365 745 4416; x_wconf 70' lang='lat' dir='ltr'>titt</span> <span class='ocrx_word' id='word_1_608' title='bbox 762 4363 943 4425; x_wconf 72' lang='grc' dir='ltr'><strong>ἀναστρέφονται</strong></span> <span class='ocrx_word' id='word_1_609' title='bbox 963 4364 1018 4413; x_wconf 83' lang='grc' dir='ltr'><strong>διον·</strong></span> <span class='ocrx_word' id='word_1_610' title='bbox 1061 4361 1100 4410; x_wconf 83' lang='grc' dir='ltr'>τὸν</span> <span class='ocrx_word' id='word_1_611' title='bbox 1110 4361 1161 4410; x_wconf 87' lang='grc' dir='ltr'>κοιθΙ</span> <span class='ocrx_word' id='word_1_612' title='bbox 1175 4365 1236 4422; x_wconf 76' lang='grc' dir='ltr'>ἡμᾶς</span> <span class='ocrx_word' id='word_1_613' title='bbox 1250 4361 1322 4409; x_wconf 80' lang='grc' dir='ltr'><strong>τόπον</strong></span> <span class='ocrx_word' id='word_1_614' title='bbox 1340 4359 1382 4419; x_wconf 72' lang='grc' dir='ltr'>ἔφη</span> <span class='ocrx_word' id='word_1_615' title='bbox 1396 4363 1477 4406; x_wconf 84' lang='grc' dir='ltr'>κακῶν</span> <span class='ocrx_word' id='word_1_616' title='bbox 1496 4358 1581 4418; x_wconf 81' lang='grc' dir='ltr'><strong>μεστὸν</strong></span> <span class='ocrx_word' id='word_1_617' title='bbox 1593 4357 1652 4406; x_wconf 74' lang='grc' dir='ltr'><strong>εἶναι</strong></span> <span class='ocrx_word' id='word_1_618' title='bbox 1659 4391 1668 4418; x_wconf 94' lang='grc'><strong>,</strong></span> <span class='ocrx_word' id='word_1_619' title='bbox 1685 4359 1727 4405; x_wconf 82' lang='grc' dir='ltr'>καὶ</span> <span class='ocrx_word' id='word_1_620' title='bbox 1741 4357 1840 4418; x_wconf 72' lang='grc' dir='ltr'><strong>μίχριδὶ</strong></span> 
     </span>
     <span class='ocr_line' id='line_1_47' title="bbox 239 4427 1839 4492; baseline -0.006 -9"><span class='ocrx_word' id='word_1_621' title='bbox 239 4439 332 4489; x_wconf 86' lang='grc' dir='ltr'><strong>κοθντες</strong></span> <span class='ocrx_word' id='word_1_622' title='bbox 342 4431 373 4482; x_wconf 77' lang='grc' dir='ltr'><strong>τὰ</strong></span> <span class='ocrx_word' id='word_1_623' title='bbox 386 4431 447 4481; x_wconf 77' lang='grc' dir='ltr'><strong>κατὰ</strong></span> <span class='ocrx_word' id='word_1_624' title='bbox 460 4436 504 4492; x_wconf 82' lang='grc' dir='ltr'>γῆν</span> <span class='ocrx_word' id='word_1_625' title='bbox 517 4431 579 4486; x_wconf 77' lang='lat' dir='ltr'>darer</span> <span class='ocrx_word' id='word_1_626' title='bbox 592 4432 705 4481; x_wconf 83' lang='grc' dir='ltr'><strong>πλεῖστοι.</strong></span> <span class='ocrx_word' id='word_1_627' title='bbox 725 4431 839 4480; x_wconf 78' lang='lat' dir='ltr'>Similiter</span> <span class='ocrx_word' id='word_1_628' title='bbox 849 4431 955 4480; x_wconf 78' lang='lat' dir='ltr'>Timaeus</span> <span class='ocrx_word' id='word_1_629' title='bbox 973 4435 1017 4480; x_wconf 88' lang='lat' dir='ltr'>Lo·</span> <span class='ocrx_word' id='word_1_630' title='bbox 1061 4433 1157 4488; x_wconf 82' lang='grc' dir='ltr'>σελήνης</span> <span class='ocrx_word' id='word_1_631' title='bbox 1168 4433 1197 4479; x_wconf 86' lang='grc' dir='ltr'><strong>τὰ</strong></span> <span class='ocrx_word' id='word_1_632' title='bbox 1214 4430 1277 4478; x_wconf 80' lang='grc' dir='ltr'>κακὰ</span> <span class='ocrx_word' id='word_1_633' title='bbox 1295 4429 1386 4490; x_wconf 80' lang='grc' dir='ltr'><strong>φθάνειν</strong></span> <span class='ocrx_word' id='word_1_634' title='bbox 1407 4429 1434 4476; x_wconf 77' lang='grc' dir='ltr'>ἐκ</span> <span class='ocrx_word' id='word_1_635' title='bbox 1455 4432 1497 4476; x_wconf 83' lang='grc' dir='ltr'><strong>τοῦ</strong></span> <span class='ocrx_word' id='word_1_636' title='bbox 1515 4427 1565 4488; x_wconf 84' lang='grc' dir='ltr'><strong>περὶ</strong></span> <span class='ocrx_word' id='word_1_637' title='bbox 1579 4431 1623 4486; x_wconf 85' lang='grc' dir='ltr'>γῆν</span> <span class='ocrx_word' id='word_1_638' title='bbox 1641 4427 1715 4474; x_wconf 81' lang='grc' dir='ltr'><strong>τόπου</strong></span> <span class='ocrx_word' id='word_1_639' title='bbox 1728 4429 1839 4483; x_wconf 80' lang='grc' dir='ltr'><strong>τεθέντα,</strong></span> 
     </span>
     <span class='ocr_line' id='line_1_48' title="bbox 240 4497 1840 4564; baseline -0.002 -18"><span class='ocrx_word' id='word_1_640' title='bbox 240 4509 296 4546; x_wconf 80' lang='lat' dir='ltr'>urus</span> <span class='ocrx_word' id='word_1_641' title='bbox 308 4504 371 4548; x_wconf 78' lang='lat' dir='ltr'>enir.</span> <span class='ocrx_word' id='word_1_642' title='bbox 387 4513 394 4546; x_wconf 91' lang='lat'><strong>:</strong></span> <span class='ocrx_word' id='word_1_643' title='bbox 409 4501 502 4548; x_wconf 75' lang='grc' dir='ltr'><strong>ἅπαντα</strong></span> <span class='ocrx_word' id='word_1_644' title='bbox 517 4501 626 4548; x_wconf 77' lang='grc' dir='ltr'><strong>δὲταῦτα</strong></span> <span class='ocrx_word' id='word_1_645' title='bbox 639 4500 878 4562; x_wconf 79' lang='grc' dir='ltr'><strong>ἑνδιυτίραπεριόδῳ</strong></span> <span class='ocrx_word' id='word_1_646' title='bbox 892 4502 1014 4562; x_wconf 81' lang='grc' dir='ltr'><strong>οἰΝέμεσις</strong></span> <span class='ocrx_word' id='word_1_647' title='bbox 1061 4504 1187 4564; x_wconf 77' lang='grc' dir='ltr'><strong>περαιτέρω</strong></span> <span class='ocrx_word' id='word_1_648' title='bbox 1208 4501 1233 4549; x_wconf 80' lang='lat' dir='ltr'>di</span> <span class='ocrx_word' id='word_1_649' title='bbox 1253 4501 1284 4562; x_wconf 84' lang='grc' dir='ltr'>μὴ</span> <span class='ocrx_word' id='word_1_650' title='bbox 1301 4505 1401 4562; x_wconf 89' lang='grc' dir='ltr'><strong>χωρεῖν,</strong></span> <span class='ocrx_word' id='word_1_651' title='bbox 1426 4499 1467 4546; x_wconf 77' lang='grc' dir='ltr'>ἅτε</span> <span class='ocrx_word' id='word_1_652' title='bbox 1482 4497 1644 4558; x_wconf 69' lang='grc' dir='ltr'><strong>καθαρωτέρου</strong></span> <span class='ocrx_word' id='word_1_653' title='bbox 1661 4500 1704 4544; x_wconf 82' lang='grc' dir='ltr'><strong>τοῦ</strong></span> <span class='ocrx_word' id='word_1_654' title='bbox 1723 4497 1782 4558; x_wconf 72' lang='grc' dir='ltr'><strong>ὑπὲρ</strong></span> <span class='ocrx_word' id='word_1_655' title='bbox 1799 4497 1840 4554; x_wconf 79' lang='grc' dir='ltr'>τὴν</span> 
     </span>
     <span class='ocr_line' id='line_1_49' title="bbox 240 4565 1838 4632; baseline -0.001 -16"><span class='ocrx_word' id='word_1_656' title='bbox 240 4569 381 4632; x_wconf 81' lang='grc' dir='ltr'><strong>αυνδιὲιιρινι</strong></span> <span class='ocrx_word' id='word_1_657' title='bbox 399 4569 544 4632; x_wconf 85' lang='grc' dir='ltr'><strong>αθνθαίμοαι</strong></span> <span class='ocrx_word' id='word_1_658' title='bbox 562 4569 713 4631; x_wconf 79' lang='grc' dir='ltr'><strong>παλαμναίως</strong></span> <span class='ocrx_word' id='word_1_659' title='bbox 726 4569 826 4631; x_wconf 82' lang='grc' dir='ltr'><strong>χθονίοις</strong></span> <span class='ocrx_word' id='word_1_660' title='bbox 838 4586 879 4629; x_wconf 88' lang='grc' dir='ltr'>τε,</span> <span class='ocrx_word' id='word_1_661' title='bbox 896 4575 945 4625; x_wconf 87' lang='grc' dir='ltr'><strong>τοῖς</strong></span> <span class='ocrx_word' id='word_1_662' title='bbox 964 4569 1014 4618; x_wconf 74' lang='lat' dir='ltr'>lat·</span> <span class='ocrx_word' id='word_1_663' title='bbox 1060 4572 1157 4628; x_wconf 82' lang='grc' dir='ltr'><strong>οελήνην</strong></span> <span class='ocrx_word' id='word_1_664' title='bbox 1163 4572 1248 4626; x_wconf 80' lang='grc' dir='ltr'><strong>παντὸς</strong></span> <span class='ocrx_word' id='word_1_665' title='bbox 1260 4571 1325 4624; x_wconf 82' lang='grc' dir='ltr'>ὄντος</span> <span class='ocrx_word' id='word_1_666' title='bbox 1335 4569 1419 4630; x_wconf 78' lang='grc' dir='ltr'><strong>τόπου,</strong></span> <span class='ocrx_word' id='word_1_667' title='bbox 1432 4569 1494 4617; x_wconf 77' lang='grc' dir='ltr'><strong>οὕτω</strong></span> <span class='ocrx_word' id='word_1_668' title='bbox 1506 4568 1546 4615; x_wconf 84' lang='grc' dir='ltr'>καὶ</span> <span class='ocrx_word' id='word_1_669' title='bbox 1557 4571 1592 4628; x_wconf 80' lang='grc' dir='ltr'><strong>τῷ</strong></span> <span class='ocrx_word' id='word_1_670' title='bbox 1601 4565 1747 4628; x_wconf 77' lang='grc' dir='ltr'><strong>Ἡρακλείτῳ</strong></span> <span class='ocrx_word' id='word_1_671' title='bbox 1756 4567 1838 4622; x_wconf 69' lang='grc' dir='ltr'><strong>ἔδοξεν.</strong></span> 
     </span>
     <span class='ocr_line' id='line_1_50' title="bbox 238 4634 1838 4703; baseline -0.002 -18"><span class='ocrx_word' id='word_1_672' title='bbox 238 4655 306 4693; x_wconf 88' lang='grc' dir='ltr'><strong>πταις</strong></span> <span class='ocrx_word' id='word_1_673' title='bbox 320 4642 366 4684; x_wconf 86' lang='grc' dir='ltr'>τῶν</span> <span class='ocrx_word' id='word_1_674' title='bbox 381 4637 540 4699; x_wconf 80' lang='grc' dir='ltr'><strong>ἀνθρωπινων,</strong></span> <span class='ocrx_word' id='word_1_675' title='bbox 553 4641 588 4692; x_wconf 89' lang='grc' dir='ltr'>ο1ς</span> <span class='ocrx_word' id='word_1_676' title='bbox 597 4639 610 4685; x_wconf 83' lang='grc' dir='ltr'>ὁ</span> <span class='ocrx_word' id='word_1_677' title='bbox 619 4638 712 4686; x_wconf 81' lang='grc' dir='ltr'><strong>πάντων</strong></span> <span class='ocrx_word' id='word_1_678' title='bbox 731 4641 826 4701; x_wconf 80' lang='grc' dir='ltr'><strong>ἁγεμὼν</strong></span> <span class='ocrx_word' id='word_1_679' title='bbox 838 4641 891 4695; x_wconf 81' lang='grc' dir='ltr'>θοὸς</span> <span class='ocrx_word' id='word_1_680' title='bbox 904 4641 1017 4703; x_wconf 75' lang='grc' dir='ltr'><strong>ἐπέτρεψε</strong></span> <span class='ocrx_word' id='word_1_681' title='bbox 1091 4641 1115 4696; x_wconf 86' lang='grc' dir='ltr'>θ)</span> <span class='ocrx_word' id='word_1_682' title='bbox 1134 4640 1233 4701; x_wconf 74' lang='lat' dir='ltr'>mopsi.</span> <span class='ocrx_word' id='word_1_683' title='bbox 1256 4651 1293 4688; x_wconf 80' lang='lat' dir='ltr'>vs.</span> <span class='ocrx_word' id='word_1_684' title='bbox 1310 4643 1336 4689; x_wconf 90' lang='grc'><strong>17</strong></span> <span class='ocrx_word' id='word_1_685' title='bbox 1356 4639 1472 4695; x_wconf 78' lang='grc' dir='ltr'><strong>θουνήθεα</strong></span> <span class='ocrx_word' id='word_1_686' title='bbox 1486 4641 1570 4698; x_wconf 86' lang='grc' dir='ltr'><strong>χῶρον.</strong></span> <span class='ocrx_word' id='word_1_687' title='bbox 1585 4647 1621 4682; x_wconf 81' lang='lat' dir='ltr'>vs.</span> <span class='ocrx_word' id='word_1_688' title='bbox 1638 4634 1779 4696; x_wconf 81' lang='grc' dir='ltr'><strong>151πιρπ1α</strong></span> <span class='ocrx_word' id='word_1_689' title='bbox 1791 4639 1838 4696; x_wconf 81' lang='grc' dir='ltr'>χῶ-</span> 
     </span>
     <span class='ocr_line' id='line_1_51' title="bbox 238 4703 1837 4771; baseline -0.002 -16"><span class='ocrx_word' id='word_1_690' title='bbox 238 4707 352 4763; x_wconf 83' lang='grc' dir='ltr'><strong>διοίκηοιν</strong></span> <span class='ocrx_word' id='word_1_691' title='bbox 368 4705 451 4767; x_wconf 84' lang='grc' dir='ltr'><strong>κὸομω</strong></span> <span class='ocrx_word' id='word_1_692' title='bbox 466 4709 516 4754; x_wconf 66' lang='grc' dir='ltr'>κτλ.</span> <span class='ocrx_word' id='word_1_693' title='bbox 531 4706 653 4756; x_wconf 80' lang='lat' dir='ltr'>Plutarch.</span> <span class='ocrx_word' id='word_1_694' title='bbox 668 4707 698 4757; x_wconf 84' lang='lat' dir='ltr'>dc</span> <span class='ocrx_word' id='word_1_695' title='bbox 709 4709 788 4758; x_wconf 75' lang='lat' dir='ltr'>duim.</span> <span class='ocrx_word' id='word_1_696' title='bbox 808 4712 885 4770; x_wconf 78' lang='lat' dir='ltr'>tranq.</span> <span class='ocrx_word' id='word_1_697' title='bbox 903 4723 926 4771; x_wconf 87' lang='lat' dir='ltr'>p.</span> <span class='ocrx_word' id='word_1_698' title='bbox 945 4714 989 4760; x_wconf 88' lang='grc'>171</span> <span class='ocrx_word' id='word_1_699' title='bbox 1009 4730 1015 4759; x_wconf 82' lang='grc' dir='ltr'><strong>ι</strong></span> <span class='ocrx_word' id='word_1_700' title='bbox 1060 4725 1106 4771; x_wconf 92' lang='grc' dir='ltr'><strong>ρον.</strong></span> <span class='ocrx_word' id='word_1_701' title='bbox 1125 4723 1160 4760; x_wconf 82' lang='lat' dir='ltr'>vs.</span> <span class='ocrx_word' id='word_1_702' title='bbox 1174 4717 1201 4760; x_wconf 89' lang='grc'>11</span> <span class='ocrx_word' id='word_1_703' title='bbox 1216 4711 1283 4768; x_wconf 82' lang='grc' dir='ltr'>Ἄτης</span> <span class='ocrx_word' id='word_1_704' title='bbox 1302 4712 1415 4771; x_wconf 82' lang='grc' dir='ltr'><strong>λειμῶνα.</strong></span> <span class='ocrx_word' id='word_1_705' title='bbox 1432 4720 1469 4756; x_wconf 81' lang='lat' dir='ltr'>vs.</span> <span class='ocrx_word' id='word_1_706' title='bbox 1488 4713 1526 4755; x_wconf 82' lang='grc'>19.</span> <span class='ocrx_word' id='word_1_707' title='bbox 1543 4705 1625 4767; x_wconf 79' lang='grc' dir='ltr'><strong>ἄντρον</strong></span> <span class='ocrx_word' id='word_1_708' title='bbox 1639 4703 1782 4766; x_wconf 62' lang='lat' dir='ltr'>samm</span> <span class='ocrx_word' id='word_1_709' title='bbox 1800 4704 1837 4754; x_wconf 82' lang='lat' dir='ltr'>ci.</span> 
     </span>
     <span class='ocr_line' id='line_1_52' title="bbox 238 4775 1590 4843; baseline 0.001 -19"><span class='ocrx_word' id='word_1_710' title='bbox 238 4776 297 4824; x_wconf 78' lang='grc' dir='ltr'>ἀλλὰ</span> <span class='ocrx_word' id='word_1_711' title='bbox 309 4777 404 4837; x_wconf 80' lang='grc' dir='ltr'><strong>μᾶλλον,</strong></span> <span class='ocrx_word' id='word_1_712' title='bbox 419 4778 451 4832; x_wconf 82' lang='grc' dir='ltr'>ὡς</span> <span class='ocrx_word' id='word_1_713' title='bbox 464 4775 620 4839; x_wconf 84' lang='grc' dir='ltr'>Ἐμπεδοκλῆς</span> <span class='ocrx_word' id='word_1_714' title='bbox 632 4777 746 4839; x_wconf 81' lang='grc' dir='ltr'><strong>(φησιν),</strong></span> <span class='ocrx_word' id='word_1_715' title='bbox 760 4779 835 4828; x_wconf 87' lang='grc' dir='ltr'><strong>διτταί</strong></span> <span class='ocrx_word' id='word_1_716' title='bbox 847 4795 905 4835; x_wconf 88' lang='grc' dir='ltr'><strong>τινες</strong></span> <span class='ocrx_word' id='word_1_717' title='bbox 917 4781 1016 4829; x_wconf 79' lang='grc' dir='ltr'><strong>ἕκαστον</strong></span> <span class='ocrx_word' id='word_1_718' title='bbox 1061 4783 1187 4843; x_wconf 85' lang='lat' dir='ltr'>Wylienb.</span> <span class='ocrx_word' id='word_1_719' title='bbox 1203 4782 1233 4831; x_wconf 83' lang='lat' dir='ltr'>ad</span> <span class='ocrx_word' id='word_1_720' title='bbox 1245 4783 1304 4831; x_wconf 79' lang='lat' dir='ltr'>rial.</span> <span class='ocrx_word' id='word_1_721' title='bbox 1320 4781 1433 4830; x_wconf 80' lang='lat' dir='ltr'>Piraion.</span> <span class='ocrx_word' id='word_1_722' title='bbox 1444 4791 1468 4840; x_wconf 84' lang='lat' dir='ltr'>p.</span> <span class='ocrx_word' id='word_1_723' title='bbox 1480 4783 1526 4828; x_wconf 83' lang='grc'>300</span> <span class='ocrx_word' id='word_1_724' title='bbox 1538 4789 1590 4837; x_wconf 78' lang='lat' dir='ltr'>seq.</span> 
     </span>
     <span class='ocr_line' id='line_1_53' title="bbox 238 4844 1838 4912; baseline -0.001 -18"><span class='ocrx_word' id='word_1_725' title='bbox 238 4849 305 4907; x_wconf 77' lang='grc' dir='ltr'><strong>ἡμῶν</strong></span> <span class='ocrx_word' id='word_1_726' title='bbox 314 4847 437 4908; x_wconf 81' lang='grc' dir='ltr'><strong>γενόμενον</strong></span> <span class='ocrx_word' id='word_1_727' title='bbox 446 4846 653 4909; x_wconf 84' lang='grc' dir='ltr'><strong>παραλαμθάνουαι</strong></span> <span class='ocrx_word' id='word_1_728' title='bbox 663 4849 702 4897; x_wconf 81' lang='grc' dir='ltr'>καί</span> <span class='ocrx_word' id='word_1_729' title='bbox 714 4849 870 4912; x_wconf 73' lang='grc' dir='ltr'><strong>κατάρχονται</strong></span> <span class='ocrx_word' id='word_1_730' title='bbox 883 4855 962 4912; x_wconf 85' lang='grc' dir='ltr'><strong>μοῖραι</strong></span> <span class='ocrx_word' id='word_1_731' title='bbox 974 4853 1014 4900; x_wconf 88' lang='grc' dir='ltr'>καὶ</span> <span class='ocrx_word' id='word_1_732' title='bbox 1090 4853 1113 4912; x_wconf 87' lang='grc'>9)</span> <span class='ocrx_word' id='word_1_733' title='bbox 1131 4851 1217 4900; x_wconf 81' lang='lat' dir='ltr'>AEliaa.</span> <span class='ocrx_word' id='word_1_734' title='bbox 1240 4853 1295 4900; x_wconf 80' lang='lat' dir='ltr'>laici.</span> <span class='ocrx_word' id='word_1_735' title='bbox 1313 4851 1389 4901; x_wconf 80' lang='lat' dir='ltr'>anim.</span> <span class='ocrx_word' id='word_1_736' title='bbox 1404 4852 1457 4909; x_wconf 85' lang='lat' dir='ltr'>llll,</span> <span class='ocrx_word' id='word_1_737' title='bbox 1472 4853 1485 4898; x_wconf 85' lang='lat'>7</span> <span class='ocrx_word' id='word_1_738' title='bbox 1507 4866 1513 4897; x_wconf 81' lang='grc' dir='ltr'><strong>ι</strong></span> <span class='ocrx_word' id='word_1_739' title='bbox 1539 4847 1600 4908; x_wconf 76' lang='grc' dir='ltr'><strong>λέγει</strong></span> <span class='ocrx_word' id='word_1_740' title='bbox 1617 4847 1660 4895; x_wconf 84' lang='grc' dir='ltr'>καὶ</span> <span class='ocrx_word' id='word_1_741' title='bbox 1679 4844 1838 4908; x_wconf 70' lang='grc' dir='ltr'>’Ἐμπεδοκλῆς</span> 
     </span>
     <span class='ocr_line' id='line_1_54' title="bbox 238 4915 1838 4984; baseline -0.001 -21"><span class='ocrx_word' id='word_1_742' title='bbox 238 4915 352 4975; x_wconf 83' lang='grc' dir='ltr'><strong>δαίμονες.</strong></span> <span class='ocrx_word' id='word_1_743' title='bbox 365 4915 403 4964; x_wconf 88' lang='lat' dir='ltr'>ci.</span> <span class='ocrx_word' id='word_1_744' title='bbox 418 4917 531 4978; x_wconf 78' lang='lat' dir='ltr'>Porphyr.</span> <span class='ocrx_word' id='word_1_745' title='bbox 544 4917 575 4967; x_wconf 84' lang='lat' dir='ltr'>de</span> <span class='ocrx_word' id='word_1_746' title='bbox 589 4920 652 4968; x_wconf 83' lang='lat' dir='ltr'>tait.</span> <span class='ocrx_word' id='word_1_747' title='bbox 664 4920 769 4980; x_wconf 78' lang='lat' dir='ltr'>Nympir.</span> <span class='ocrx_word' id='word_1_748' title='bbox 784 4932 806 4968; x_wconf 88' lang='lat' dir='ltr'>c.</span> <span class='ocrx_word' id='word_1_749' title='bbox 823 4926 846 4967; x_wconf 89' lang='lat' dir='ltr'>S.</span> <span class='ocrx_word' id='word_1_750' title='bbox 1058 4923 1100 4978; x_wconf 77' lang='grc' dir='ltr'><strong>τῆν</strong></span> <span class='ocrx_word' id='word_1_751' title='bbox 1116 4921 1212 4984; x_wconf 76' lang='grc' dir='ltr'><strong>ἀρίστην</strong></span> <span class='ocrx_word' id='word_1_752' title='bbox 1226 4921 1287 4970; x_wconf 82' lang='grc' dir='ltr'><strong>εἶναι</strong></span> <span class='ocrx_word' id='word_1_753' title='bbox 1302 4920 1438 4983; x_wconf 77' lang='grc' dir='ltr'><strong>μετοίκησιν</strong></span> <span class='ocrx_word' id='word_1_754' title='bbox 1453 4921 1495 4976; x_wconf 81' lang='grc' dir='ltr'>τὴν</span> <span class='ocrx_word' id='word_1_755' title='bbox 1510 4921 1552 4966; x_wconf 84' lang='grc' dir='ltr'><strong>τοῦ</strong></span> <span class='ocrx_word' id='word_1_756' title='bbox 1573 4916 1704 4978; x_wconf 75' lang='grc' dir='ltr'><strong>θνθρώπου,</strong></span> <span class='ocrx_word' id='word_1_757' title='bbox 1720 4917 1741 4963; x_wconf 90' lang='grc' dir='ltr'>ε1</span> <span class='ocrx_word' id='word_1_758' title='bbox 1755 4916 1797 4975; x_wconf 85' lang='grc' dir='ltr'><strong>μἐν</strong></span> <span class='ocrx_word' id='word_1_759' title='bbox 1807 4917 1838 4962; x_wconf 80' lang='lat' dir='ltr'>sl:</span> 
     </span>
     <span class='ocr_line' id='line_1_55' title="bbox 270 4986 1837 5055; baseline 0.004 -22"><span class='ocrx_word' id='word_1_760' title='bbox 270 4987 292 5044; x_wconf 89' lang='grc'>5)</span> <span class='ocrx_word' id='word_1_761' title='bbox 310 4988 337 5034; x_wconf 91' lang='lat' dir='ltr'>ln</span> <span class='ocrx_word' id='word_1_762' title='bbox 351 4986 451 5037; x_wconf 89' lang='lat' dir='ltr'>eandem</span> <span class='ocrx_word' id='word_1_763' title='bbox 460 4988 603 5036; x_wconf 68' lang='lat' dir='ltr'>anuntiant</span> <span class='ocrx_word' id='word_1_764' title='bbox 617 4986 739 5037; x_wconf 87' lang='lat' dir='ltr'>Philolaus</span> <span class='ocrx_word' id='word_1_765' title='bbox 745 5002 783 5050; x_wconf 87' lang='lat' dir='ltr'>ap.</span> <span class='ocrx_word' id='word_1_766' title='bbox 793 4989 912 5038; x_wconf 87' lang='lat' dir='ltr'>clement.</span> <span class='ocrx_word' id='word_1_767' title='bbox 923 4991 1013 5040; x_wconf 87' lang='lat' dir='ltr'>strom.</span> <span class='ocrx_word' id='word_1_768' title='bbox 1062 4996 1121 5055; x_wconf 75' lang='grc' dir='ltr'><strong>ζῷον</strong></span> <span class='ocrx_word' id='word_1_769' title='bbox 1135 4995 1150 5049; x_wconf 84' lang='grc' dir='ltr'><strong>ἡ</strong></span> <span class='ocrx_word' id='word_1_770' title='bbox 1162 4994 1222 5050; x_wconf 80' lang='grc' dir='ltr'>λῆξις</span> <span class='ocrx_word' id='word_1_771' title='bbox 1232 4994 1301 5041; x_wconf 71' lang='grc' dir='ltr'><strong>αὐτὸν</strong></span> <span class='ocrx_word' id='word_1_772' title='bbox 1314 4994 1455 5054; x_wconf 76' lang='grc' dir='ltr'><strong>μεταγάγοι,</strong></span> <span class='ocrx_word' id='word_1_773' title='bbox 1465 4995 1546 5040; x_wconf 74' lang='grc' dir='ltr'><strong>λέοντα</strong></span> <span class='ocrx_word' id='word_1_774' title='bbox 1557 4991 1789 5052; x_wconf 76' lang='grc' dir='ltr'><strong>γίγνεσθαι,ιλδὲείς</strong></span> <span class='ocrx_word' id='word_1_775' title='bbox 1799 5005 1837 5050; x_wconf 77' lang='grc' dir='ltr'><strong>ον-</strong></span> 
     </span>
     <span class='ocr_line' id='line_1_56' title="bbox 236 5056 1836 5124; baseline 0.002 -20"><span class='ocrx_word' id='word_1_776' title='bbox 236 5057 269 5104; x_wconf 92' lang='grc'>111</span> <span class='ocrx_word' id='word_1_777' title='bbox 284 5070 306 5115; x_wconf 82' lang='lat' dir='ltr'>p.</span> <span class='ocrx_word' id='word_1_778' title='bbox 323 5059 368 5105; x_wconf 79' lang='lat' dir='ltr'>itt</span> <span class='ocrx_word' id='word_1_779' title='bbox 380 5060 408 5105; x_wconf 85' lang='grc' dir='ltr'>Α.</span> <span class='ocrx_word' id='word_1_780' title='bbox 419 5056 484 5114; x_wconf 72' lang='lat' dir='ltr'>Sili).</span> <span class='ocrx_word' id='word_1_781' title='bbox 500 5070 506 5104; x_wconf 76' lang='grc' dir='ltr'><strong>τ</strong></span> <span class='ocrx_word' id='word_1_782' title='bbox 524 5059 688 5120; x_wconf 83' lang='grc' dir='ltr'><strong>μαρτυρέονται</strong></span> <span class='ocrx_word' id='word_1_783' title='bbox 706 5060 731 5106; x_wconf 82' lang='grc' dir='ltr'>δὲ</span> <span class='ocrx_word' id='word_1_784' title='bbox 743 5061 783 5108; x_wconf 83' lang='grc' dir='ltr'>καὶ</span> <span class='ocrx_word' id='word_1_785' title='bbox 793 5061 816 5108; x_wconf 87' lang='lat' dir='ltr'>ol</span> <span class='ocrx_word' id='word_1_786' title='bbox 829 5061 923 5108; x_wconf 70' lang='lat' dir='ltr'>rainaci</span> <span class='ocrx_word' id='word_1_787' title='bbox 942 5060 1015 5109; x_wconf 82' lang='grc' dir='ltr'><strong>θεολό·</strong></span> <span class='ocrx_word' id='word_1_788' title='bbox 1062 5063 1115 5124; x_wconf 88' lang='grc' dir='ltr'><strong>τόν,</strong></span> <span class='ocrx_word' id='word_1_789' title='bbox 1126 5063 1219 5124; x_wconf 78' lang='grc' dir='ltr'><strong>δάφνην.</strong></span> <span class='ocrx_word' id='word_1_790' title='bbox 1230 5063 1253 5111; x_wconf 87' lang='grc' dir='ltr'><strong>Ἃ</strong></span> <span class='ocrx_word' id='word_1_791' title='bbox 1264 5064 1288 5109; x_wconf 83' lang='grc' dir='ltr'>δὲ</span> <span class='ocrx_word' id='word_1_792' title='bbox 1298 5065 1454 5120; x_wconf 77' lang='grc' dir='ltr'>Ἐμπεδοκλῆς</span> <span class='ocrx_word' id='word_1_793' title='bbox 1465 5066 1525 5118; x_wconf 78' lang='grc' dir='ltr'><strong>λέγει</strong></span> <span class='ocrx_word' id='word_1_794' title='bbox 1536 5061 1600 5110; x_wconf 79' lang='grc' dir='ltr'><strong>ταῦτ’</strong></span> <span class='ocrx_word' id='word_1_795' title='bbox 1608 5061 1678 5109; x_wconf 71' lang='grc' dir='ltr'><strong>ἐστίν·</strong></span> <span class='ocrx_word' id='word_1_796' title='bbox 1693 5079 1704 5101; x_wconf 79' lang='grc' dir='ltr'><strong>ν</strong></span> <span class='ocrx_word' id='word_1_797' title='bbox 1714 5061 1836 5122; x_wconf 78' lang='grc' dir='ltr'><strong>ἐνθιίρεσοτ</strong></span> 
     </span>
     <span class='ocr_line' id='line_1_57' title="bbox 236 5127 1495 5194; baseline 0.005 -22"><span class='ocrx_word' id='word_1_798' title='bbox 236 5141 274 5186; x_wconf 85' lang='grc' dir='ltr'><strong>γοι</strong></span> <span class='ocrx_word' id='word_1_799' title='bbox 289 5141 313 5173; x_wconf 85' lang='grc' dir='ltr'>τε</span> <span class='ocrx_word' id='word_1_800' title='bbox 324 5127 363 5174; x_wconf 83' lang='grc' dir='ltr'>καί</span> <span class='ocrx_word' id='word_1_801' title='bbox 374 5127 478 5189; x_wconf 76' lang='grc' dir='ltr'><strong>μάντιες,</strong></span> <span class='ocrx_word' id='word_1_802' title='bbox 489 5131 520 5184; x_wconf 81' lang='grc' dir='ltr'>ὡς</span> <span class='ocrx_word' id='word_1_803' title='bbox 530 5127 569 5176; x_wconf 80' lang='grc' dir='ltr'><strong>διαί</strong></span> <span class='ocrx_word' id='word_1_804' title='bbox 577 5145 637 5184; x_wconf 88' lang='grc' dir='ltr'><strong>τινος</strong></span> <span class='ocrx_word' id='word_1_805' title='bbox 648 5129 759 5190; x_wconf 74' lang='grc' dir='ltr'><strong>τιμωρίας</strong></span> <span class='ocrx_word' id='word_1_806' title='bbox 772 5131 787 5177; x_wconf 82' lang='grc' dir='ltr'><strong>θ</strong></span> <span class='ocrx_word' id='word_1_807' title='bbox 799 5131 864 5194; x_wconf 73' lang='grc' dir='ltr'><strong>ψυχὰ</strong></span> <span class='ocrx_word' id='word_1_808' title='bbox 875 5135 909 5192; x_wconf 87' lang='grc' dir='ltr'><strong>τῷ</strong></span> <span class='ocrx_word' id='word_1_809' title='bbox 919 5132 1011 5192; x_wconf 85' lang='grc' dir='ltr'><strong>σώματι</strong></span> <span class='ocrx_word' id='word_1_810' title='bbox 1057 5135 1145 5189; x_wconf 79' lang='grc' dir='ltr'><strong>λέοντες</strong></span> <span class='ocrx_word' id='word_1_811' title='bbox 1155 5134 1204 5181; x_wconf 86' lang='grc' dir='ltr'>κτλ.</span> <span class='ocrx_word' id='word_1_812' title='bbox 1222 5153 1234 5176; x_wconf 81' lang='grc' dir='ltr'><strong>ν</strong></span> <span class='ocrx_word' id='word_1_813' title='bbox 1251 5131 1305 5181; x_wconf 83' lang='lat' dir='ltr'>vti.</span> <span class='ocrx_word' id='word_1_814' title='bbox 1319 5145 1367 5180; x_wconf 80' lang='lat' dir='ltr'>vsa.</span> <span class='ocrx_word' id='word_1_815' title='bbox 1381 5134 1495 5181; x_wconf 80' lang='lat' dir='ltr'>ata-its.</span> 
     </span>
     <span class='ocr_line' id='line_1_58' title="bbox 237 5198 1836 5266; baseline 0.003 -23"><span class='ocrx_word' id='word_1_816' title='bbox 237 5198 383 5252; x_wconf 81' lang='grc' dir='ltr'><strong>συνέζευκται</strong></span> <span class='ocrx_word' id='word_1_817' title='bbox 404 5200 443 5246; x_wconf 84' lang='grc' dir='ltr'>καὶ</span> <span class='ocrx_word' id='word_1_818' title='bbox 463 5199 566 5262; x_wconf 82' lang='grc' dir='ltr'><strong>καθάπερ</strong></span> <span class='ocrx_word' id='word_1_819' title='bbox 590 5201 613 5248; x_wconf 73' lang='grc' dir='ltr'><strong>ἐν</strong></span> <span class='ocrx_word' id='word_1_820' title='bbox 638 5201 726 5261; x_wconf 76' lang='grc' dir='ltr'><strong>σάματι</strong></span> <span class='ocrx_word' id='word_1_821' title='bbox 748 5201 824 5263; x_wconf 86' lang='grc' dir='ltr'><strong>τούτῳ</strong></span> <span class='ocrx_word' id='word_1_822' title='bbox 837 5201 957 5252; x_wconf 88' lang='grc' dir='ltr'><strong>τίθαπται,</strong></span> <span class='ocrx_word' id='word_1_823' title='bbox 976 5205 1011 5251; x_wconf 88' lang='lat' dir='ltr'>De</span> <span class='ocrx_word' id='word_1_824' title='bbox 1090 5205 1127 5266; x_wconf 91' lang='grc'>10)</span> <span class='ocrx_word' id='word_1_825' title='bbox 1141 5205 1252 5252; x_wconf 79' lang='lat' dir='ltr'>Clemens</span> <span class='ocrx_word' id='word_1_826' title='bbox 1265 5201 1439 5252; x_wconf 72' lang='lat' dir='ltr'>Alexandrinus</span> <span class='ocrx_word' id='word_1_827' title='bbox 1457 5203 1569 5250; x_wconf 84' lang='lat' dir='ltr'>Sircmtl.</span> <span class='ocrx_word' id='word_1_828' title='bbox 1585 5198 1626 5250; x_wconf 91' lang='lat' dir='ltr'>lib.</span> <span class='ocrx_word' id='word_1_829' title='bbox 1642 5200 1685 5260; x_wconf 90' lang='lat' dir='ltr'>lV,</span> <span class='ocrx_word' id='word_1_830' title='bbox 1703 5212 1725 5262; x_wconf 86' lang='lat' dir='ltr'>p.</span> <span class='ocrx_word' id='word_1_831' title='bbox 1742 5201 1784 5248; x_wconf 76' lang='lat' dir='ltr'>sti</span> <span class='ocrx_word' id='word_1_832' title='bbox 1800 5199 1836 5248; x_wconf 80' lang='lat' dir='ltr'>(it</span> 
     </span>
    </p>
   </div>
   <div class='ocr_carea' id='block_1_4' title="bbox 0 0 1924 5924">
    <p class='ocr_par' dir='ltr' id='par_1_4' title="bbox 0 0 1924 5924">
     <span class='ocr_line' id='line_1_59' title="bbox 0 0 1924 5924; baseline 0 5"><span class='ocrx_word' id='word_1_833' title='bbox 0 0 1924 5924; x_wconf 95' lang='lat' dir='ltr'> </span> 
     </span>
    </p>
   </div>
  </div>
 </body>
</html>
