3690 5924
202 446 261 496 αιι
845 435 895 494 DE
917 433 1168 497 tuxxtsonx.

193 569 287 626 lentia
314 564 478 625 inviderent
499 585 620 640 eamque
643 586 762 644 quoquo
786 568 872 625 modo
894 569 972 628 labe·
1022 569 1181 644 fragmenta
1196 568 1253 644 (ιο)
1270 581 1326 626 tam
1342 580 1473 625 accurate
1494 569 1635 626 recensita
1649 588 1727 644 quam
1743 569 1783 630 di·

195 656 299 712 lactare
315 654 463 732 cupientes
482 653 578 711 virum
596 657 670 711 bene
686 653 722 710 de
736 655 829 730 patria
842 656 973 712 meritum
1021 658 1142 730 ligenter
1166 674 1306 713 conversa
1325 675 1341 712 e
1366 655 1517 732 Simplicio
1540 657 1616 714 inira
1636 657 1783 716 asseremus.

195 742 350 818 impietatis
366 753 547 811 accusarent,
566 740 643 816 quod
666 741 789 814 patriam
806 740 974 815 religionem
1021 743 1101 800 'l'alis
1126 745 1223 820 ‹qieris
1248 743 1355 799 mentio
1380 743 1411 798 [it
1433 743 1517 798 etiarn
1542 742 1618 818 apud
1642 743 1784 816 Diogenem
1843 769 1844 808 ς

196 844 224 887 et
238 830 380 906 majorum
397 847 476 885 sacra
496 841 707 898 contemneret,
722 849 786 886 cum
811 828 904 904 iisque
924 828 976 884 ho·
1024 827 1168 887 laertium
1184 828 1237 887 lib.
1254 829 1293 898 ll,
1307 829 1325 884 6
1337 829 1407 906 (τι),
1424 829 1474 903 qui
1487 847 1551 894 eum
1564 848 1651 884 unum
1664 829 1788 887 (laniarat
1844 830 1845 865 ³

198 916 327 974 minibus
343 917 545 973 commercium
557 915 676 974 haberet
687 917 737 993 qui
750 936 840 974 novos
853 917 923 974 deos
936 917 978 973 in·
1023 917 1159 974 volumen
1174 915 1227 975 lib.
1244 916 1268 985 l,
1289 918 1322 971 16
1336 915 1500 989 divulgasse
1521 929 1621 972 auctor
1634 930 1685 972 est.
1701 917 1788 992 h'cqne
1839 901 1844 958 l

197 1003 351 1072 ducerent,
368 1003 518 1059 manifesto
530 1002 586 1059 hoc
601 1003 710 1059 crimen
726 1003 761 1059 ad
778 1003 976 1076 Anaxagoram
1024 1003 1144 1060 dubium
1159 1005 1230 1080 quin
1246 1005 1276 1061 in
1293 1003 1348 1060 hoc
1368 1003 1403 1060 de
1427 1001 1514 1060 rebus
1529 1003 1706 1060 naturalihus
1719 1027 1788 1059 ινιιιι-
1843 995 1844 1008 ³

197 1109 293 1148 retum
319 1102 427 1146 naturae
457 1089 642 1165 interpretem
678 1089 852 1166 pertinebat.
880 1089 978 1165 Neque
1025 1092 1165 1148 mentario
1180 1111 1279 1148 causas
1294 1091 1466 1148 collustrata
1481 1104 1509 1147 et
1536 1089 1789 1148 obumbratahma

198 1177 275 1234 enim
297 1177 449 1250 ignoscere
464 1176 581 1233 volebat
599 1176 747 1232 hominnm
771 1177 891 1233 istorum
912 1197 979 1253 pra·
1026 1177 1198 1248 reddiderit,
1219 1177 1362 1254 siquidem
1387 1177 1417 1234 id
1440 1190 1639 1250 argumentum
1662 1192 1752 1253 aperte
1766 1195 1789 1234 et

198 1265 461 1338 vitasAnaxagorae
470 1265 603 1320 statuenti
616 1265 653 1338 (8)
664 1277 691 1320 et
701 1265 857 1320 soleruesse
867 1265 978 1337 igneam
1026 1265 1160 1323 audacter
1183 1265 1220 1323 ab
1241 1285 1276 1322 eo
1297 1277 1446 1322 tractatum
1472 1283 1534 1320 esse
1558 1265 1725 1322 Plutarchus
1741 1269 1787 1335 [rai

201 1351 271 1408 ferri
298 1370 419 1408 massam
442 1362 470 1407 et
492 1350 565 1406 hanc
585 1370 680 1408 rerum
704 1369 868 1427 compagem
897 1363 981 1426 atque
1027 1352 1171 1410 memoriae
1196 1355 1305 1430 prodit.
1326 1356 1361 1411 At
1377 1373 1392 1410 a
1410 1353 1528 1430 physica
1541 1354 1654 1408 ratione
1670 1352 1790 1408 ahhorrct

199 1437 416 1495 universitatem
440 1437 510 1494 olim
537 1456 624 1494 rmum
649 1438 679 1494 in
704 1457 809 1514 corpus
833 1439 979 1494 confusam
1027 1440 1141 1498 libellus
1167 1441 1203 1498 de
1222 1442 1395 1517 quadratura
1419 1441 1521 1498 circuli
1543 1461 1628 1518 quem
1652 1443 1678 1498 ei
1700 1443 1790 1498 trihnit

202 1524 291 1582 fnisse
313 1545 365 1581 nec
388 1525 456 1602 nisi¹
469 1537 563 1580 mente
587 1524 736 1600 paullatim
762 1523 923 1580 ordinatam
945 1525 979 1581 ad
1026 1526 1197 1584 Plutarchus
1214 1529 1271 1602 (ιδ)
1292 1528 1333 1585 De
1350 1529 1454 1585 exsilio
1475 1547 1536 1604 cap.
1556 1549 1602 1602 17,
1616 1528 1647 1584 in
1663 1549 1790 1584 carrarca

202 1629 264 1668 eant
290 1631 376 1688 quam
403 1611 579 1669 admiramur
604 1610 848 1687 pulchritudinem
880 1629 980 1686 perre·
1026 1613 1209 1670 Clazomenio
1223 1614 1397 1691 philosopho
1412 1614 1607 1689 conscriptum
1623 1633 1685 1670 esse
1696 1613 1789 1668 dicens.

201 1700 288 1758 nisse.
311 1700 493 1775 Quapropter
515 1698 688 1773 simulatque
710 1696 837 1754 Pericles
861 1715 891 1753 se
917 1717 980 1752 curn
1027 1700 1052 1756 T
1053 1703 1156 1757 artium
1172 1703 1347 1774 Anaxagorae
1362 1719 1435 1776 opus
1456 1712 1594 1758 memorat
1609 1698 1752 1755 Vitruvius
1767 1701 1790 1754 in

203 1787 374 1858 Anaxagora
384 1786 413 1842 in
428 1785 555 1860 periculo
567 1783 678 1841 versari
693 1783 906 1852 animadvertit,
920 1783 982 1858 ipse
1029 1788 1197 1863 prelatione
1211 1787 1247 1844 ad
1259 1787 1311 1844 lib.
1322 1787 1372 1842 Vll
1386 1787 1421 1843 de
1431 1785 1621 1842 architectura
1632 1785 1678 1842 his
1690 1785 1790 1840 rcrhis:

203 1872 318 1946 quidem
342 1872 526 1928 inimicorum
550 1871 671 1928 insidias
694 1870 810 1944 elingit,
829 1873 982 1943 Anaxago·
1031 1901 1043 1922 ι
1060 1877 1189 1949 Namque
1207 1875 1334 1951 primum
1361 1873 1571 1946 Agatharchus,
1598 1871 1729 1947 dischylo
1749 1873 1791 1926 do·

203 1977 263 2014 ram
290 1977 358 2014 vero
372 1958 412 2014 ita
428 1970 536 2015 tantum
554 1959 654 2034 capitis
669 1957 839 2014 discrimine
852 1977 888 2013 ex
903 1958 981 2013 trare
1029 1971 1109 2015 cente
1123 1959 1309 2033 tragaediam,
1325 1977 1438 2016 scenam
1453 1958 1518 2015 lecit
1532 1971 1559 2014 et
1571 1957 1605 2014 de
1617 1976 1651 2016 ea
1664 1977 1794 2014 cornmen-

203 2043 983 2122 plebisiuvidiaortoliberavit,utejusconsuetudinis
1029 2046 1133 2102 tarium
1159 2047 1287 2122 reliquit.
1322 2045 1421 2102 Exeo
1448 2045 1549 2103 moniti
1574 2046 1750 2102 Democritus
1771 2059 1793 2100 et

204 2134 344 2188 suavitate
359 2134 388 2189 in
405 2152 461 2206 qua
474 2151 525 2206 per
539 2132 645 2188 nudtos
655 2133 838 2207 acquieverat
848 2149 939 2187 annos
954 2150 984 2188 se
1030 2135 1216 2208 Anaxagoras
1240 2135 1275 2192 de
1293 2135 1391 2191 eadem
1407 2154 1437 2190 re
1460 2134 1654 2211 scripserunt,
1671 2133 1793 2209 quemad-

204 2225 267 2295 ipsc
287 2221 416 2295 privaret
430 2238 554 2294 eumque
580 2219 652 2276 clam
676 2219 796 2276 Athenis
818 2217 982 2276 abduceret.
1030 2221 1146 2277 modum
1174 2233 1305 2298 oporteat
1333 2221 1368 2278 ad
1404 2223 1494 2278 aciem
1528 2221 1678 2278 oculorum
1708 2219 1794 2276 radio-

203 2305 268 2373 Quo
283 2305 355 2362 lacto
370 2306 555 2378 Anaxagoras
570 2304 756 2382 Lampsacum
776 2306 922 2384 prolectas
941 2305 983 2362 ibi
1029 2326 1151 2384 rumque
1176 2309 1373 2366 extensionem
1392 2320 1468 2364 certo
1490 2308 1553 2365 loco
1574 2321 1673 2366 centro
1700 2307 1792 2363 consti·

203 2394 280 2449 diem
297 2413 380 2450 suum
399 2391 473 2450 obiit
489 2395 541 2468 (μ).
1030 2405 1108 2462 tuto,
1125 2395 1216 2451 lineas
1231 2395 1344 2452 ratione
1364 2395 1487 2452 naturali
1503 2395 1694 2472 respondere,
1711 2399 1748 2450 nti
1766 2395 1794 2448 de

245 2480 374 2537 'l'ranseo
394 2480 429 2537 ad
452 2479 515 2555 ejus
540 2480 646 2556 scripta
661 2501 785 2556 quorum
805 2480 842 2538 de
864 2499 985 2538 numero
1030 2481 1793 2556 incertarecertaeimaginesaedilicioruminscenarum

205 2567 281 2623 inter
295 2585 325 2622 se
342 2566 516 2623 dissentiunt
534 2579 655 2624 veteres.
671 2567 712 2623 Ac
725 2568 851 2642 primum
868 2567 984 2642 quidem
1030 2566 1151 2642 picturis
1168 2566 1322 2624 redderent
1346 2568 1490 2644 speciem,
1506 2581 1534 2625 et
1555 2588 1617 2644 qua
1641 2569 1671 2625 in
1693 2568 1795 2624 directis

189 2651 312 2711 'librum
323 2652 462 2710 dererum
473 2666 574 2710 natura
585 2653 774 2730 compositum
786 2651 888 2724 edidit,
902 2651 948 2729 cuj
954 2671 986 2710 us
1031 2653 1183 2730 planisque
1209 2653 1354 2711 frontibus
1381 2665 1448 2711 sunt
1475 2655 1610 2729 figurata,
1634 2655 1692 2712 alia
1711 2655 1797 2710 absce-

237 2923 270 2983 (ti)
286 2924 401 2986 Diogenes
419 2924 527 2974 Laertius
545 2925 587 2974 lib.
607 2925 646 2985 ΙΙ,
668 2927 742 2974 tati
759 2943 765 2972 ι
782 2923 877 2974 Σωτίων
890 2925 932 2984 μέν
942 2925 986 2988 γάρ
1031 2923 1168 2992 Περικλέους
1182 2929 1308 2994 ῥητορείας.
1321 2929 1358 2979 ct.
1372 2930 1470 2979 Lucian.
1483 2929 1544 2978 iim.
1560 2931 1604 2990 ip.
1628 2935 1671 2978 tttt
1686 2931 1724 2978 ot.
1737 2933 1797 2979 iten-

205 3009 274 3054 ρησιν
286 2993 310 3042 iv
321 2997 349 3055 τῇ
359 2994 457 3056 διαδοχῇ
471 2999 517 3042 τῶν
529 2993 670 3056 φιλοσόφων,
680 2995 727 3043 ύπό
740 2995 844 3049 Κλέωνος
855 2995 923 3043 αὐτόν
935 2994 986 3044 θεοε-
1031 2999 1137 3047 sierhut.

206 3064 270 3119 &iat
279 3065 399 3126 κριθῆναι,
413 3065 470 3112 διότι
480 3065 519 3114 τόν
531 3066 596 3120 ἣλιοι
608 3065 693 3127 μύδρον
704 3063 767 3123 llere
776 3063 892 3125 διάπυρον·
905 3063 987 3113 ἁπολο-
1062 3069 1097 3129 (9)
1114 3069 1230 3130 Diogenes
1246 3071 1356 3118 Laertius
1370 3069 1410 3117 tth.
1424 3070 1456 3128 il,
1469 3071 1494 3116 tt
1507 3082 1513 3114 :
1524 3068 1563 3114 καί
1574 3069 1638 3122 τέλος
1656 3067 1797 3131 αἰιταχωρτζοας

205 3137 338 3198 γησαμένου
352 3135 376 3182 δὲ
385 3135 442 3196 ὑπὲρ
453 3135 525 3183 αότοθ
536 3136 672 3196 Περικλέους
680 3137 722 3182 τοῦ
736 3135 855 3192 μαθητοῦ,
867 3135 934 3182 πέντε
945 3150 986 3182 τα·
1031 3137 1063 3192 είς
1076 3137 1214 3199 Λάμψακον,
1228 3139 1308 3186 αὐτόθι
1320 3138 1482 3199 κατέστρεψεν.

206 3205 295 3260 λα’ντοις
306 3207 446 3266 ζημιωθῆναι
458 3204 497 3250 καί
509 3204 684 3263 φυγαδευθῆναι.
698 3201 796 3264 Σάτυρος
806 3201 828 3248 δ’
837 3203 860 3249 όν
869 3207 917 3254 τοῖς
928 3201 987 3262 βίοις
1062 3197 1111 3260 (10)
1120 3199 1188 3248 Prius
1197 3201 1341 3258 Anaxagorae
1352 3197 1497 3247 Glazattteuii
1506 3195 1635 3256 fragmenta
1643 3196 1681 3245 ed.
1690 3199 1716 3246 E.
1723 3197 1798 3245 Stltau·

205 3273 252 3322 ύπό
266 3273 410 3322 θουκυδίδου
423 3273 491 3331 φησίν
504 3273 639 3334 εῑσαχθῆναι
658 3272 699 3328 τῆν
711 3271 785 3326 δίκην,
799 3271 987 3318 ἀντιπολιτευσα-
1032 3265 1100 3316 harh.
1124 3268 1209 3330 Lipsiae
1228 3273 1296 3327 1827ς
1316 3275 1464 3326 anaxagora
1489 3267 1633 3313 Clazomenii
1657 3271 1682 3315 ci
1704 3268 1799 3318 Dioarnis

207 3345 276 3405 μόνον
299 3347 333 3404 τῷ
342 3344 462 3406 Περικλεῖ,
476 3343 516 3390 καὶ
534 3342 561 3390 οὐ
582 3341 651 3403 μόνον
663 3339 785 3402 doctrice,
796 3339 854 3387 ἀλλὰ
867 3339 906 3387 καὶ
921 3341 988 3401 μηδι-
1032 3337 1187 3397 Apolloniatas
1200 3339 1330 3399 fragmenta
1340 3337 1528 3388 reaerrstritGuii.
1541 3337 1642 3386 Schera.
1654 3339 1798 3385 Bannatia.

206 3417 281 3474 σμαῦ,
291 3414 330 3460 καί
341 3411 428 3460 ἀπόντα
441 3413 636 3468 καταδικασθῆναι
649 3409 747 3458 θανάτου
760 3446 766 3458 .
779 3444 784 3456 .
798 3444 804 3456 .
819 3409 951 3470 Ἕρμιππος
966 3410 986 3456 δ’
1065 3407 1085 3468 (1
1093 3407 1113 3460 il
1126 3407 1616 3470 [1103111311.Π,ύςὰμξαίμενοςοότωτοῦ
1626 3409 1799 3467 caneda-saraa.

206 3483 229 3530 iv
240 3486 288 3536 τοῖς
303 3481 361 3543 βίοις
371 3479 449 3542 φησίν,
461 3481 496 3527 ότι
507 3479 630 3541 καθείρχθη
641 3479 664 3528 ἐν
671 3484 705 3541 τῷ
717 3480 869 3546 δεσμωτηρίῳ
883 3480 987 3538 τεθνηξό·
1033 3477 1046 3524 ό
1065 3477 1126 3526 ἐστιν
1142 3479 1215 3536 ῆδέως
1231 3479 1271 3526 καί
1290 3477 1463 3540 μεγαλοφρόνως
1481 3475 1661 3536 ἡρμηνευμένον.
1678 3477 1714 3522 id.
1731 3477 1769 3522 hh.
1785 3478 1799 3532 i,

207 3567 282 3612 μενος.
300 3552 411 3614 Περικλῆς
424 3550 448 3598 δὲ
464 3551 584 3611 παρελθὼν
603 3550 675 3610 εἶπεν,
693 3549 714 3598 εί
730 3566 751 3596 τι
771 3549 866 3611 ἔχουσιν
885 3550 988 3608 ἐγκαλεῖν
1035 3551 1062 3594 16
1079 3560 1085 3592 :
1100 3547 1122 3594 ο1
1132 3546 1243 3594 atrata
1259 3547 1432 3608 συγγράψαντες
1443 3545 1571 3600 Μέλισσος,
1587 3546 1743 3608 Παρμενίδης,
1753 3543 1800 3590 ha

206 3621 269 3680 αύτῷ
281 3619 341 3666 κατὰ
352 3620 391 3666 τόν
404 3620 463 3681 βίονς
482 3618 547 3666 οὐδὲν
563 3618 587 3666 δὲ
604 3616 725 3676 εἰπόντων,
738 3619 784 3666 Καὶ
802 3620 846 3676 μῆν
864 3619 910 3680 ἐγώ
916 3655 925 3677 ,
935 3619 987 3682 ἔφη,
1034 3617 1140 3679 ξαγόρας.

205 3689 288 3736 τούτου
298 3689 398 3748 μαθητής
409 3689 465 3747 eiua.
476 3690 508 3749 μὴ
517 3687 557 3736 οὖν
569 3689 684 3741 διαδολαῖς
693 3689 826 3749 ἐπαρθέντες
838 3688 988 3745 ἀποκτείνητε
1065 3687 1113 3745 (ta)
1131 3684 1273 3733 Plutarchus
1286 3683 1337 3732 uic.
1349 3695 1401 3744 cap.
1416 3683 1444 3730 23
1456 3702 1462 3731 2
1474 3683 1503 3729 ‘0
1514 3683 1558 3744 γόρ
1570 3685 1660 3742 πρῶτος
1671 3682 1799 3740 σαςέστατνν

205 3759 245 3806 τόν
256 3759 385 3819 ἄνθρωπον,
403 3756 451 3806 ἀλλ’
466 3758 516 3818 ἐμοὶ
529 3759 659 3812 πεισθέντες
679 3757 753 3818 όρετε.
779 3759 818 3804 καὶ
836 3758 927 3820 ἀφείθη.
945 3760 989 3806 ούκ
1033 3771 1057 3803 τε
1068 3755 1161 3803 πάντων
1172 3756 1210 3802 καλ
1223 3753 1411 3816 θαρραλεώτατον
1422 3753 1473 3812 περὶ
1482 3754 1578 3809 σελήνης
1591 3757 1761 3810 καταυγασμῶν
1769 3749 1800 3794 καὶ

206 3827 304 3886 ἐνεγκὼν
316 3827 340 3874 δὲ
354 3827 395 3883 τὴν
409 3827 472 3889 θύραν
490 3827 573 3874 ἑαυτὸν
592 3827 709 3885 ἐξήγαγεν.
723 3827 812 3887 (ltttttttt
832 3829 988 3888 Lampsacum
1034 3827 1101 3878 σκιᾶς
1115 3823 1183 3883 λόγον
1197 3825 1228 3877 είς
1242 3825 1328 3885 γραρήν
1342 3823 1495 3881 καταθέμενος
1516 3821 1665 3880 Ἀναξαγόρας
1685 3822 1733 3868 οὐτ’
1746 3823 1800 3873 aava

206 3897 271 3943 altili.
287 3894 342 3942 vict.
354 3899 401 3943 nol.
416 3897 449 3957 a.)
463 3896 599 3957 ‘lesdarum
613 3897 637 3943 δὲ
651 3897 722 3957 ἐντῷ
736 3897 834 3958 δευτέρῳ
845 3902 891 3944 τῶν
902 3897 989 3959 σπορά-
1032 3891 1061 3952 ἦν
1081 3893 1192 3954 παλαιός,
1205 3893 1258 3941 οὔτε
1275 3895 1289 3940 ό
1309 3891 1375 3953 λόγος
1395 3893 1495 3950 ἔνδοξος,
1513 3890 1561 3937 sth'
1575 3889 1705 3952 ἀπόρρητος
1718 3891 1799 3948 iamim

208 3965 249 4022 δην
259 3965 431 4026 ὑπομνημάτων
443 3965 520 4024 φησίν,
532 3966 566 4014 ότι
577 3967 590 4013 ό
603 3967 714 4027 Περικλῆς
726 3967 858 4028 παρήγαγεν
870 3967 939 4013 αὐτόν
951 3966 988 4014 ἐντί
1033 3963 1063 4012 δι’
1073 3964 1156 4022 ὀλίγων
1170 3963 1210 4012 καί
1231 3963 1280 4022 μετ’
1295 3963 1413 4016 rhindrici:
1429 3963 1517 4019 τινὸςῆ
1534 3961 1638 4015 πίστεως
1657 3962 1761 4021 βαδίζων.
1779 3961 1799 4006 τί

206 4035 232 4082 τό
242 4035 399 4096 δικαστήριον,
410 4033 561 4098 διεῤῥυηκότα
570 4036 609 4082 καί
619 4036 702 4083 λεπτόν
713 4037 759 4084 ant
770 4035 851 4094 νόσου,
861 4037 922 4083 ὠστε
932 4036 988 4097 ε’λὲῳ
1033 4035 1077 4096 γόιρ
1087 4035 1205 4095 ἠνείχοντο
1216 4035 1269 4087 τούς
1281 4033 1391 4093 φυσικοὺς
1402 4033 1441 4079 καί
1460 4031 1647 4094 μετεωρολέσχας
1666 4033 1719 4078 τότε
1732 4034 1799 4078 καλω-
1842 4081 1843 4088 ,

207 4104 293 4166 μᾶλλον
305 4103 319 4160 ἢ
331 4104 405 4166 κρίσει
417 4103 535 4164 ἀφεθῆναι.
550 4103 690 4152 Plutarchus
704 4103 747 4151 vil.
765 4102 849 4150 Pericl.
866 4115 917 4164 cap.
937 4107 967 4150 31
981 4121 987 4151 ε
1034 4109 1127 4164 μένους,
1141 4107 1173 4158 ὡς
1186 4104 1217 4157 εἰς
1230 4103 1305 4157 αἰτίας
1317 4099 1415 4160 ἀλόγους
1429 4103 1468 4148 καὶ
1481 4101 1588 4159 δυνάμεις
1602 4102 1757 4162 ἀπρονοήτους
1769 4101 1800 4146 καὶ

205 4173 252 4222 Καὶ
263 4171 372 4234 ψήφισμα
383 4173 505 4229 Διοπείθης
518 4173 625 4235 ἔγραψεν,
636 4173 822 4232 εἰσαγγέλλεσθαι
834 4173 887 4228 τοὺς
899 4172 928 4218 τὰ
939 4173 988 4220 θεῖα
1033 4173 1241 4234 κατηναγκασμένα
1260 4172 1322 4228 πάθη
1346 4171 1502 4234 scarpim-m<
1523 4171 1577 4231 (leg.
1602 4169 1762 4232 ἀναρέροντας)
1781 4173 1800 4216 τό

207 4241 239 4300 μὴ
250 4240 421 4300 νομίζοντας,ῆ
439 4239 522 4300 λόγους
541 4243 593 4301 περὶ
612 4246 658 4287 τῶν
678 4241 807 4302 μεταρσίων
823 4241 987 4296 διδάσκοντας·
1034 4247 1102 4293 θεῖον.
1842 4265 1843 4292 t

206 4309 381 4371 ἀπερειδόμενος
394 4311 425 4364 εἰς
439 4312 553 4373 Περικλέα
567 4309 596 4358 δι’
608 4309 759 4370 Ἀναξαγόρου
770 4312 811 4367 τῆν
822 4311 932 4357 ὑπόνοιαν
943 4344 950 4358 .
962 4347 968 4360 .
980 4346 986 4356 .
1065 4317 1112 4372 (tut
1131 4313 1273 4361 Plutarchus
1285 4311 1315 4360 de
1326 4310 1415 4360 Exsilio
1423 4323 1474 4372 cap.
1489 4315 1515 4360 li
1528 4328 1534 4358 ι
1545 4309 1595 4358 ἀλλ’
1605 4310 1754 4372 Ἀναξαγόρας
1770 4311 1799 4368 μὲν
1842 4297 1843 4372 (

206 4379 358 4441 Ἀναξαγόραν
368 4381 392 4428 δὲ
404 4381 508 4440 ροόηθείς
518 4381 630 4441 ἐξέπεμψε
639 4381 678 4428 καί
690 4381 838 4443 προύπεμψεν
851 4382 877 4428 iit
892 4386 931 4438 τῆς
943 4381 987 4428 πό·
1032 4385 1056 4432 ἐν
1067 4388 1101 4445 τῷ
1111 4384 1261 4446 δεσμωτηρίῳ
1268 4383 1307 4430 τόν
1317 4387 1358 4430 τοῦ
1367 4382 1453 4428 κύκλου
1464 4383 1650 4443 τετραγωνισμὸν
1660 4383 1751 4442 ἐγραρε,
1761 4381 1773 4426 i.
1783 4394 1798 4426 e.
1842 4401 1843 4438 γ

206 4451 271 4502 λαως.
283 4451 317 4497 td.
328 4449 379 4499 h'ie.
398 4463 450 4510 cap.
464 4457 493 4498 at
507 4469 513 4497 ι
526 4450 676 4512 Ἀναξαγόραν
689 4453 805 4512 εἱρχθέντα
826 4450 889 4511 μόλις
911 4465 987 4512 περιε-
1032 4452 1125 4502 circali
1140 4451 1334 4514 quadraturam
1348 4450 1517 4508 describebat,
1534 4449 1598 4510 quod
1613 4451 1653 4497 atii
1673 4463 1722 4498 non
1736 4453 1762 4496 de
1778 4448 1800 4494 tt-

205 4519 321 4574 ποιήσατο
332 4521 451 4581 Περικλῆς.
462 4519 581 4568 Diodorus
594 4521 687 4567 Siculus
702 4522 758 4578 xit,
772 4525 816 4568 ³9:
830 4521 889 4581 Πρός
898 4520 986 4576 τούτοις
1033 4522 1112 4582 heito,
1126 4521 1166 4570 sed
1180 4521 1210 4568 de
1224 4519 1305 4568 tarmis
1317 4519 1464 4579 geometricis
1473 4517 1600 4578 accipiunt.
1611 4519 1683 4566 Cani.
1699 4519 1801 4566 ¹ttonturia

205 4587 230 4635 tt
239 4587 389 4650 Ἀναξαγόραν
405 4591 444 4636 τὸν
458 4591 569 4650 σοριστῆν
581 4589 719 4638 διδάακαλον
737 4589 792 4637 ὄντα
804 4589 939 4652 Περικλέους
955 4593 987 4646 ὡς
1035 4593 1100 4640 aaa
1112 4589 1193 4639 maid.
1209 4591 1252 4650 lp.
1268 4595 1328 4636 105:
1344 4607 1355 4628 τ
1369 4588 1388 4636 Π
1401 4593 1436 4634 est
1450 4585 1561 4648 prohahle
1571 4585 1801 4647 qu’duavagorc,qai

205 4657 334 4706 ἀοεύοῦντα
351 4660 383 4714 είς
407 4658 459 4713 τούς
480 4659 543 4713 θεούς
566 4658 745 4721 ἐσυκοφάντουν.
767 4659 883 4718 θονομίιοε
903 4663 986 4706 eontra
1032 4660 1089 4708 etait
1102 4660 1179 4708 hahiie
1191 4657 1327 4720 geometra,
1345 4659 1385 4704 sut
1401 4670 1427 4703 aa
1439 4656 1563 4716 praecarer
1577 4655 1617 4716 d'y
1640 4655 1699 4704 hire
1712 4671 1741 4703 un
1755 4657 1800 4702 Ιιινι-

205 4729 318 4790 Αμίοιι.1.
329 4731 352 4778 Π
366 4742 388 4790 μ.
404 4731 450 4778 492
462 4728 500 4777 ed.
515 4729 671 4788 itaverhamp.
686 4727 850 4790 ιἈναξαγὸρας
864 4729 888 4776 δὲ
901 4731 987 4784 litato·
1034 4733 1089 4776 teux
1104 4729 1230 4789 καττίτερος
1244 4729 1267 4788 ie
1282 4740 1344 4774 senx
1359 4726 1410 4774 dire
1424 4723 1481 4786 qu’ii
1495 4727 1535 4772 sut
1546 4724 1623 4772 evitrr
1634 4726 1745 4773 t'iitusion
1754 4725 1802 4770 «tant

205 4799 280 4858 μένεος
291 4795 328 4854 ῆν·
338 4798 386 4845 ἀλλ’
397 4797 449 4855 ὅτε,
459 4799 598 4859 νομιζόντων
606 4797 730 4855 Ἀθηναίων
740 4798 779 4843 τὸν
788 4797 852 4852 ἥλιον
861 4795 919 4843 εἶναι
927 4795 988 4857 θεόν,
1033 4811 1094 4846 nous
1112 4811 1186 4846 avons
1198 4802 1248 4846 tant
1266 4795 1425 4856 d'exemplas,
1440 4794 1536 4842 auriens
1551 4797 1575 4842 et
1596 4795 1704 4854 recorda,
1720 4802 1743 4844 rt
1756 4793 1800 4852 quit
1841 4817 1842 4844 t

205 4867 238 4916 ὅδ’
251 4867 320 4916 αὐτόν
334 4867 376 4927 ἔφη
395 4868 479 4930 μύδρον
495 4869 616 4938 διάπυρον,
635 4867 736 4915 θανάτου
754 4867 825 4914 αὐτόν
838 4863 891 4927 παρ’
909 4865 988 4928 ὀλίγας
1033 4879 1063 4914 ne
1077 4867 1156 4914 donna
1173 4879 1214 4926 pas
1227 4866 1286 4914 dans
1301 4866 1322 4912 ie
1336 4863 1438 4913 ridicule
1458 4865 1488 4914 de
1508 4878 1620 4926 proposer
1637 4865 1667 4911 de
1691 4867 1754 4912 raim
1768 4875 1801 4922 pa·
1841 4871 1842 4920 γ

204 4939 292 5000 ψόφους
304 4939 465 4998 κατέγνωσαν.
478 4935 663 4998 olympiodorus
677 4937 751 4986 seirat.
764 4937 787 4984 in
801 4935 872 4984 Arist.
888 4937 986 4985 hislam.
1034 4937 1171 4996 raiogismes
1191 4948 1284 4982 commo
1312 4947 1359 4982 une
1393 4933 1507 4981 veritahie
1528 4932 1632 4982 solution
1656 4933 1686 4980 de
1713 4947 1739 4981 ce
1758 4945 1801 4992 ρω-

204 5019 228 5068 tt.
241 5015 255 5057 is
270 5021 284 5056 tt
296 5026 301 5056 ε
317 5011 349 5064 ὡς
360 5009 400 5056 καὶ
413 5008 453 5056 τόν
464 5007 614 5070 Ἀναξαγόραν
624 5007 708 5068 μύδρον
720 5009 816 5055 καλέσαι
825 5008 865 5055 τόν
875 5005 939 5064 ἣλιον
949 5007 987 5055 διὰ
1034 5006 1119 5054 hieme.
1128 5023 1139 5046 ν
1149 5004 1215 5052 ldettt
1223 5017 1246 5065 μ.
1257 5009 1332 5052 itam
1341 5007 1379 5051 0n
1388 5002 1424 5051 dit
1434 5003 1490 5063 qu'il
1502 5002 1538 5066 s'y
1550 5015 1638 5062 arctina
1646 5001 1675 5050 de
1683 5003 1705 5050 la
1716 5003 1801 5064 quadra·
1841 5009 1842 5012 ’

204 5077 343 5139 riduaram
358 5084 398 5135 τῆς
409 5081 546 5140 πυρώσεως.
563 5079 644 5140 μύδρος
663 5077 706 5140 γάρ
720 5077 782 5125 ἐστιν
798 5078 984 5144 όπεπνρωμένος
1032 5079 1085 5125 iure
1098 5075 1129 5122 du
1144 5074 1235 5132 aercie;
1245 5088 1276 5122 on
1292 5072 1396 5133 n’ajouta
1413 5085 1453 5133 pas
1465 5071 1522 5132 qu'il
1534 5077 1589 5121 erut
1602 5073 1686 5120 i'aroir
1703 5075 1799 5124 tronvte,

205 5148 305 5210 σίδηρος.
314 5151 395 5197 διὸκαὶ
406 5148 575 5212 όἈναξαγόρας
586 5148 756 5210 ἐξωστρακίσθη
766 5148 845 5196 ἐκτῶν
854 5147 986 5210 Ἀθηναίων,
1032 5151 1056 5195 et
1069 5146 1085 5194 il
1100 5149 1136 5194 est
1150 5144 1263 5205 prohahle
1283 5157 1330 5206 que
1344 5143 1394 5191 cela
1411 5142 1500 5190 saluii
1516 5141 1538 5190 la
1553 5143 1682 5202 genuitate
1695 5143 1716 5189 ia
1728 5143 1798 5188 riema-

204 5219 237 5271 1νς
251 5219 354 5266 τοιοῦτόν
367 5219 609 5281 armamentaria.
622 5219 717 5280 ύσττρον
730 5218 750 5266 δ’
765 5219 877 5276 ἀνεκλήθη
895 5217 934 5266 διὰ
945 5223 986 5276 τῆς
1033 5219 1098 5266 νοτία
1108 5214 1137 5264 de
1151 5215 1267 5277 quelques
1277 5214 1398 5264 nouvelles
1411 5212 1541 5274 proprittes
1554 5213 1583 5262 de
1597 5215 1660 5262 cette
1672 5213 1773 5274 Agma·
