3690 5924
670 407 719 466 na
739 407 898 467 zauoua.
1537 427 1594 480 γη,

26 558 171 609 nestantam
193 557 358 602 meruerunt
382 541 514 615 laudem,
529 553 561 600 ut
576 541 705 598 omnium
725 559 776 598 ore
824 539 964 598 destinata
985 540 1102 598 alteram
1127 560 1164 598 ex
1191 541 1352 618 equalibus
1378 545 1438 603 illis
1465 547 1596 622 partibus

26 633 212 712 argumentatio
223 630 354 709 Ἀχιλλεὺς
375 631 417 706 (7)
440 630 516 688 dicta
530 641 558 686 et
571 629 660 686 altera
674 629 777 706 διχστο-
826 637 951 684 transeat
971 645 1086 684 necesse
1099 640 1157 701 est,
1179 642 1331 705 antequam
1355 631 1492 690 ulteriora
1511 647 1599 710 petat.

26 726 63 800 μία
76 722 211 780 nominata
224 717 429 778 celebraretur.
473 717 543 775 Nam
562 735 649 792 quum
669 714 774 771 Eleati-
824 712 928 771 Verum
939 713 1027 770 altera
1041 733 1107 790 pars
1121 713 1220 772 itidem
1233 717 1353 792 repetita
1364 717 1512 777 divisione
1523 739 1599 778 seca·

26 831 65 870 rus
83 811 126 866 ille
147 805 311 864 Palamedes
337 807 377 882 (8)
394 817 627 879 argumentorum
650 802 777 878 pondera
825 797 904 856 bitur
919 813 947 856 et
961 799 1105 876 quidquid
1119 816 1248 880 superest
1268 805 1323 862 viae
1342 805 1408 864 aliis
1431 819 1516 884 atque
1536 809 1602 867 aliis

26 899 128 975 spatium
149 894 324 962 sustulisset,
344 893 430 950 simul
453 903 561 950 motum
576 907 660 964 quem
676 905 777 944 omnes
825 885 1032 963 partitionibus
1055 887 1138 944 lactis
1162 886 1294 946 bilariam
1316 890 1516 950 distribuetur.
1560 893 1603 952 lta

26 1005 66 1062 prr
77 983 189 1060 spatium
211 981 274 1038 lieri
289 981 389 1038 dicunt
405 979 498 1036 allatis
516 975 678 1035 rationibus
692 972 729 1030 ab
744 993 778 1030 eo
824 987 963 1050 perpetuo
976 975 1062 1032 novis
1075 974 1163 1031 veluti
1177 977 1311 1034 cancellis
1323 979 1480 1055 interjectis
1491 999 1536 1038 res
1547 981 1602 1039 ista

26 1071 74 1128 tolli
88 1081 213 1146 parerat.
256 1065 354 1143 Neque
363 1085 434 1122 vero
444 1067 537 1124 solum
548 1060 731 1120 Parmenidis
743 1059 779 1116 de
824 1080 972 1136 nunquam
989 1061 1024 1117 ad
1039 1062 1192 1119 terminum
1208 1064 1367 1138 perveniet.
1410 1064 1541 1124 Secunda
1555 1087 1601 1125 ra·

27 1145 248 1212 Unosententiam
259 1152 437 1229 quotidianis
448 1148 631 1208 sermonibus
645 1159 673 1204 et
685 1145 778 1203 nobili
825 1148 866 1204 tio
894 1159 936 1202 est
968 1147 1091 1206 Achillis
1114 1149 1232 1205 nornine
1254 1163 1368 1219 notata,
1393 1153 1443 1228 qui
1469 1155 1602 1228 quamvis

26 1244 87 1302 libro
110 1243 144 1316 [ql
160 1241 304 1311 defendit,
330 1240 379 1297 sed
396 1240 494 1298 eadem
518 1238 604 1295 etiarn
624 1234 732 1292 similia
752 1245 780 1289 et
826 1233 966 1311 celeripes
990 1253 1139 1310 nunquam
1161 1233 1333 1292 testudinem
1350 1237 1511 1296 tardissime
1530 1241 1606 1298 ince-

26 1329 273 1400 dissimilia,unum
286 1340 314 1384 et
333 1327 527 1397 multa,mota
544 1338 572 1381 et
586 1325 705 1380 immota
718 1338 780 1376 esse
826 1319 939 1376 dentem
957 1334 1159 1397 consequetur.
1201 1321 1481 1399 Occupandnsenim
1497 1327 1604 1384 Achilli

27 1415 222 1474 demonstravit.
268 1413 327 1470 llac
349 1414 439 1486 igitur
460 1413 491 1470 in
505 1424 656 1484 utramque
671 1418 780 1484 partem
826 1419 870 1463 est
880 1407 979 1482 locus,
994 1407 1071 1464 unde
1084 1427 1195 1483 egressa
1211 1421 1273 1464 erat
1287 1409 1416 1484 testudo,
1432 1413 1602 1488 priusquam

27 1501 168 1580 disputandi
185 1499 394 1557 consuetudine
406 1497 569 1556 introducta
585 1495 688 1552 merito
705 1491 782 1549 a'l'i·
826 1493 962 1570 progredi
985 1507 1078 1570 queat.
1119 1494 1203 1563 Quod
1217 1496 1354 1572 quoniam
1373 1497 1530 1555 identidem
1550 1519 1606 1556 ne·

28 1607 94 1645 none
110 1587 234 1644 Phliasia
250 1585 311 1664 (ro)
333 1583 580 1664 σἰμροτερόγλωσσος
598 1593 626 1637 et
646 1592 779 1654 tanquam
827 1586 980 1640 cessarium
996 1601 1059 1640 esse
1072 1601 1158 1639 nemo
1182 1602 1240 1640 non
1255 1583 1351 1654 videt,
1369 1604 1481 1661 semper
1498 1605 1607 1662 praece·

28 1677 128 1732 invictus
137 1674 299 1750 disputator
308 1671 375 1748 μέγα
386 1671 472 1735 σθένος
482 1665 683 1728 οὐκσίλαπαδνθν
697 1685 782 1722 voca·
828 1668 896 1726 dere
908 1669 1078 1726 testudinem
1092 1680 1223 1746 apparet.
1265 1668 1391 1728 Tertiam
1407 1673 1545 1729 rationem
1563 1674 1606 1731 sic

29 1775 62 1817 tus
80 1772 126 1818 est.
166 1759 309 1815 Caeterum
335 1757 473 1834 διχοτομία
492 1757 554 1813 sive
582 1752 728 1811 divisione
752 1751 781 1808 in
828 1756 990 1826 concludit,
1010 1769 1042 1813 ut
1062 1756 1309 1833 sagittam,quum
1322 1758 1422 1829 lectur,
1436 1771 1509 1816 stare
1521 1761 1606 1818 affir-

29 1847 83 1904 duas
97 1864 194 1922 easque
208 1844 334 1921 aequales
345 1857 450 1921 partes,
460 1861 545 1919 quam
557 1839 781 1918 bipartitamdi·
827 1857 892 1901 met.
934 1844 1078 1902 Nimirum
1109 1845 1135 1902 si
1160 1846 1298 1922 temporis
1322 1848 1540 1924 perpetuitatem
1567 1867 1603 1906 ειι

30 1935 145 1990 visionem
160 1950 265 1989 vocare
281 1933 501 2000 consuevimus,
516 1930 557 1986 ita
574 1945 644 1985 usus
661 1938 721 1994 est,
747 1937 779 1982 ut
827 1931 950 1989 infinitis
970 1932 1087 2010 punctis
1107 1933 1274 2003 conflatam,
1288 1935 1374 2011 spatii
1388 1937 1604 1994 continuitatem

30 2019 196 2077 ininsmitum
221 2017 470 2094 progrediendum
488 2035 551 2073 esse
566 2016 690 2073 doceret.
734 2014 782 2072 Sic
826 2037 860 2075 ex
875 2020 999 2077 inlinitis
1014 2013 1144 2096 partibus
1161 2021 1289 2078 ellectam
1305 2041 1367 2079 esse
1380 2021 1602 2098 dicas,qu0vis

30 2105 153 2180 quodlibet
166 2124 273 2182 corpus
287 2125 323 2162 ex
337 2102 601 2162 innumerabilibus
623 2121 782 2179 corpuscu-
826 2107 966 2184 temporis
985 2120 1092 2184 puncto
1109 2107 1211 2182 sagitta
1230 2110 1363 2182 exiguam
1374 2109 1460 2186 spatii
1475 2111 1605 2186 particu-

31 2195 56 2250 lis
66 2193 243 2270 compositum
259 2194 362 2266 ingens
374 2191 532 2252 videbitur.
575 2191 664 2266 Atqui
677 2211 782 2267 corpu·
827 2193 882 2249 lam
893 2207 993 2252 tenens
1004 2214 1062 2250 non
1075 2208 1217 2266 movetur,
1228 2195 1278 2254 sed
1292 2197 1425 2271 quiescit.
1467 2197 1605 2266 Quartam

31 2283 90 2336 ιιιιΙα
104 2281 150 2336 il'a
171 2292 296 2357 propter
322 2279 493 2356 parvitatem
516 2277 667 2334 oculorum
692 2277 782 2333 acient
827 2279 947 2357 subjicit
958 2282 1098 2339 rationem
1114 2301 1170 2356 qua
1185 2282 1361 2340 demonstret
1379 2283 1469 2360 duplo
1482 2286 1605 2363 tempori

32 2367 130 2438 lugiunt.
169 2365 311 2442 Sequitur
329 2377 460 2439 ergo,ut
476 2364 649 2440 compositio
668 2383 784 2440 quoqne
829 2367 981 2424 dimidium
993 2387 1055 2425 esse
1071 2387 1133 2444 par.
1175 2368 1240 2437 Quo
1255 2369 1285 2425 in
1298 2369 1489 2442 generabinis
1503 2391 1608 2448 corpo·

31 2473 107 2510 eorum
120 2453 271 2509 admodum
289 2471 377 2527 parva
393 2453 431 2508 sit
446 2455 491 2524 (Ἴ.
533 2449 597 2520 Jam
613 2451 637 2507 si
656 2449 685 2507 id
704 2449 783 2526 quod
829 2452 912 2510 ribus
923 2454 998 2511 inter
1011 2473 1041 2512 se
1056 2453 1177 2532 paribus
1192 2457 1284 2512 utitur
1302 2455 1386 2531 juxta
1403 2455 1473 2513 bina
1486 2477 1609 2534 corpora

31 2553 73 2606 cst,
89 2541 115 2595 in
135 2540 231 2614 aliquo
258 2539 354 2596 inesse
377 2538 544 2606 statuimus,
569 2548 646 2613 patet
671 2536 784 2592 minora
831 2552 898 2596 rtem
922 2541 1006 2616 paria
1029 2559 1151 2616 quorum
1176 2540 1298 2598 alterum
1318 2555 1462 2612 movetur,
1486 2542 1607 2601 alterum

31 2625 165 2701 majoribus
176 2625 334 2684 contineri.
376 2625 487 2694 Quodsi
499 2623 673 2681 divisionem
689 2623 721 2680 in
736 2623 783 2679 in·
830 2626 969 2700 quiescit,
985 2628 1134 2684 contrario
1148 2637 1226 2684 motu
1237 2670 1245 2697 ,
1258 2629 1309 2686 sed
1321 2629 1384 2705 pari
1395 2630 1539 2687 celeritate
1552 2644 1609 2688 sta·

31 2713 120 2770 linitum
133 2731 321 2789 persequare,
332 2711 459 2788 reperias
477 2711 602 2768 maxima
613 2729 735 2787 corpora
748 2709 783 2766 ad
832 2711 912 2770 dium
928 2712 1128 2783 currentibus,
1148 2713 1216 2771 binc
1238 2732 1254 2770 a
1271 2714 1349 2771 calce
1362 2714 1463 2788 stadii,
1484 2717 1565 2773 illinc
1591 2736 1607 2774 a

31 2800 140 2857 minimas
152 2799 325 2878 particulas,
339 2799 501 2857 vastissima
511 2799 573 2854 loca
585 2808 613 2854 et
627 2797 783 2855 immensos
831 2799 926 2857 medio
944 2799 1037 2857 stadio
1052 2801 1256 2882 proficiscendi
1272 2802 1359 2859 initio
1373 2801 1456 2860 sacto.
1497 2803 1560 2872 Qua
1573 2805 1609 2862 de

31 2904 124 2962 campos
135 2887 166 2943 ad
180 2888 352 2964 parvitatem
369 2899 454 2961 atque
467 2885 539 2942 adeo
549 2884 643 2960 ipsum
657 2885 781 2960 spatium
829 2904 861 2942 re
874 2904 970 2963 operae
987 2888 1112 2963 pretium
1129 2899 1171 2944 est
1186 2886 1287 2945 audire
1302 2888 1482 2965 Simplicium
1498 2893 1556 2962 (ιι)
1573 2892 1608 2948 ad
1627 2894 1630 2901 '

32 2974 91 3046 quod
102 2975 128 3030 in
139 2976 228 3051 spatio
237 2993 303 3032 esse
315 2993 373 3030 non
386 2985 479 3049 potest
491 2971 526 3029 ad
541 2971 665 3028 nibilum
677 2971 780 3044 redigi.
829 2973 948 3030 Aristot.
964 2972 1079 3050 Physic.
1090 2972 1142 3033 lib.
1152 2973 1189 3031 Vl
1202 2993 1293 3051 cap.9
1306 2993 1371 3052 pag.
1384 2977 1439 3048 ²37
1454 2979 1484 3046 b,
1501 2977 1607 3036 Scholl.

32 3058 63 3116 lta
72 3061 167 3136 rejecto
176 3063 272 3140 spatio
283 3080 398 3118 ornnem
410 3061 495 3117 etiam
506 3079 663 3136 corporum
675 3072 783 3116 motum
828 3059 874 3116 ed.
892 3059 1024 3119 Brandis.
1041 3079 1107 3137 pag.
1123 3061 1178 3127 413
1191 3080 1272 3137 seqq.
1285 3062 1326 3120 sic
1338 3062 1586 3140 philosophantem
1600 3085 1606 3121 ι

33 3149 153 3224 repudiari
164 3169 280 3208 necesse
290 3161 343 3208 est.
386 3148 456 3204 Nam
467 3148 491 3205 si
505 3167 564 3204 non
574 3159 618 3204 est
626 3145 677 3204 ubi
687 3164 785 3223 exspa·
831 3145 884 3204 Καὶ
898 3149 912 3202 l
926 3145 1048 3226 τέταρτος
1057 3149 1107 3203 τῶν
1117 3145 1177 3224 περλ
1188 3147 1316 3215 κινήσεως
1330 3153 1374 3206 τοῦ
1387 3147 1505 3218 Ζήνωνος
1516 3150 1609 3228 λόγων,

32 3235 117 3292 tiereet
127 3256 234 3306 curras,
247 3237 370 3294 omnino
384 3235 457 3292 nihil
470 3247 610 3309 moretur,
624 3233 674 3291 sed
684 3247 785 3296 cuncta
829 3236 864 3298 εἰς
878 3231 1004 3291 ἀδύνατον
1018 3233 1129 3310 ἀπσίγων
1142 3232 1187 3292 καλ
1199 3224 1271 3299 οὗτος
1281 3233 1312 3292 ab
1322 3225 1387 3292 εἶναι
1398 3237 1515 3308 κίνησιν,
1526 3243 1610 3294 τοιοῦ-

33 3321 165 3393 quiescunt.
204 3323 360 3400 Quodque
373 3313 656 3399 magispercpicuuni
668 3322 784 3380 audien·
829 3320 872 3386 τός
886 3345 924 3388 τις
938 3313 980 3394 ἦν.
1026 3325 1058 3382 El
1074 3321 1130 3380 ἔστι
1151 3322 1265 3394 κίνησις,
1283 3326 1334 3380 τῶν
1349 3323 1412 3384 (οων
1436 3329 1550 3402 μεγεθῶν
1564 3328 1609 3384 καὶ

34 3406 91 3466 tibus
101 3422 183 3481 esset,
197 3423 337 3486 quattuor
357 3409 521 3468 rationibus
537 3409 661 3486 probare
676 3406 786 3467 solebat
830 3410 962 3487 ἰσοταχῶν
975 3409 1006 3468 τὸ
1026 3412 1112 3487 ίτιρον
1128 3415 1173 3467 τοῦ
1186 3409 1275 3488 ίτίρου
1289 3411 1316 3467 lv
1329 3412 1368 3490 τῷ
1382 3413 1453 3489 αὐτῷ
1467 3414 1553 3491 χρόνῳ)
1567 3414 1609 3470 δι-

34 3501 119 3570 qnasin
127 3502 293 3576 fragmentis
302 3521 337 3559 en
346 3502 499 3559 Aristotele
507 3501 671 3559 asseremus.
687 3500 786 3559 Prima
830 3497 945 3554 πλσσίαν
957 3497 1059 3567 κίνησιν
1069 3496 1203 3566 κινήσεται
1215 3498 1261 3555 καλ
1271 3498 1317 3555 οὐκ
1329 3497 1396 3568 ἴσην.
1429 3499 1483 3557 Καὶ
1495 3498 1549 3557 ἔστι
1562 3501 1608 3575 μίν

35 3597 66 3640 ιιι
82 3607 131 3661 qua
152 3603 259 3647 ιιιιιισιιι
285 3590 317 3646 in
334 3589 502 3646 universnm
527 3585 654 3648 tollebat.
695 3587 786 3656 Quid·
830 3580 874 3639 καὶ
889 3587 964 3640 τοῦτο
979 3583 1094 3652 ἄτοπον,
1109 3582 1205 3642 ἄτοπον
1221 3583 1248 3641 δὲ
1261 3581 1307 3642 καὶ
1326 3583 1356 3642 τὸ
1369 3585 1452 3664 τούτῳ
1466 3585 1607 3658 ἑπόμενον.

35 3671 88 3740 quid
101 3673 182 3748 igitur
202 3676 238 3733 ad
252 3674 411 3732 terminum
432 3675 556 3748 aliquem
580 3686 786 3750 perventurum
830 3669 859 3726 τὸ
873 3669 918 3728 τὸν
941 3671 1018 3728 αὐτὸν
1032 3669 1077 3728 καὶ
1102 3669 1157 3728 1σον
1178 3668 1271 3746 χρόνον
1291 3669 1348 3745 ἅμα
1365 3670 1499 3729 διπλάσιόν
1521 3672 1609 3728 τεκαὶ

36 3755 131 3831 dicitur,
152 3763 231 3838 prius
250 3745 408 3820 dimidium
431 3761 489 3818 viae
509 3762 643 3819 conficiat
659 3773 787 3838 oportet,
830 3755 926 3833 ἥμισυν
939 3746 1014 3815 εἶναι.
1055 3756 1177 3815 Δείκνυσι
1191 3753 1218 3814 dl
1232 3756 1296 3814 σίιτδ
1307 3754 1511 3834 ὁμολογούμενον
1521 3757 1609 3815 λαθὼν

36 3861 101 3914 qnam
113 3861 194 3906 toturn
216 3852 274 3907 iter
290 3851 450 3906 emetiatur.
494 3851 531 3905 m
546 3849 697 3906 dimidium
714 3849 787 3907 illud
830 3844 860 3902 sb
872 3845 903 3901 πθ
916 3847 1026 3922 ἰσοταχῆ
1039 3845 1084 3903 καὶ
1098 3845 1142 3903 ἶσα
1153 3847 1179 3904 ίν
1193 3849 1232 3923 τῷ
1245 3844 1296 3924 (σῳ
1310 3843 1395 3924 χρόνῳ
1408 3844 1464 3904 ἴσον
1477 3845 1609 3920 διάστημα

36 3947 77 4002 pro
94 3945 147 3992 toto
170 3936 270 3994 haberi
299 3935 451 4006 convenit,
467 3936 536 4013 quia
559 3935 672 3994 duabus
693 3936 788 4013 iisque
832 3937 999 4006 κεκινῆσθαι,
1015 3933 1060 3991 κσ1
1077 3931 1116 3990 ἔτι
1129 3933 1218 4008 μέντοι
1231 3936 1284 3992 τῶν
1300 3935 1431 4012 ἰσοταχῶν
1444 3933 1490 3991 καλ
1504 3932 1567 3990 ἴσων
1578 3935 1609 3989 θν

37 4022 169 4092 equalibus
178 4023 312 4102 partibus
323 4036 444 4082 constat.
488 4021 563 4098 Ergo
574 4042 620 4080 res
631 4023 666 4079 ad
680 4036 787 4080 motum
832 4019 861 4078 τὸ
881 4018 928 4096 μὲν
941 4018 1024 4096 ἥμισυ
1047 4019 1076 4078 τὸ
1097 4019 1124 4078 δὲ
1149 4019 1287 4079 διπλάσιον
1314 4019 1354 4090 εἴη
1376 4021 1555 4097 κεκινημένον,
1584 4023 1609 4077 lv

61 4213 87 4265 ill
102 4215 208 4276 Diogenes
216 4219 326 4267 martios
336 4219 376 4267 lilt.
385 4221 428 4278 lll,
439 4223 469 4267 19
479 4231 484 4260 =
496 4217 570 4272 Οιλτος
581 4219 620 4266 καὶ
633 4219 673 4266 τὸν
685 4216 789 4278 Ἀχιλλέα
832 4218 848 4272 ἡ
862 4215 882 4262 ε1
891 4213 965 4263 πολλὰ
975 4213 1037 4262 ἔστιν
1051 4215 1066 4271 ἢ
1083 4215 1150 4271 ἢτοῦ
1162 4214 1343 4268 §vellamine
1355 4215 1440 4269 1κσινῶς
1458 4214 1550 4269 ἐπεξίοι.
1566 4215 1611 4261 Διὰ

37 4294 108 4336 ουτος
115 4285 177 4346 λόγον
189 4289 310 4348 ἠρώτησε·
323 4290 458 4350 Φαδισρῐνσς
475 4289 500 4337 δι’
517 4303 573 4348 φησι
587 4287 733 4348 Παρμενίδην
749 4287 790 4334 καί
832 4283 940 4339 τοιαύτην
954 4282 982 4338 δὴ
993 4283 1131 4342 φιλονεικίαν
1143 4283 1189 4330 coc
1200 4283 1253 4330 νέου
1268 4281 1332 4337 ὄντος
1343 4283 1401 4342 ἐμοῦ
1411 4283 1509 4345 ἐγράφη,
1521 4283 1561 4330 καί
1578 4297 1611 4336 τις

39 4349 104 4406 clleo<
115 4357 216 4417 συχνούς.
233 4359 271 4406 (Ἰ.
284 4357 418 4406 Aristotelis
428 4357 547 4418 ΡΙιγείεοτ.
558 4356 599 4405 lib.
612 4358 646 4405 l'l
661 4369 713 4418 cap.
728 4358 754 4404 tt
766 4357 791 4404 el
833 4352 890 4409 αὐτὸ
906 4351 988 4410 ἔκλεψε
997 4352 1095 4412 γραφέν,
1107 4352 1170 4400 ὥστε
1181 4350 1233 4399 οὐδὲ
1244 4353 1412 4414 βουλεύσασθαι
1425 4352 1550 4412 ἐξεγένετο,
1566 4351 1612 4400 alca

39 4416 86 4465 itlra
100 4421 230 4482 fragmenta.
240 4427 297 4476 Vld.
307 4428 379 4475 etiam
392 4427 461 4487 prael.
473 4425 502 4474 ad
517 4429 627 4474 Parmen.
833 4423 945 4478 ἐξοιστέον
955 4420 1011 4469 αὐτὸ
1021 4421 1053 4476 εἰς
1062 4421 1089 4467 τὸ
1099 4427 1145 4482 φῶς
1158 4421 1203 4470 εἶτε
1217 4422 1257 4484 μή.

63 4493 90 4550 18)
102 4495 262 4545 ctatoetrartr.
273 4511 295 4558 p.
305 4502 347 4545 tet
363 4497 448 4543 Mdv
456 4494 496 4542 οὖν
507 4494 637 4542 Ἐλεατικὸν
647 4493 791 4555 Παλαμήδην
865 4492 914 4552 (10)
926 4490 1066 4539 Plularclrus
1075 4493 1123 4539 vit.
1135 4491 1217 4539 Peticl.
1231 4492 1307 4551 capi
1320 4502 1327 4532 ι
1339 4490 1454 4546 Διήκουσε
1464 4489 1489 4536 δὲ
1498 4490 1611 4551 Περικλῆς

39 4559 116 4618 λεγοντα
124 4564 163 4612 οὐκ
170 4565 236 4627 ’ταμεν
245 4567 328 4628 τέχνη,
336 4567 398 4612 ὥστε
410 4565 486 4612 δοκεῖν
496 4563 669 4620 φαίνεσθαιτοῖς
679 4563 791 4610 ἀκούουσι
834 4562 873 4608 καὶ
883 4561 987 4617 Ζήνωνος
996 4563 1037 4607 τοῦ
1053 4561 1177 4617 Ἐλεάτου,
1186 4559 1408 4622 πραγματευομένου
1417 4557 1468 4618 περί
1485 4557 1565 4618 φύσιν,
1579 4561 1611 4610 ὡς

40 4630 62 4674 τὰ
75 4631 124 4678 αὐτὰ
134 4634 200 4694 ὃμοια
210 4637 250 4683 καὶ
260 4635 371 4696 ἀνόμοια,
381 4636 421 4681 καὶ
433 4635 457 4681 ἓν
471 4635 511 4681 καί
519 4632 610 4692 πολλὰ,
621 4632 717 4694 μένοντά
727 4647 752 4680 τε
762 4629 791 4679 αὖ
835 4629 994 4692 Παρμενίδης·
1013 4629 1145 4688 ἐλεγκτικὴν
1164 4630 1189 4677 δι’
1205 4645 1275 4685 τινα,
1291 4628 1332 4674 καὶ
1350 4626 1380 4674 δι’
1393 4626 1558 4684 ὶναντιολογίας
1579 4627 1611 4678 εἰς

40 4699 71 4744 *tl
83 4693 195 4762 φερόμενος
835 4699 931 4762 ἀπορίαν
942 4698 1127 4747 κατακλείουσαν
1141 4698 1309 4754 ἐξασκήσαντος
1324 4697 1382 4756 ἕξιν,
1393 4697 1472 4756 ῶσπερ
1480 4695 1519 4742 καὶ
1531 4695 1611 4752 Τίμων

67 4771 159 4824 (θλῑιιιο
171 4772 231 4832 apud
248 4773 367 4822 Platonem
386 4770 518 4820 Parmeuld.
533 4785 555 4832 p.
575 4770 792 4819 11θιἜστιδὲτό
835 4771 849 4818 θ
864 4769 977 4823 Φλιάσιος
1000 4769 1077 4830 ελρηκε
1095 4769 1133 4816 διὰ
1147 4769 1250 4816 τούτων·
1268 4766 1493 4829 ἀμφοτερογλώσσου
1510 4779 1535 4811 τε
1551 4765 1611 4825 μίγα

42 4848 61 4890 l!
70 4835 137 4892 litii:
145 4842 234 4902 βοήθειά
241 4859 274 4898 τις
284 4849 356 4890 ταῦτα
364 4843 393 4890 τὰ
403 4842 529 4904 γράμματα
537 4846 570 4902 τῷ
580 4841 723 4903 Παρμενίδου
729 4841 792 4903 λὸγιρ
836 4840 914 4894 σθένος
932 4839 975 4886 οὐκ
991 4839 1123 4887 ἀλαπαδνὸν
1145 4839 1265 4898 Ζήνωνος,
1280 4840 1372 4886 πσίντιον
1390 4838 1549 4898 ἐπιλήπτορος.
1571 4835 1610 4885 (ll.

43 4905 87 4963 11θέ
97 4909 144 4964 τοὺς
159 4912 323 4975 ἐπιχειροῦντας
337 4915 407 4960 αὐτὸν
425 4913 563 4975 κωμῳδεῖν,
579 4915 625 4969 ὡς,
641 4914 661 4960 εἰ
682 4913 707 4960 tv
726 4913 791 4970 ists,
838 4910 905 4966 11101.
920 4912 998 4958 lateri.
1014 4912 1061 4970 tx,
1077 4916 1107 4959 25
1119 4914 1143 4958 cl
1155 4909 1410 4970 Timottialtegmenle.

43 4975 153 5026 παλλακαὶ
170 4983 247 5038 γελοῖα
261 4984 380 5042 aspecire
397 4983 497 5044 πάσχειν
508 4987 542 5042 τῷ
561 4983 624 5044 λόγῳ
641 4984 681 5030 καὶ
701 4982 793 5030 1ναντία
868 4982 900 5042 (Ἴ
912 4983 962 5029 lloc
981 4979 1161 5040 argumentandi
1177 4991 1250 5039 genus
1263 4977 1370 5028 nonnulli
1387 4975 1449 5026 male
1469 4973 1612 5036 accipientes

45 5040 103 5118 dnp.
114 5045 217 5108 ίοτιλέγιι
227 5051 256 5107 δὴ
269 5050 309 5099 eli-a
321 5057 389 5100 τοῦτο
404 5053 431 5099 τὸ
442 5053 538 5114 γράμμα
547 5053 603 5115 πρὸς
616 5052 668 5106 τοὺς
681 5051 710 5099 τὰ
719 5051 794 5099 πολλὰ
838 5054 917 5100 Unum
928 5064 942 5099 a
955 5053 1049 5100 zenone
1061 5047 1204 5098 dlssolutum
1219 5061 1270 5098 esse
1283 5049 1404 5108 putarunt.
1416 5045 1452 5094 cl.
1462 5043 1611 5105 clentplir.

45 5107 132 5166 1ῑῖῡοται
142 5119 179 5164 καὶ
190 5117 356 5168 ἀνταποδίδωσι
368 5121 440 5169 cadri:
452 5124 491 5170 καί
504 5121 670 5179 πλείω,τοῦτο
680 5119 793 5182 βουλόμε·
838 5122 975 5181 inllelaplr.
988 5121 1039 5179 tt,t
1054 5131 1076 5178 p.
1099 5117 1190 5166 lssded·
1204 5117 1292 5166 Bouill.
1308 5118 1396 5164 Seneca
1413 5113 1489 5172 Epist.
1505 5116 1535 5162 θθ
1548 5115 1610 5164 extr.

46 5192 77 5222 ”ll
87 5181 208 5245 lateam
218 5189 251 5237 ίτι
262 5191 393 5251 γελοιότερα
409 5191 498 5252 πάσχοι
507 5193 536 5240 ἂν
548 5191 625 5238 αὐτῶν
642 5191 793 5251 ήθιιόθεσις,
870 5191 920 5253 (11)
937 5191 974 5238 Cl.
989 5193 1016 5238 P.
1029 5189 1095 5238 Belli
1110 5187 1189 5236 Lexie.
1203 5187 1257 5236 trist.
1274 5188 1299 5235 el
1315 5185 1369 5234 crit.
1386 5198 1411 5233 v.
1429 5188 1517 5234 zenon.
1531 5184 1566 5234 111.
1581 5185 1610 5230 Τ.
