3740 5916
272 376 325 427 uile
368 400 370 406 ι
873 367 1122 428 ARISTOTELIS
1145 369 1255 430 LIBER

269 496 342 556 ἄλλοι
351 499 468 564 κάκεῖνος
481 495 561 574 λέγει,
573 497 645 556 οὐδὲν
657 499 687 556 ἐκ
698 500 749 556 τῶν
760 497 902 576 εἰρημένων
911 499 982 576 αύτῷ
993 523 1043 556 κω-
1092 523 1145 572 νου,
1155 501 1209 558 εἰδ’
1222 499 1273 578 ἄρα
1283 501 1360 572 τινός,
1370 500 1399 558 ού
1408 497 1539 574 σώματος,
1553 495 1597 556 καί
1608 499 1630 556 εἰ
1641 499 1762 566 πολλῶν,
1773 519 1849 572 συμμι·

267 585 321 644 λύει
336 590 461 644 κινεῖσθαι
474 584 508 642 τὸι
522 584 684 664 πράγματα,
701 583 763 643 ὁταν
777 587 807 643 ἐκ
820 587 914 644 λευκοῦ
930 587 1010 662 μέλαν
1028 587 1045 658 ἦ
1091 587 1224 664 σγομένων
1237 587 1282 645 καί
1297 585 1498 666 διακρινομένων
1515 585 1645 655 ἀλλήλοις.
1690 584 1752 654 Τὴν
1764 583 1810 660 γίιρ
1822 593 1851 658 gni·

268 674 297 730 ἐκ
308 677 401 750 πικροῦ
414 671 522 750 γένηται
536 671 631 748 γλυκύ·
646 672 719 730 οὐδέν
734 671 784 750 γὸιρ
797 671 826 729 τὸ
843 671 880 747 μὴ
893 662 958 730 εἶναι
972 673 1045 730 κενὸν
1091 673 1127 742 ξιν
1150 673 1204 734 οὔτ’
1223 673 1406 752 ἔπιπρύσθτσιν
1431 672 1553 742 τοιαύτην
1580 663 1648 730 εἰναι
1668 670 1734 730 οὔτε
1758 672 1867 746 σύνθεσινθ

214 787 242 826 ³5
267 754 336 832 ’ὁμὴ
354 757 475 836 δέχεσθαι
494 757 524 816 τὸ
538 761 635 836 πλῆρες
656 759 823 817 ἀλλοιοῦσθαι
836 757 940 817 κωλύει.
961 758 1045 818 Ὥστε
1090 760 1157 826 εἰκὸς
1172 759 1229 820 οἵαν
1246 761 1330 838 λέγει,
1352 760 1419 818 ὥστε
1447 757 1464 830 ἢ
1485 759 1566 838 χωρὶς
1593 760 1665 825 εὐθὺς
1690 751 1770 829 εἰναι,
1784 749 1867 826 iunii

267 845 325 905 οὔτε
341 845 445 904 ἅπαντα
461 847 543 920 ἀΐδια,
559 847 611 906 οὗθ’
623 847 660 922 ἓν,
671 846 723 907 οὔτ’
735 849 842 926 ἄπειρον
857 848 958 926 ἀνάγκη
970 841 1044 907 εἶναι·
1091 847 1320 926 σἰποστριρθέντων
1337 847 1491 924 ἐπίπροσθεν
1508 845 1594 926 ἑτέρου
1615 846 1726 925 ἑτέρων,
1739 847 1867 926 ραίνεαθιι

267 937 325 993 ἀλλ’
340 934 399 993 οὔτε
415 935 510 1016 ἄπειρα
524 936 622 1006 πολλά,
636 935 693 995 οὗτε
710 936 840 1010 ένὸμοιον,
854 936 907 996 οὔτ’
924 937 1044 1008 ἀκίνητον
1088 933 1169 1012 χωρίς
1183 935 1303 1006 ἀλλήλων
1318 939 1410 1006 ταῦτα,
1422 933 1480 992 ἀλλ’
1488 933 1556 992 οὕτω
1568 939 1722 1011 συγκεῖσθαι
1730 935 1853 1012 ταχθέντι,
1866 979 1867 1014 γ

266 1022 320 1081 οὔτ’
336 1025 358 1080 εἰ
377 1021 403 1080 ἓν
418 1021 470 1082 οὔτ’
486 1026 507 1081 εἰ
523 1023 598 1080 πόλλ’
619 1024 697 1082 ἄττα.
739 1023 847 1083 Τούτων
863 1023 890 1080 δέ
904 1022 1042 1098 κειμένων,
1091 1021 1158 1080 ὥστε
1174 1025 1259 1080 ὁτιοῦν
1274 1027 1319 1079 τοῦ
1342 1020 1499 1099 μιγνυμένου
1511 1019 1573 1098 παρ’
1589 1026 1672 1080 ὁτιοῦν
1697 1021 1776 1097 μέρος
1790 1027 1867 1094 pepi-p

266 1109 311 1167 καὶ
327 1110 549 1184 μετακοσμεῖσθαι
574 1108 620 1166 καί
634 1112 807 1187 έτεροιοῦσθαι
829 1109 862 1166 τὰ
885 1113 947 1168 ὄντα
970 1108 1043 1168 οὐδὲν
1088 1113 1151 1187 χθαι
1166 1109 1248 1176 σῦτως
1260 1111 1295 1174 ὡς
1310 1107 1347 1182 μὴ
1358 1109 1539 1187 ἀναληφθῆναι
1551 1108 1729 1186 συγκείμενα,
1743 1110 1807 1164 ἀλλὰ
1821 1130 1852 1182 με·

200 1201 250 1250 ull
267 1197 361 1255 κωλύει
378 1203 406 1254 ἐκ
425 1199 478 1253 τῶν
498 1195 541 1253 ὁπ’
556 1196 652 1254 ἐκείνου
668 1197 821 1274 εἰρημένων,
844 1196 889 1254 καὶ
905 1197 1044 1263 ἐνὸςὸντος
1090 1195 1204 1272 μιγμένα
1216 1195 1353 1270 ἁρμόττειν
1369 1198 1492 1252 ὁποιαοῦν
1511 1197 1548 1272 τῷ
1569 1195 1648 1251 παντὶ
1668 1191 1751 1270 μέρη.
1792 1192 1854 1251 'Euri

266 1289 312 1340 τοῦ
329 1281 424 1348 παντὸς
440 1281 564 1350 κινήσεως
582 1281 676 1358 οὔσης,
688 1284 733 1340 καί
748 1282 840 1353 πλήθει
854 1283 899 1341 καί
913 1282 1044 1360 ὀλιγότητι
1088 1283 1138 1362 γὰρ
1152 1285 1199 1340 οὐκ
1214 1283 1268 1340 ἔστι
1283 1285 1360 1358 σῶμα
1374 1281 1404 1339 τὸ
1418 1282 1567 1359 ἐλάχιστον,
1582 1281 1651 1339 ἅπαν
1673 1279 1774 1338 ἅπαντι
1792 1281 1867 1358 μέροςι

267 1369 443 1449 διαφέροντος,
462 1369 507 1426 καί
522 1367 718 1448 ἀλλοιουμένου,
733 1369 834 1436 ούὸενὸς
854 1370 1043 1448 προσγιγνομέ-
1089 1369 1215 1446 μέμικται
1230 1369 1324 1446 ὁμοίως
1336 1369 1382 1428 καί
1396 1367 1425 1427 τὸ
1440 1368 1508 1428 dios.

264 1617 304 1660 τοῦ
317 1610 401 1673 χρόνον
413 1611 452 1656 καὶ
464 1609 574 1668 γενέσεως
585 1609 663 1667 μητῆς
672 1609 755 1666 ὁπλῆς,
767 1609 826 1657 mie
836 1610 875 1656 καὶ
885 1608 1042 1670 ἀλλοιώσεως,
1086 1610 1261 1669 permutatione
1271 1609 1483 1671 utriusqueeorisu
1497 1621 1545 1658 noll
1557 1609 1663 1671 insolitu,
1674 1613 1731 1659 iim
1745 1612 1807 1670 έτιμι
1819 1610 1867 1656 έτέ·Ἰ

264 1684 343 1745 ὥσπερ
355 1680 396 1729 οὐκ
404 1677 486 1742 ἀθρόας
501 1681 635 1739 ,γιγνομένας
648 1678 783 1739 perdedit·
1029 1680 1041 1704 ⁶
1086 1695 1134 1743 ρων
1145 1680 1265 1743 φαίνεσθαι
1274 1680 1353 1744 γωρίς,
1368 1695 1424 1730 mcx
1447 1684 1509 1730 ὥστε
1522 1683 1599 1730 ὁτιοῦν
1611 1685 1653 1730 τοῦ
1664 1683 1803 1742 μιγνυμένου
1812 1677 1853 1740 παρ’

294 1756 333 1800 35.
346 1751 419 1800 Ὥστε
431 1751 483 1798 οὔτε
498 1749 588 1796 ἅπαντα
604 1748 666 1796 ἀΐδια
681 1747 729 1796 οὐθ’
739 1747 763 1796 ἓν
776 1745 826 1796 οὔτ’
844 1745 939 1810 ἄπειρον
952 1745 1041 1807 ἀνάγκη
1086 1753 1176 1799 ὁτοιοῦν
1188 1753 1201 1800 ὁ
1213 1750 1267 1812 (cic)
1280 1751 1402 1812 μίγνυσθαι
1416 1754 1618 1813 reimpleretur
1630 1751 1662 1812 μὴ
1672 1751 1766 1799 dinem
1778 1748 1814 1797 οῦν
1822 1749 1853 1794 ού·

263 1824 331 1881 εἶναι,
345 1823 394 1870 ἀλλ’
409 1823 491 1882 ἄπειρα
502 1821 585 1868 πολλοὶ.
617 1821 678 1868 Οὔτε
690 1821 713 1868 ἔν
728 1820 748 1868 θ’
762 1820 851 1882 ὁμοιον,
864 1819 911 1868 οὔτ’
923 1820 1040 1879 ἀκίνητον,
1085 1828 1119 1884 τῷ
1132 1824 1204 1886 μέρη,
1216 1821 1321 1881 denique
1334 1823 1388 1882 poet
1400 1822 1520 1883 ἐλάχιστον
1530 1821 1553 1868 ld
1567 1819 1634 1883 quod
1650 1817 1854 1878 eminueroeqil

262 1893 311 1941 οὐτ’
323 1893 343 1939 ri
351 1893 374 1939 ἓν
388 1889 437 1940 οὔτ’
450 1892 470 1938 εἰ
482 1889 547 1938 πόλλ’
563 1891 631 1938 ἄττα.
663 1891 700 1937 lte
712 1889 840 1938 Betilerue.
874 1892 901 1938 in
914 1890 1040 1950 cod.Lips.
1085 1895 1147 1942 ἅπαν
1156 1893 1239 1940 ἅπαντι
1250 1892 1315 1954 μέρος
1328 1903 1371 1952 pro
1381 1891 1477 1951 sulpio
1487 1891 1577 1938 ἅπαντι
1586 1891 1661 1952 μέρος.
1677 1889 1867 1938 felician-nu»

261 1966 297 2010 esi
311 1961 359 2010 οὐθ’
382 1961 483 2008 ἅπαντα.
516 1959 586 2016 erod
606 1959 714 2020 sequitur
732 1959 781 2008 οὐτ’
801 1963 858 2008 ente
870 1960 963 2020 ἄπειρον
984 1971 1040 2008 cum
1086 1963 1135 2011 lit:
1152 1961 1316 2011 «lllulloueur
1335 1960 1399 2008 enim
1419 1973 1496 2022 neque
1513 1959 1735 2020 supemddllicnem
1753 1955 1854 2014 ejusnmli

262 2033 358 2092 reliquls
368 2031 433 2079 libris
445 2029 570 2090 Lipsiensis
579 2031 668 2077 serrat.
701 2032 783 2090 lleque
798 2033 878 2078 lurueu
895 2029 1041 2090 reprebendo
1085 2045 1135 2082 esse
1146 2043 1223 2092 neque
1235 2030 1440 2090 compositionem,
1459 2029 1555 2091 qualem
1569 2029 1656 2089 inquil,
1670 2027 1851 2076 verisimilem:

263 2103 340 2152 sseclll
361 2101 449 2162 opinio,
462 2099 504 2160 qui
519 2099 576 2151 illud
589 2099 636 2146 οὔτ’
649 2098 723 2148 deleri
743 2099 847 2148 volebat.
882 2101 974 2148 cetere
985 2111 1040 2159 qum
1085 2103 1113 2150 ut
1129 2101 1166 2150 rel
1179 2100 1260 2150 stetim
1272 2102 1381 2160 separatu
1391 2099 1456 2148 iuter
1468 2113 1493 2146 se
1510 2099 1567 2155 ciel,
1582 2098 1621 2145 rel
1635 2099 1658 2144 in
1668 2095 1794 2144 aversione
1805 2095 1851 2141 deu

260 2173 285 2220 iu
300 2170 438 2219 meminens
451 2167 565 2228 Lipsiensi
579 2171 605 2216 ut
620 2181 634 2215 e
653 2169 760 2218 Bellero
778 2169 873 2229 vulgate
892 2171 948 2216 eruut
963 2169 1041 2228 legun·
1085 2170 1130 2218 slle
1145 2169 1414 2231 sliissuperoecurruul,
1430 2181 1504 2216 esese
1518 2169 1603 2216 mutuo
1615 2179 1730 2215 seorsum
1743 2167 1851 2214 seronior:

260 2239 452 2290 lurilseruenrlo
464 2256 469 2286 :
480 2237 638 2300 οὔτ’έιτειρον
652 2237 821 2301 eureseim·
836 2237 1040 2298 ἀλλ’σῦτεᾶιιειρα
1085 2237 1127 2287 sed
1139 2251 1165 2286 ee
1178 2250 1232 2299 qum
1249 2239 1324 2286 mlxlr
1342 2241 1408 2297 sunl,
1421 2238 1453 2286 lle
1470 2249 1523 2286 esse
1540 2237 1686 2298 composile,
1711 2241 1738 2284 ul
1757 2233 1851 2294 quelled

259 2311 343 2372 πολλά,
360 2311 413 2358 edre
426 2309 449 2356 ἓν
461 2308 551 2368 ὅμοιον,
570 2306 618 2354 οὔτ’
628 2307 735 2364 ἀκίνητον
751 2309 800 2356 odr'
814 2309 833 2355 ei
846 2308 868 2355 ἓν
881 2306 928 2354 οὔτ’
941 2308 960 2354 εἰ
974 2305 1040 2354 πόλλ’
1086 2319 1139 2367 pars
1153 2321 1209 2356 cum
1223 2307 1330 2368 quelibet
1339 2309 1437 2357 cuulrrsc
1453 2309 1485 2356 itu
1504 2307 1544 2367 su,
1563 2307 1649 2355 utnon
1664 2307 1807 2366 composite,
1819 2302 1852 2350 scd

260 2381 327 2430 ἄττα.
368 2379 458 2427 liudem
486 2377 510 2425 in
531 2389 575 2424 suo
603 2379 733 2438 exemplari
757 2378 881 2426 invenerat
899 2377 1039 2436 lielicienus,
1085 2377 1220 2424 mixleesse
1238 2376 1371 2438 videenlur,
1384 2391 1461 2439 oeque
1476 2375 1620 2438 deprehendi
1635 2377 1776 2436 qerelesueur
1789 2378 1852 2433 perles

260 2452 328 2510 cujus
338 2446 391 2499 luce
403 2451 459 2498 suut
468 2449 542 2497 verbe
553 2461 559 2496 :
574 2447 757 2504 «Quamobrem
767 2461 844 2510 neque
852 2447 932 2496 omnis
942 2451 1040 2505 nterim,
1084 2459 1167 2492 ererum
1177 2446 1223 2494 sini
1238 2448 1320 2507 possit
1334 2447 1396 2504 Quie
1407 2447 1471 2496 enlm
1481 2459 1528 2494 non
1540 2445 1576 2494 cst
1587 2457 1674 2506 corpus
1685 2440 1849 2505 aliquodque]

261 2519 877 2584 nequerreum,nequeiulinitumessenecesseest.
910 2517 1040 2577 sedneque
1085 2515 1211 2563 minimum
1227 2516 1427 2578 sil,umquoeque
1440 2527 1492 2576 pers
1505 2514 1575 2564 sirnill
1593 2514 1790 2562 urodoeeloluur
1800 2523 1851 2558 mn·

260 2589 353 2639 inlicite
366 2589 448 2647 multe,
466 2601 545 2648 neque
558 2599 632 2635 rrnrrm
654 2587 833 2648 curuliumque
851 2587 973 2636 immobile
991 2587 1040 2635 sire
1085 2584 1160 2632 miste
1172 2587 1216 2634 est.
1230 2585 1510 2646 »Quaepertimobseura
1520 2586 1700 2646 onninamente
1713 2581 1850 2630 villosesml.

261 2671 336 2706 enirm
354 2659 385 2706 sil
398 2658 448 2705 sire
464 2657 540 2704 multe
550 2655 670 2717 quedem.
683 2675 696 2699 ν
1084 2656 1144 2704 tiam
1157 2666 1187 2702 ue
1197 2653 1228 2704 de
1242 2655 1336 2703 celeris
1350 2654 1443 2714 torques,
1459 2657 1565 2703 extreme
1579 2654 1620 2702 ille
1633 2669 1645 2695 ι
1660 2665 1714 2701 nor
1725 2655 1763 2700 est
1776 2659 1849 2710 corpu

292 2733 331 2778 ec.
348 2729 443 2776 Τούτων
452 2727 477 2774 el
487 2727 599 2786 κειμένων
613 2730 651 2774 καὶ
667 2726 862 2788 μετακοσμεῐσθαι
874 2726 914 2772 καὶ
926 2725 1039 2786 imporcit-
1085 2723 1193 2786 aliquod
1209 2723 1278 2786 quod
1300 2727 1438 2772 minimum
1454 2727 1488 2774 sic
1508 2742 1521 2767 ν
1541 2736 1639 2774 eecusu
1661 2721 1711 2771 loci
1732 2721 1850 2770 culeum

259 2801 315 2847 σθαι
324 2797 354 2844 τὰ
363 2797 419 2844 ὄντα
435 2795 500 2843 σύθέν
514 2795 599 2842 κωλύει
609 2795 636 2842 έκ
647 2799 694 2842 τῶν
705 2791 744 2842 ὁπ’
754 2793 835 2854 έιείνιμ
852 2794 986 2856 εἰρημένων,
1000 2793 1040 2840 καί
1085 2795 1144 2849 Quis
1154 2793 1319 2854 euimignurct
1328 2795 1355 2842 τὸ
1372 2794 1493 2854 ἐλάχιστον
1501 2793 1638 2856 σῶμαιιμυιί
1651 2792 1849 2853 pirilceoplusesr
1866 2837 1867 2848 ,

261 2868 310 2922 lud<
321 2867 385 2920 ὄντος
394 2869 435 2914 τοῦ
445 2865 529 2918 παντὸς
536 2864 649 2920 κινήσεως
659 2865 738 2920 erisne,
751 2863 791 2911 καὶ
803 2863 883 2920 πλήθει
890 2864 929 2910 καὶ
936 2861 1040 2922 ὁλιγότη-
1084 2863 1212 2912 minimum
1221 2863 1259 2912 rel
1269 2863 1604 2924 individuumcorpuseulum,
1611 2862 1678 2924 quod
1689 2863 1762 2912 slcml
1772 2858 1850 2908 uoulue

256 2953 282 2984 τι
293 2935 445 2998 διαφέροντος,
457 2932 497 2981 καὶ
504 2933 667 2993 ἀλλοιουμένου
676 2931 767 2986 ούὸενὸς
775 2932 979 2994 προσγιγνομένου.
1012 2931 1040 2978 Εἰ
1085 2933 1155 2994 vulgo
1163 2935 1270 2981 locetur.
1281 2932 1340 2980 Vide
1350 2935 1461 2981 llemoer.
1472 2945 1500 2998 p.
1509 2936 1560 2982 lis.
1569 2933 1648 2983 verbe
1656 2931 1849 2993 μετανίσταται-
1866 2933 1867 2992 J

260 3007 280 3053 θ’
290 3007 334 3068 ἀρα
343 3006 413 3065 τινός,
422 3004 450 3052 σθ
458 3007 498 3050 τοῦ
508 3003 625 3064 σώματος,
636 3003 675 3049 καί
682 3003 703 3050 τί
711 3002 786 3050 πολλὰ
796 3002 991 3064 συμμισγομένων
1000 3001 1040 3049 καὶ
1084 3003 1171 3052 dumus
1181 3021 1187 3050 ι
1197 3003 1245 3061 Τὴν
1254 3002 1298 3063 γὰρ
1310 3004 1369 3063 μῖξιν
1387 3002 1435 3050 οὒτ’
1450 3003 1612 3064 έιιιπρὸσθιαιν
1620 3003 1732 3056 τοιαύτην
1744 3002 1798 3049 εἶναι
1805 2998 1847 3046 uic
1866 3023 1867 3068 γ

260 3075 481 3138 συνδιακρινσμένων
499 3072 612 3128 ἀλλήλοις.
646 3070 725 3120 Μίιιαε
739 3073 804 3120 recte
827 3072 879 3120 lime
901 3083 915 3119 e
935 3070 1040 3120 uellere
1085 3074 1191 3122 σύνθεσιν
1203 3073 1263 3126 εἰκὸς
1278 3072 1328 3118 cleu
1338 3073 1426 3133 λέγει,
1444 3073 1529 3129 ῶσιεὴ
1542 3073 1612 3135 χωρὶς
1625 3071 1693 3128 εὐθὺς
1703 3072 1771 3130 εἶναι,
1786 3065 1848 3126 isui,
1866 3089 1867 3122 3

254 3147 371 3194 ¹riislinele
391 3149 456 3192 slent.
489 3142 766 3202 pretereundum.
798 3141 906 3203 preest:
928 3143 1040 3203 έτεροιοῦ·
1086 3137 1867 3206 ὁποστριφθέντωνἐπίπροσθενέτέρουέτίρωνριιὶνεσθιι]

243 3213 527 3266 ,conscisceremus
544 3212 627 3260 κωλύει
644 3211 731 3260 ἐκτῶν
749 3211 788 3260 ὁπ’
805 3211 894 3261 ἐκείνου
906 3211 1039 3272 εἰρημένων,
1085 3214 1155 3275 χωρὶς
1163 3213 1267 3269 ἀλλήλων
1276 3216 1358 3268 ταῦτα,
1374 3212 1423 3260 ἀλλ’
1439 3213 1500 3260 οὕτω
1514 3213 1650 3272 συγκεῖσθαι
1664 3213 1785 3272 ταχθέντα,
1797 3210 1846 3256 ricc

254 3289 349 3350 quisue
361 3285 459 3347 quidem
473 3282 644 3331 verilisvitium
655 3281 718 3330 istud
735 3281 775 3330 ὑπ’
789 3282 870 3344 ἐκείνῳ
883 3281 983 3338 ioiiitur,
998 3280 1039 3328 sed
1085 3282 1161 3330 ὁτιοῦν
1176 3286 1217 3330 τοῦ
1229 3283 1367 3343 μιγνυμένου
1381 3280 1434 3345 παρ’
1450 3283 1526 3330 ὁτιοῦν
1542 3283 1608 3342 μέρος
1632 3283 1776 3342 μεμῖχθαι
1792 3275 1867 3326 uirus

259 3362 340 3405 lemen
354 3355 412 3403 illud
423 3353 489 3402 ridie
502 3352 609 3412 vulgale,
619 3351 725 3401 lectionis
734 3353 825 3401 serrari
834 3355 936 3414 oportet.
951 3353 1040 3401 Ultima
1085 3354 1117 3404 dr:
1132 3353 1164 3410 μὴ
1174 3351 1327 3411 ἀναληφθῆναι
1339 3351 1478 3412 συγκείμενα
1492 3351 1550 3399 ἀλλὰ
1559 3353 1692 3413 μεμιγμένα
1712 3349 1848 3414 ἁρμόττειν
1866 3395 1867 3398 γ

259 3429 282 3476 in
297 3427 355 3475 ΙίΙιιο
366 3423 479 3485 lipsiensi
490 3422 535 3470 iiue
544 3420 616 3470 modo
631 3425 761 3470 exurentur
774 3439 780 3469 :
794 3423 987 3484 συμμισγομένων
1000 3423 1040 3471 καί
1085 3421 1195 3469 ὁποιαοῦν
1210 3419 1343 3482 τῷπαντί
1357 3423 1422 3482 μένη-
1450 3421 1514 3468 Ἐπεί
1529 3421 1572 3482 γὰρ
1584 3421 1627 3467 οὐκ
1638 3420 1690 3468 inec
1702 3413 1848 3475 σῶματὸέἰά·

259 3496 445 3557 διακρινομένων.
488 3491 586 3541 ileuilius
603 3493 656 3552 pusi
670 3491 744 3540 πολλά
759 3491 1040 3552 distinctionisvirguium
1085 3507 1174 3553 χιστυν,
1192 3490 1253 3538 ἅπαν
1274 3490 1357 3538 ἅπαντι
1378 3492 1446 3552 μέρος
1462 3493 1571 3552 μέμικται
1591 3489 1678 3550 ὁμοίως
1699 3491 1739 3538 καὶ
1758 3488 1782 3535 τὸ
1799 3485 1847 3532 diur-

260 3567 392 3629 ponendum
407 3563 500 3626 prrluril
512 3565 537 3612 cl
547 3561 709 3625 προσγίγνεται
717 3561 753 3609 rel
762 3559 807 3609 cici
819 3559 940 3610 subaudiri
955 3560 1038 3609 rolult.
1085 3563 1192 3618 Quorum
1206 3560 1335 3608 verborum
1350 3560 1403 3608 lmc
1413 3563 1450 3610 est
1467 3560 1585 3608 sententis
1601 3577 1607 3607 ι
1623 3578 1635 3600 ι
1649 3561 1713 3608 Item
1728 3555 1846 3607 uillicum

258 3637 332 3686 llcbis
343 3638 362 3683 el
370 3637 462 3684 πολλῶν
476 3633 492 3682 i.
507 3645 529 3681 e.
543 3631 748 3693 προσγιγνομένων
766 3630 851 3691 requiri
866 3629 968 3680 videtur.
1001 3631 1041 3679 sie
1085 3629 1197 3677 convenit
1218 3641 1295 3688 neque
1317 3627 1460 3677 additionem
1487 3641 1546 3686 msc,
1568 3640 1647 3688 neque
1669 3625 1847 3690 compositionem

258 3712 339 3755 uellem
356 3705 495 3754 scribimus:
514 3703 610 3751 Τούτων
622 3702 647 3749 δὲ
656 3702 777 3762 κειμένων,
794 3701 833 3750 καὶ
843 3702 1040 3762 μετακοσμεῖσθαι
1085 3696 1180 3758 llllfllt'lll
1190 3698 1239 3759 ipte
1250 3698 1316 3760 dicii,
1328 3710 1375 3758 qua
1390 3699 1427 3746 lei
1441 3698 1503 3746 illico
1514 3697 1621 3758 seiuncta
1636 3711 1690 3746 cese
1707 3699 1743 3760 (cn
1762 3703 1847 3756 qlltttl·

258 3778 298 3823 καὶ
308 3774 502 3838 imperciatur&
513 3773 569 3821 ὁντα
578 3771 643 3820 οὐθέν
652 3772 736 3819 κωλύει
744 3772 771 3820 έκ
778 3776 824 3819 τῶν
834 3771 874 3818 ὑπ’
883 3770 972 3819 ἐκείνου
981 3773 1040 3835 εἰρη·
1086 3767 1185 3828 cedunt,
1199 3767 1229 3814 τὰ
1243 3766 1435 3828 προσγιγνόμενα)
1449 3767 1488 3814 vel
1506 3766 1595 3815 evenis
1609 3770 1665 3816 ente
1676 3768 1724 3816 elie
1738 3765 1785 3814 eiiii
1795 3771 1847 3818 sel*

259 3846 390 3906 μέμνηται
405 3843 525 3897 esse-cuo:
535 3847 577 3891 του
589 3842 674 3897 παντὸς
684 3841 797 3900 κινήσεως
806 3840 888 3899 οὔσης,
904 3841 945 3888 καὶ
959 3843 1040 3900 πλήθει
1084 3837 1129 3886 sile
1148 3837 1201 3886 lraec
1219 3849 1270 3886 ese
1286 3836 1389 3884 inuicem
1409 3849 1521 3898 epperere
1537 3836 1660 3897 eleluitur,
1675 3837 1720 3886 sed
1741 3835 1771 3884 ile
1781 3829 1847 3880 ereum

258 3916 422 3974 καὶὸιιγότητι
433 3915 585 3976 διιρέροντος,
596 3913 636 3959 καὶ
651 3911 825 3972 ἀλλοιουμένου,
841 3911 1040 3973 οὸθινὸςιτρσσγι-
1084 3920 1135 3956 esse
1148 3908 1284 3969 conjurucle,
1311 3911 1338 3957 ut
1361 3919 1510 3970 unaquaque
1530 3907 1600 3956 mixti
1612 3948 1615 3952 ,
1625 3908 1743 3968 porticula
1766 3899 1845 3951 cuililel

160 4043 163 4050 Ι
254 3987 378 4046 γνομένου,
389 3987 409 4034 ei
418 3984 438 4032 θ’
449 3985 569 4046 tuerere,
583 3983 611 4030 οὐ
621 3983 738 4040 σώματος,
753 3982 793 4028 καὶ
806 3981 827 4028 el
836 3982 936 4040 πολλῶν,
953 3997 1040 4045 συμμι-
1086 3978 1320 4039 melundensium,
1338 3979 1505 4036 eurncdo,ul
1521 3977 1844 4038 conjunclmillcrperlesml

253 4055 423 4116 αγομένωνιιαὶ
433 4055 610 4115 διακρινομένων
620 4052 734 4108 ἀλλήλοις.
768 4049 902 4100 Felicieuus
911 4050 1007 4100 ridetur
1020 4053 1040 4100 εἰ
1085 4049 1234 4109 excipientur
1246 4048 1368 4110 deinceps,
1381 4048 1422 4098 sed
1436 4049 1511 4095 ruixlc
1524 4047 1618 4108 queris
1633 4047 1742 4096 membre
1756 4043 1844 4114 enicem

258 4126 304 4185 γάρ
321 4139 379 4178 τινος
393 4123 490 4184 legisse3
515 4135 551 4170 νει
558 4123 586 4170 lit
601 4123 664 4170 onim
683 4126 791 4170 extreme
811 4132 817 4166 :
840 4139 853 4163 ν
869 4121 977 4170 liuttere
995 4123 1040 4171 elle
1085 4121 1225 4179 congruent.
1258 4117 1378 4175 Quoniam
1391 4117 1455 4168 enim
1469 4129 1517 4166 non
1531 4119 1612 4166 erslet
1627 4117 1754 4166 minimum
1769 4105 1844 4161 eliud·

259 4193 396 4252 aecedeule,
410 4206 465 4242 nem
479 4193 499 4240 ei
522 4195 594 4240 morlo
605 4191 736 4251 quidquem
758 4190 781 4239 id
797 4194 843 4246 est,
855 4190 920 4252 quod
938 4191 1039 4252 secedit,
1085 4189 1184 4237 viduum
1196 4188 1379 4249 corpusculum,
1394 4198 1546 4248 unaquaeque
1561 4199 1616 4246 pers
1628 4185 1729 4234 cuilibet
1740 4183 1805 4232 nrirle
1818 4177 1844 4222 cl

259 4275 348 4322 coquus
367 4274 414 4309 non
435 4265 480 4320 est,
494 4261 519 4309 et
540 4261 559 4308 sl
577 4263 652 4309 rurrlle
666 4260 724 4322 sint,
744 4259 802 4309 dum
816 4273 846 4308 ee
858 4260 956 4310 interce
969 4261 1039 4311 simul
1085 4258 1193 4308 siruililer
1205 4261 1277 4319 etque
1288 4260 1365 4306 totum
1375 4259 1412 4304 est
1423 4257 1535 4305 mireum.
1550 4274 1562 4298 ν
1576 4254 1647 4312 Quod
1657 4254 1726 4306 initio
1737 4263 1787 4302 cum
1797 4245 1844 4322 lidi·

259 4329 447 4378 commiscentur
457 4333 481 4378 et
492 4334 679 4380 ceruruuntur.»
1085 4327 1141 4377 lero
1150 4328 1219 4390 posui
1231 4327 1394 4391 έιιιιιμόσθεσιν
1410 4328 1549 4388 neutiquam
1562 4323 1708 4378 metendum
1722 4323 1744 4372 in
1756 4322 1844 4378 ἐπιποοσ-

291 4413 314 4460 p.
326 4401 380 4448 eri,
393 4411 416 4448 e.
431 4403 454 4448 l.
468 4401 516 4458 Τὴν
523 4400 567 4461 γὰρ
580 4402 639 4461 μῖξιν
653 4399 701 4448 οὔτ’
713 4398 876 4458 ἰπιπρύσθισιν
888 4399 997 4458 τοιαύτην
1009 4401 1041 4450 εἰ·
1084 4401 1160 4458 θηαιν,
1170 4410 1219 4460 quo
1229 4397 1353 4458 scriptume
1369 4397 1506 4457 deprecate
1524 4395 1622 4457 vestigia
1636 4395 1660 4443 in
1675 4395 1731 4444 cod.
1746 4391 1800 4452 lips.
1809 4383 1843 4431 ¹1¹¹·

193 4493 195 4496 ·
258 4486 296 4519 ναι
314 4470 368 4518 οὔτε
390 4469 495 4519 esurus
511 4471 572 4524 εἰκὸς
590 4471 640 4517 οἵαν
657 4471 740 4530 λέγειν.
773 4469 847 4518 'llere
862 4472 877 4527 ἢ
890 4471 959 4531 χωρὶς
976 4471 1040 4528 εὐθὺς
1084 4471 1150 4518 eruut.
1182 4470 1291 4528 nemque
1308 4465 1469 4530 έτιιπρὸσθεσις
1485 4467 1516 4514 ab
1536 4466 1722 4527 έτσιαροσιιθέναι
1736 4459 1844 4530 deductum

259 4540 327 4598 τέναι,
339 4541 354 4598 ἡ
366 4540 407 4587 καὶ
421 4539 614 4602 έτοοτρεγθέντος
623 4539 759 4602 ἐπίπροσθεν
772 4538 1040 4602 έτεραέτέρωνφέριεθαι
1085 4540 1127 4600 (σθ.
1141 4539 1212 4588 Dion.
1229 4538 1282 4587 llel.
1299 4540 1343 4596 vi,
1365 4537 1389 4596 9)
1404 4535 1549 4584 additionem
1563 4541 1587 4583 el
1603 4533 1787 4583 eddilcmenluur
1797 4524 1843 4571 desl-

259 4610 329 4674 χωρίς
343 4611 448 4666 ἀλλήλων
460 4613 543 4667 ταῦτα,
560 4609 609 4657 ἀλλ’
625 4610 687 4657 ούτω
705 4611 843 4668 συγκεῖσθαι
854 4611 967 4670 ταχθέντα
979 4611 1041 4658 ὥστε
1084 4611 1149 4671 gnei,
1161 4621 1238 4672 quum
1255 4607 1420 4669 intrepidique:
1441 4604 1628 4653 obscurationem
1647 4607 1672 4651 et
1688 4597 1843 4664 impeditionem

259 4685 337 4732 ὁτιοῦν
351 4679 490 4742 μιγνυμένου
501 4677 555 4740 παρ’
566 4680 643 4727 ὁτιοῦν
658 4679 678 4740 ᾧ
693 4677 816 4740 μίγνυσθαι
835 4677 911 4742 μέρος,
923 4679 995 4735 οὕτως
1009 4681 1041 4734 ὡς
1086 4676 1328 4739 purissimumrsleel.
1338 4677 1375 4724 cl.
1392 4674 1514 4723 Plutarch.
1526 4673 1556 4721 de
1566 4673 1626 4722 iucie
1637 4672 1662 4721 in
1671 4674 1724 4722 urb.
1738 4671 1781 4718 lun.
1795 4667 1810 4712 ἰ.
1820 4659 1843 4707 ii

260 4755 292 4817 μὴ
305 4751 459 4812 ἀναληφθῆναι
473 4749 627 4811 συγκείμενα,
639 4748 696 4796 elie
706 4748 850 4810 μεμιγμένα,
865 4747 917 4808 μηδ’
930 4749 1040 4797 ὁποιαοῦν
1086 4762 1109 4810 p.
1124 4751 1169 4798 ulli
1186 4747 1224 4797 ed.
1241 4745 1319 4796 neisls
1334 4748 1470 4806 Utrumque
1489 4742 1634 4792 vocubuium
1649 4754 1715 4804 caepe
1733 4753 1745 4788 e
1762 4735 1841 4786 libllrlll

259 4827 324 4887 αὐτῷ
342 4825 409 4883 μένει-
444 4821 510 4870 'licei
523 4821 567 4881 γὰο
584 4819 628 4868 οὐκ
637 4819 686 4868 iere
703 4823 774 4879 σῶμα
786 4818 814 4866 τὸ
832 4818 965 4878 ἐλάχιστον,
979 4817 1040 4869 ἅπαν
1085 4813 1372 4876 eeulusumesl,ulillo
1389 4812 1533 4874 loco,quus
1553 4795 1841 4865 &uniuscuiusque

259 4895 343 4944 σιαντι
352 4894 418 4956 μέρος
430 4891 538 4952 μέμικται
550 4890 636 4953 ὁμοίως
647 4891 686 4938 καὶ
695 4889 721 4937 τὸ
732 4887 794 4937 ὅλον.
827 4889 1041 4948 cucuso-erremus
1086 4888 1206 4938 Plutarch.
1219 4886 1382 4936 consolation.
1405 4884 1435 4933 sd
1459 4883 1569 4945 Apellen.
1596 4885 1656 4932 lom.
1671 4883 1706 4930 vl
1722 4895 1744 4944 p.
1762 4877 1797 4925 ιιι
1812 4867 1839 4918 ed·

260 4965 290 5014 ed
304 4977 376 5026 quem
387 4962 521 5012 cenandum
538 4973 621 5023 perum
637 4959 739 5021 presidii
762 4971 776 5008 e
793 4958 847 5007 cod.
868 4958 930 5018 lips.
942 4961 1040 5018 etquee
1085 4941 1840 5029 ἰλαέείι.ιταῦταθιλοιθτοῖςιιιίντιιέιιιιτμόσθτοιςγένετιιι.λεγμοίυἰι

260 5035 370 5085 Felicisui
391 5033 586 5094 interpretatione
602 5035 649 5093 pell
671 5031 757 5091 potest.
799 5031 827 5078 ln
845 5027 904 5078 lilrro
926 5027 1039 5088 lipsiensi
1085 5029 1172 5080 lieislii
1193 5028 1342 5089 conjeclure,
1361 5028 1402 5088 qui
1423 5025 1560 5089 ἐπίπροσθεν
1580 5023 1668 5084 γίνεται
1683 5011 1840 5088 impedimenti

262 5117 384 5166 perperam
397 5104 483 5164 legiler
505 5101 553 5152 οὔτ’
569 5104 607 5152 ἐπὶ
624 5101 762 5165 πρόιθησιν,
774 5100 838 5162 quod
855 5099 908 5160 jem
923 5098 1041 5148 llelrlrerus
1084 5100 1151 5156 duni
1170 5100 1242 5150 scribi
1255 5099 1360 5158 celeliel,
1378 5095 1470 5158 mrrige
1491 5093 1666 5158 ἐπιπρόσθησις.
1699 5089 1837 5142 celerauit

261 5175 373 5235 conexit,
387 5173 473 5224 deiude
487 5174 681 5240 ἀποστρεγθέντος
693 5185 736 5235 pre
747 5171 843 5235 uulgare
856 5171 1041 5235 ὰποστραρέντος
1086 5170 1206 5233 plerisque
1214 5168 1297 5220 lexicis
1309 5167 1471 5232 έιτιπρὸοθεαις
1481 5163 1639 5217 ὁτιίιίοηίυι.
