3840 5924
140 455 155 468 ..
225 382 257 456 ν)
896 371 1137 436 ΡΒΟίΕλίλθΜ.

223 518 394 585 sparserunt
403 518 431 564 et
442 504 627 565 maturiorem
640 502 785 580 cogitandi
799 503 1000 582 sentiendique
1047 515 1250 562 consummate
1264 501 1476 580 elaborateeque
1495 515 1607 574 essent,
1624 501 1710 578 rudia
1723 523 1818 580 quon·

227 594 368 652 rationem
375 603 591 670 praepararunt.
609 590 664 647 Sed
678 588 837 648 debebatur
855 591 921 649 satis
934 591 1000 668 phi·
1044 589 1153 649 damet
1169 591 1349 650 inelaborata
1362 590 1446 666 signa
1462 591 1578 648 suerunt
1592 592 1623 648 in
1637 589 1745 667 quibus
1764 591 1818 648 vix
1900 585 1901 660 J

228 680 371 756 losophiae
385 679 479 754 origo.
494 677 565 734 Nam
582 677 706 754 septimo
720 676 779 733 iere
801 688 866 734 ante
880 675 950 737 Chr.
967 695 998 738 n.
1045 695 1198 756 corporum
1214 679 1387 738 lineamenta
1408 696 1577 752 agnosceres
1601 679 1668 736 :sic
1686 677 1818 756 philoso-
1900 695 1901 704 ¹

228 767 335 824 saeculo
345 765 448 838 ingens
462 781 558 820 rerum
574 761 727 820 conversio
738 761 811 820 faeta
821 775 879 834 est,
892 781 956 839 quae
969 762 1000 820 in
1045 768 1122 845 phiae
1143 767 1320 826 incunabula
1339 785 1356 823 a
1375 768 1501 843 perlecta
1523 766 1588 844 ejus
1613 767 1707 825 forma
1724 767 1820 843 pluri-

228 853 297 910 lisia
307 851 416 908 minori
426 849 524 907 subito
536 861 600 906 orta
612 847 681 906 inde
691 866 744 926 per
759 847 872 906 ltaliam
886 861 915 906 et
928 849 1000 908 Sici·
1046 871 1124 910 mum
1155 852 1284 928 distant..
1298 851 1405 910 Omnes
1431 871 1502 909 vero
1527 864 1602 910 artes
1625 871 1690 928 quae
1718 865 1821 927 postea

227 939 297 996 liam
314 937 458 1012 manavit,
480 936 605 1013 denique
628 953 680 1012 per
703 933 845 994 Graeciam
868 935 999 995 dissemi·
1046 940 1200 1016 generibus
1219 939 1362 998 distinctae
1379 951 1466 1010 sunt,
1480 938 1567 996 initio
1587 939 1734 996 communi
1752 938 1821 1015 phi·

228 1043 296 1088 nata
320 1028 474 1086 maximam
504 1026 601 1084 eliecit
635 1024 802 1098 civitatum,
838 1025 1001 1104 disciplinae
1046 1028 1187 1106 losophiae
1203 1026 1320 1086 vinculo
1334 1025 1566 1085 continebantur.
1586 1023 1619 1082 ld
1631 1025 1820 1101 antiquorum
1900 1035 1901 1048 ¹

229 1115 373 1194 publicae,
402 1114 565 1172 studiorum
596 1111 836 1172 immutationem.
864 1111 1001 1172 Civitates
1046 1116 1209 1192 exemplum
1234 1127 1344 1172 tantum
1364 1113 1475 1184 valuit,
1497 1124 1528 1170 ut
1549 1113 1681 1188 sequenti
1702 1130 1822 1188 quoque

229 1203 294 1260 aliae
316 1199 444 1258 motibus
468 1217 629 1268 concussae,
650 1198 714 1254 aliae
736 1196 822 1255 novis
842 1198 956 1273 legibus
975 1211 1003 1256 et
1047 1213 1177 1277 tempore
1189 1219 1247 1276 qua
1260 1199 1363 1256 mentis
1381 1199 1442 1256 acie
1456 1198 1638 1256 Democritus
1650 1211 1821 1255 cunctarum

229 1288 371 1347 institutis
399 1297 577 1363 temperatae,
605 1285 739 1362 plurimae
769 1286 854 1343 etiam
879 1285 1002 1345 coloniae
1047 1305 1142 1344 rerum
1152 1286 1213 1344 vim
1227 1297 1417 1361 naturamque
1427 1282 1540 1340 viderat
1548 1282 1690 1358 editisque
1702 1283 1822 1359 scriptis

231 1375 364 1433 condita.
376 1373 471 1442 Quid?
485 1372 565 1448 quod
579 1383 655 1430 artes
667 1373 812 1450 pleraeque
824 1391 895 1450 quas
906 1373 1003 1433 huma·
1047 1373 1257 1448 illustraverat,
1271 1371 1369 1430 eadem
1384 1370 1551 1428 Aristoteles
1564 1369 1705 1427 doctriuae
1718 1368 1822 1427 orbem
1900 1397 1901 1404 ν

231 1481 287 1520 nus
302 1462 459 1537 civilisque
479 1458 574 1516 cultus
589 1456 733 1516 desiderat
752 1471 813 1515 tum
835 1471 884 1516 aut
903 1459 1001 1518 incho·
1048 1461 1209 1518 ornandum
1221 1461 1390 1537 susciperet.
1404 1459 1440 1514 Αι
1450 1475 1545 1514 serum
1557 1457 1610 1514 luit
1624 1456 1821 1534 philosophiae

229 1561 283 1605 atae
298 1559 348 1605 aut
374 1547 415 1604 ita
430 1557 557 1602 tractatos
581 1557 666 1617 sunt,
679 1558 713 1603 ut
728 1545 765 1602 ad
782 1563 924 1603 summum
937 1566 1004 1622 per·
1048 1565 1168 1618 nomen,
1182 1547 1246 1624 ipsa
1256 1563 1303 1604 res
1316 1543 1522 1603 vetustissima.
1544 1543 1616 1600 Nam
1634 1543 1685 1619 qui
1700 1559 1824 1603 caeteros

230 1634 347 1691 venisse
370 1632 550 1690 viderentur.
570 1629 662 1690 Porro
687 1650 765 1688 nova
794 1631 956 1688 litterarum
975 1645 1004 1689 et
1048 1633 1212 1692 eruditione
1221 1632 1413 1710 etprudentia
1421 1631 1767 1709 superabant,sapientes
1778 1631 1823 1706 (t)

231 1723 329 1799 poesis
341 1737 447 1794 genera
460 1718 579 1776 inventa
586 1715 673 1775 brevi
684 1717 881 1777 invaluerunt.
893 1717 1005 1786 Quibus
1049 1719 1137 1794 vulgo
1146 1732 1174 1777 et
1183 1717 1362 1778 habebantur
1371 1729 1399 1776 et
1410 1717 1645 1778 nominabantur.
1654 1717 1702 1774 Sic
1712 1729 1823 1794 septem

231 1806 318 1864 rebus
333 1803 469 1864 omnibus
483 1805 620 1861 commoti
632 1805 767 1862 mortales
780 1803 897 1862 altiores
910 1805 1004 1880 spiri·
1049 1805 1093 1862 iili
1108 1806 1158 1882 qui
1172 1824 1189 1864 a
1203 1805 1313 1864 Graecis
1334 1803 1424 1883 σοφοί,
1447 1805 1590 1880 sapientes
1604 1822 1622 1860 a
1634 1803 1747 1861 Latinis
1769 1821 1824 1858 vo·

233 1905 280 1950 tus
296 1907 409 1966 gessere
418 1903 450 1948 et
467 1889 616 1966 quaerendi
626 1889 723 1947 studio
736 1889 848 1947 incensi
861 1890 892 1946 in
906 1908 1004 1947 rerum
1050 1890 1190 1950 cabantur
1211 1891 1263 1968 (5),
1285 1891 1493 1968 etquicunque
1516 1889 1652 1965 deinceps
1675 1890 1707 1946 in
1723 1907 1824 1946 rerum

230 1980 400 2037 divinarum
411 1977 660 2052 humanarumque
678 1976 922 2053 contemplatione
932 1995 1004 2054 ope-
1051 1978 1291 2057 contemplatione
1308 1978 1406 2038 studia
1430 1976 1594 2054 ponebant,
1614 1977 1669 2035 hoc
1681 1978 1747 2054 ipsc
1768 1995 1823 2034 no·

232 2085 296 2125 ram
310 2067 407 2124 locare
419 2077 588 2124 statuerunt.
610 2061 807 2141 ltaquemulti
822 2082 935 2140 eaquae
952 2083 1004 2122 ve·
1050 2067 1129 2124 minc
1148 2065 1378 2143 appellabantur,
1400 2063 1493 2122 donec
1518 2068 1628 2142 primus
1642 2063 1824 2140 Pythagoras

233 2167 307 2214 teres
325 2155 438 2230 poetice
449 2152 586 2210 lusissent
600 2168 703 2224 magna
716 2169 781 2210 cum
790 2169 860 2207 cura
872 2163 1006 2208 retracta·
1057 2153 1164 2228 rejecto
1178 2153 1339 2212 honorifico
1360 2151 1499 2229 sapientis
1517 2149 1660 2208 vocabulo
1675 2149 1826 2226 sapientiae

229 2252 302 2299 *runt
316 2240 495 2318 placitosque
508 2236 598 2311 vulgo
620 2237 731 2294 labulas
745 2250 773 2294 et
786 2250 949 2296 commenta
969 2238 1006 2295 ad
1053 2239 1229 2312 studiosum,
1245 2240 1275 2298 id
1290 2252 1347 2312 est,
1360 2236 1566 2316 philosophum
1581 2255 1686 2295 seesse
1700 2249 1728 2295 et
1743 2254 1823 2292 nun-

234 2339 343 2385 naturae
361 2326 512 2385 veritatem
534 2336 719 2383 revocarunt.
741 2323 803 2381 Hoc
823 2324 951 2383 studium
975 2337 1006 2384 ut
1052 2328 1153 2404 cupari
1163 2326 1266 2386 voluit.
1276 2325 1382 2384 Verum
1392 2327 1542 2382 enimvero
1551 2324 1584 2381 in
1594 2335 1671 2380 tanta
1682 2327 1825 2399 ingenua-

233 2414 363 2492 primum
384 2412 535 2469 hominum
556 2423 666 2468 mentes
687 2409 857 2486 occuparit,
875 2410 934 2467 dici
958 2412 1006 2469 rix
1054 2433 1118 2472 rum
1133 2414 1237 2471 artium
1252 2413 1389 2471 varietate
1403 2430 1491 2470 unum
1507 2409 1644 2488 quiddam
1655 2411 1825 2486 erat,quod

235 2511 331 2577 potest
354 2511 461 2575 quanta
485 2495 615 2555 discendi
636 2495 794 2571 cupiditate
808 2494 1004 2568 flagraverint.
1053 2500 1203 2558 bominum
1232 2499 1371 2557 doctrinae
1392 2497 1492 2555 studiis
1526 2497 1687 2554 ardentium
1715 2511 1828 2555 mentes

237 2587 354 2646 Etenim
381 2583 459 2642 baud
479 2583 566 2661 pauci
594 2579 696 2639 relicta
716 2581 812 2657 patria
833 2580 1008 2656 peregrinati
1054 2589 1200 2664 praecipue
1227 2598 1350 2658 teneret,
1367 2597 1476 2642 natura
1493 2584 1686 2658 investigatio.
1700 2584 1759 2653 Qui
1772 2585 1828 2658 igi.

237 2684 320 2742 sunt,
335 2683 368 2729 ut
378 2671 403 2728 si
426 2669 499 2746 quid
520 2667 669 2745 sapientiae
686 2665 763 2742 apud
776 2677 888 2722 exteras
911 2679 1009 2739 gentes
1055 2685 1103 2730 rur
1114 2673 1215 2732 mundi
1229 2685 1325 2730 ortum
1338 2671 1551 2746 indagas-equi
1573 2670 1699 2728 siderum
1717 2675 1827 2744 magni-

236 2771 325 2833 esset,
346 2757 462 2834 siquid
486 2754 633 2813 laudabile
661 2753 691 2810 in
710 2753 833 2811 aliarum
858 2753 1006 2811 civitatum
1056 2760 1186 2832 sudines,
1203 2758 1374 2830 intervalla,
1398 2775 1500 2815 cursus
1521 2756 1695 2832 anquirere,
1720 2757 1772 2832 qui
1796 2757 1828 2814 in

238 2845 434 2914 institutis‚id
448 2843 604 2918 diligenter
613 2841 761 2916 cognitum
772 2840 888 2898 domum
898 2841 1009 2899 reversi
1055 2847 1241 2918 animalium,
1271 2848 1450 2923 plantatum,
1482 2843 1631 2921 lapidum,
1661 2843 1829 2917 cognitione

238 2951 303 2991 cum
330 2930 443 2989 civibus
467 2932 529 2989 suis
549 2929 804 2987 communicarent.
827 2928 1010 3006 Quapropter
1055 2946 1169 3010 tempus
1191 2950 1360 2990 consumere
1383 2931 1529 3003 solebant,
1546 2930 1597 3006 qui
1623 2930 1748 3006 denique
1771 2944 1828 2988 tam

239 3037 298 3076 non
310 3017 465 3075 defuerunt
476 3017 526 3093 qui
545 3015 708 3074 sacerdotes
719 3016 805 3074 etiam
820 3016 951 3092 aliosque
964 3018 1010 3075 vi·
1056 3017 1171 3094 singula
1187 3036 1272 3094 quam
1288 3017 1425 3075 universa
1437 3019 1598 3093 spectantes
1618 3019 1748 3074 omnium
1765 3037 1831 3094 quae

237 3123 286 3163 ros
298 3104 442 3179 sapientia
456 3115 623 3181 praestantes
644 3115 704 3160 tum
719 3101 750 3160 in
765 3101 887 3178 AEgypto
901 3113 962 3159 tum
977 3103 1009 3159 in
1057 3104 1111 3163 sub
1126 3105 1227 3162 oculos
1239 3104 1345 3161 cadunt
1357 3121 1456 3162 causas
1471 3103 1568 3160 animo
1588 3103 1741 3178 complecti
1756 3105 1830 3161 nite·
1850 3128 1857 3142 ·

240 3190 355 3290 reliqua
373 3187 509 3246 barbaria
528 3189 725 3246 convenirent.
743 3187 822 3256 Quin
841 3187 929 3245 etiam
948 3207 1011 3246 nte·
1056 3191 1172 3260 bantur,
1185 3190 1239 3248 hos
1250 3190 1431 3267 potissimum
1446 3188 1625 3264 Pythagoras
1638 3189 1831 3268 philosophos

239 3277 340 3336 rnoriae
356 3275 501 3354 proditum
517 3288 561 3334 est
573 3276 712 3352 quosdam
724 3293 770 3333 res
781 3274 936 3333 familiares
948 3293 1012 3333 suas
1057 3275 1251 3334 nominandos
1280 3295 1343 3334 esse
1366 3275 1490 3334 censuit.
1518 3275 1574 3333 Sed
1595 3275 1741 3335 reddenda
1766 3277 1832 3354 ejus
1900 3299 1901 3356 ᾗ

240 3363 381 3440 abjecisse
397 3381 539 3438 agrosque
560 3362 721 3420 deeemisse
734 3363 878 3434 incultos,
892 3381 953 3438 quo
974 3361 1013 3420 li·
1058 3363 1186 3421 nominis
1200 3363 1336 3422 ratioest.
1662 3399 1743 3430 f·-

238 3450 339 3508 berius
362 3447 544 3524 inquirendas
567 3449 685 3506 veritati
715 3459 862 3505 vacarent.
902 3449 949 3504 Ab
968 3447 1015 3505 his
1101 3472 1114 3499 e
1138 3447 1244 3506 Ferunt
1261 3447 1456 3524 Pythagoram
1472 3447 1510 3525 (6)
1529 3446 1696 3506 Phliuntem
1714 3429 1833 3507 venisse

239 3536 334 3594 initiis
350 3535 479 3612 prolecta
500 3546 544 3592 est
560 3533 763 3614 philosophia,
778 3553 826 3591 ctu
817 3533 1011 3609 praeclarum
1059 3548 1166 3593 etcum
1180 3533 1516 3606 Leonte,Phliasiorum
1537 3553 1686 3611 principe,
1699 3533 1785 3593 docte
1805 3549 1835 3592 et
1900 3525 1901 3536 ¹

238 3623 294 3680 hoc
316 3620 483 3680 ediscendi
505 3621 668 3698 cupiditate
687 3633 717 3679 et
742 3619 893 3698 sapientias
912 3619 1009 3683 studio
1059 3622 1176 3698 copiose
1189 3621 1320 3698 quadam
1342 3619 1523 3680 disseruisse.
1537 3619 1652 3697 Cujus
1642 3621 1793 3696 ingenium
1805 3634 1836 3679 et

242 3707 341 3765 Graeci
360 3725 466 3766 nonten
475 3706 654 3765 indiderunt.
1059 3708 1254 3782 eloquentiam
1268 3726 1358 3784 quum
1375 3707 1533 3765 admiratus
1545 3719 1620 3765 esset
1642 3705 1738 3778 leon,
1754 3727 1836 3784 qnae-

279 3793 384 3862 Qualis
402 3803 498 3851 autem
521 3793 583 3852 illis
605 3793 787 3872 temporibus
810 3792 906 3871 prima
925 3793 1014 3852 interit
1060 3795 1165 3853 sivisse
1182 3811 1218 3852 ex
1231 3813 1282 3865 eo,
1299 3812 1356 3872 qua
1371 3794 1496 3851 maxime
1521 3805 1583 3851 arte
1597 3792 1757 3851 confideret
1779 3813 1786 3849 ι
1805 3806 1835 3851 at

241 3879 437 3958 philosophiae
450 3879 561 3950 forma,
574 3898 659 3939 nemo
673 3881 757 3940 facile
769 3880 888 3941 dixerit.
904 3881 1012 3950 Quem·
1063 3881 1164 3952 illum,
1184 3893 1273 3938 artem
1293 3879 1409 3956 quidem
1431 3897 1462 3937 se
1475 3878 1552 3936 scire
1564 3878 1690 3949 nuliam,
1702 3877 1753 3935 sed
1773 3895 1839 3935 esse

241 3967 396 4026 admodum
416 3965 493 4024 enim
509 3965 815 4044 pncherrimscstatuae
830 3987 924 4045 quase
939 3967 1013 4026 Phi·
1061 3966 1267 4045 philosophum
1282 3965 1335 4042 (γ).
1357 3965 1537 4023 Αιίιιιὶταιιιιο
1565 3963 1701 4022 Leontem
1725 3964 1840 4022 novita-

241 4055 298 4113 diae
313 4053 431 4113 officina
450 4053 600 4131 prodiere,
620 4066 771 4128 antequam
787 4054 910 4113 artificis
926 4073 1014 4112 manu
1067 4067 1123 4112 tem
1138 4054 1282 4126 nominis,
1298 4053 1482 4130 quaesivisse,
1499 4052 1617 4130 quinam
1631 4057 1726 4111 ess'ent
1740 4050 1839 4128 philo·

254 4161 1838 4185 m

258 4219 310 4281 ’(4)
322 4221 406 4268 Graece
418 4219 502 4279 σοφοί,
518 4217 638 4267 interdum
652 4217 768 4278 σοφισταί.
781 4217 896 4278 Diogenes
907 4217 1015 4266 Laertius
1094 4218 1128 4279 (e)
1141 4219 1175 4266 Ut
1192 4218 1225 4268 ait
1239 4217 1378 4267 Heraclides
1399 4217 1513 4267 Ponticas
1528 4217 1591 4280 apud
1613 4217 1753 4266 Ciceronem
1763 4218 1838 4266 tusc.

243 4287 286 4337 lib.
302 4288 528 4347 lassescenti
546 4285 1017 4348 θιιαλιῑτοσορία,ιιαλσορθςθταύτην
1062 4289 1094 4344 V,
1109 4291 1133 4334 θ.

244 4355 1017 4420 ίπαγγιλλόμενοι,θτιθηᾶνιιατὰᾶιιρθτηταψυχῆιίιπηνριθωμὲ·
1094 4355 1129 4417 (7)
1143 4355 1259 4416 Diogenes
1277 4354 1478 4417 mentimini,
1495 4359 1522 4404 li
1537 4353 1732 4414 ιΦιλοσορίανθὲ
1748 4359 1841 4418 πρῶτος
1900 4375 1901 4392 ι

244 4443 296 4482 νος·
305 4427 429 4487 φιλόσοφος
439 4427 477 4481 θλ,
489 4429 502 4474 θ
519 4426 601 4488 σοφίαν
616 4424 785 4486 ἀσπαζόμενος.
801 4427 833 4473 Ol
853 4424 878 4472 dl
891 4425 959 4486 σοφοί
978 4425 1017 4472 καί
1064 4425 1172 4488 ὠνόμασε
1182 4425 1319 4486 Πυθαγόρας
1328 4427 1368 4474 ναὶ
1383 4427 1464 4475 ἑαυτὸν
1473 4424 1606 4484 φιλόσοφον,
1616 4423 1641 4472 tv
1650 4427 1750 4472 Σικυῶνι
1762 4425 1840 4473 διαλι-

245 4497 352 4558 σοφισταλ
362 4495 548 4545 tanente-set
558 4495 585 4544 οὐ
596 4495 681 4557 μόνον,
692 4494 751 4542 ἀλλὰ
762 4495 802 4543 sal
817 4495 840 4543 οί
854 4493 962 4553 ποιηταί,
977 4509 1017 4541 σο·
1065 4495 1160 4556 γόρανος
1176 4495 1259 4545 Λίοντι
1276 4501 1311 4558 τῷ
1326 4495 1460 4544 Σικυωνίων
1471 4492 1589 4556 τυράννῳ,
1602 4494 1617 4551 ἢ
1629 4493 1763 4552 Φλιασίων,
1778 4495 1841 4542 aciei

246 4565 334 4629 ρισταί·
345 4565 407 4614 καθὰ
420 4566 460 4613 ani
474 4567 586 4628 Κρατῖνος
599 4566 623 4614 ὲν
637 4563 767 4627 Ἀρχιλόχῳ
782 4563 836 4619 τοὺς
850 4564 902 4626 περὶ
915 4563 1020 4624 Ὅμηρον
1066 4581 1134 4625 φησιν
1143 4564 1292 4627 Ἡρακλείδης
1302 4565 1315 4613 θ
1325 4565 1439 4619 Ποντιιιὸτ
1448 4565 1472 4613 ίν
1485 4569 1520 4626 τῷ
1533 4565 1584 4624 περὶ
1598 4567 1640 4621 τῆς
1651 4561 1735 4612 ἄπνου.
1745 4564 1842 4620 Μηδένα

246 4635 286 4684 stol
295 4633 404 4683 Ἡσίοδον
413 4635 514 4683 ἐπαινῶν
521 4634 594 4690 ούτως
608 4635 682 4682 καλεῖ.
696 4633 828 4696 ilesyeltitts
838 4652 844 4683 ι
854 4635 965 4696 σοφιστὰς
974 4633 1019 4680 tn-
1066 4637 1109 4696 γὰρ
1116 4633 1174 4682 εἶναι
1185 4635 1255 4695 cephe
1264 4635 1398 4697 ἄνθρωπον,
1408 4633 1458 4682 ἀλλ’
1467 4634 1482 4690 ἡ
1492 4632 1550 4682 θεύν.
1559 4631 1594 4681 ld.
1605 4631 1646 4681 lib.
1661 4635 1731 4692 Vlll,
1743 4637 1758 4681 θ
1769 4651 1775 4680 ι
1789 4635 1841 4680 Σω-

246 4715 288 4760 γον
298 4701 351 4758 τοὺς
362 4703 414 4765 περὶ
433 4705 547 4764 μουσικὴν
563 4704 720 4766 διατρίθοντας
734 4704 838 4759 καὶτοὺς
855 4705 913 4767 μετὰ
925 4702 1020 4765 κιθάρας
1067 4703 1176 4764 σινράτης
1191 4705 1216 4752 δὲ
1236 4705 1260 4752 lv
1280 4705 1400 4766 διαδοχαῖς
1423 4719 1492 4763 φησιν
1513 4703 1582 4750 αὐτὸν
1607 4701 1663 4764 [τὸν
1683 4699 1841 4764 Πυθαγόραν]

246 4771 352 4832 (θύοντας.
1068 4773 1210 4834 ἐρωτηθέντα
1227 4774 1273 4822 bno
1295 4775 1393 4827 Διόντατ
1406 4777 1449 4820 τού
1464 4771 1584 4821 Φλιασίων
1596 4773 1722 4834 τυράννου,
1738 4773 1773 4826 τίς
1790 4770 1841 4829 cim

278 4841 312 4901 (5)
328 4839 444 4900 Diogenes
464 4842 572 4892 baetllut
590 4843 632 4892 lllt.
654 4845 676 4903 l,
695 4850 722 4893 ts
743 4861 749 4892 ι
765 4844 836 4906 Σοφοὶ
849 4843 874 4891 dl
892 4841 1021 4902 ἐνομίζοντο
1067 4842 1203 4903 φιλόσοφος,
1213 4844 1294 4903 εἰπεῖν,
1307 4843 1347 4890 acl
1362 4842 1401 4890 τὸν
1415 4842 1466 4902 βίον
1478 4843 1575 4890 ἐοικέναι
1590 4843 1728 4902 πανηγύρει.
1741 4841 1784 4896 Ὧι
1801 4839 1842 4888 οὗν

248 4910 312 4958 olda·
335 4910 427 4968 Θαλῆς,
452 4910 545 4972 Σόλων,
568 4912 720 4976 Περίανδρος,
740 4913 896 4968 λίλεύθουλος,
920 4912 1021 4969 Χείλων,
1068 4912 1100 4967 ela
1113 4911 1199 4968 ταύτην
1213 4915 1235 4960 oi
1249 4913 1290 4972 μὲν
1304 4911 1487 4972 ἀγωνιούμενοι,
1504 4913 1527 4959 ολ
1540 4911 1629 4960 discr*
1639 4909 1768 4972 ἐμπορίαν
1778 4912 1800 4958 ολ
1817 4911 1842 4958 θὲ

250 4979 319 5038 Βίας,
337 4978 462 5035 Πιττακός.
486 4981 582 5036 Τούτοις
612 4985 807 5046 προσαριθμοῦσιν
830 4982 965 5044 Ἀνάχαρσιν
983 4983 1023 5029 τὸν
1068 4996 1094 5042 γε
1107 4979 1222 5042 βελτιστοι
1233 4981 1373 5042 θρχονταιθ
1374 4979 1442 5028 αταί·
1454 4996 1528 5034 ουτως
1537 4980 1561 5027 ίν
1572 4985 1606 5040 τῳ
1619 4978 1665 5041 βιῳ
1674 4981 1696 5026 ολ
1707 4978 1748 5040 μὲν
1759 4979 1841 5038 ἄνδρα

248 5046 352 5108 Σιιύθην,
363 5047 468 5098 Μύσωνα
476 5051 516 5098 τὸν
526 5051 604 5106 Χννέα
611 5052 759 5114 ,Φερεκύδην
772 5053 812 5101 τὸν
825 5053 919 5115 Σύριον,
931 5051 1023 5112 Ἐπιμι-
1069 5049 1265 5134 ποθιίιδεις,θρη,
1278 5049 1373 5110 φυονται
1385 5050 1451 5106 δοίης
1460 5050 1499 5098 sal
1512 5049 1643 5105 πλεονεξίας
1653 5049 1764 5110 θηραταί·
1782 5051 1804 5096 ol
1817 5047 1840 5094 δὲ

248 5117 311 5175 νίθην
320 5118 359 5165 τὸν
371 5117 458 5178 Κρῆτα·
469 5118 525 5166 ἔνιοι
541 5133 581 5166 aaa
573 5119 758 5182 Πεισίστρατον
767 5121 839 5169 τὸν
813 5137 930 5182 τυραννον.
1069 5116 1186 5180 φιλόσοφοι
1200 5123 1240 5175 τῆς
1252 5117 1366 5175 &leiim
